{"gold_per_floor":[111,111,111,36,36,36,56,84,84,84,98,98,110,35,35,112,112,123,123,141,159,159,159,176,176,224,259,259,84,98,114,114,114],"floor_reached":33,"playtime":1278,"items_purged":["Strike_B","Strike_B"],"score":530,"play_id":"2f431390-8f54-45d3-a3b2-82e39ee6c789","local_time":"20190823180204","is_ascension_mode":true,"campfire_choices":[{"data":"Dualcast","floor":6,"key":"SMITH"},{"data":"Streamline","floor":10,"key":"SMITH"},{"data":"Cold Snap","floor":12,"key":"SMITH"},{"data":"Ball Lightning","floor":15,"key":"SMITH"},{"data":"Hologram","floor":23,"key":"SMITH"},{"floor":25,"key":"REST"},{"floor":28,"key":"REST"},{"floor":32,"key":"REST"}],"neow_cost":"NONE","seed_source_timestamp":1911200228584734,"circlet_count":0,"master_deck":["AscendersBane","Strike_B","Defend_B","Defend_B","Defend_B","Zap+1","Dualcast+1","Cold Snap+1","Streamline+1","Self Repair","Ball Lightning+1","Electrodynamics","BootSequence","Barrage+1","Hologram+1","Consume+1","Defragment","Go for the Eyes"],"relics":["Cracked Core","Ornamental Fan","Bottled Flame","Centennial Puzzle","Sozu","Pen Nib","Bag of Marbles"],"potions_floor_usage":[16,16],"damage_taken":[{"damage":4,"enemies":"Small Slimes","floor":1,"turns":3},{"damage":1,"enemies":"2 Louse","floor":7,"turns":2},{"damage":16,"enemies":"Lagavulin","floor":8,"turns":7},{"damage":0,"enemies":"Jaw Worm","floor":11,"turns":2},{"damage":0,"enemies":"Large Slime","floor":13,"turns":4},{"damage":4,"enemies":"Slime Boss","floor":16,"turns":8},{"damage":17,"enemies":"3 Byrds","floor":18,"turns":3},{"damage":24,"enemies":"Chosen","floor":20,"turns":4},{"damage":8,"enemies":"Centurion and Healer","floor":21,"turns":4},{"damage":9,"enemies":"Snake Plant","floor":24,"turns":3},{"damage":51,"enemies":"Gremlin Leader","floor":27,"turns":5},{"damage":16,"enemies":"Cultist and Chosen","floor":30,"turns":5},{"damage":5,"enemies":"Centurion and Healer","floor":31,"turns":3},{"damage":62,"enemies":"Champ","floor":33,"turns":9}],"seed_played":"2499775381055065549","potions_obtained":[{"floor":7,"key":"Explosive Potion"},{"floor":13,"key":"EssenceOfSteel"}],"is_trial":false,"path_per_floor":["M","?","?","?","?","R","M","E","T","R","M","R","M","$","R","B",null,"M","?","M","M","?","R","M","R","T","E","R","$","M","M","R","B"],"character_chosen":"DEFECT","items_purchased":["Defragment"],"campfire_rested":3,"item_purchase_floors":[29],"current_hp_per_floor":[60,53,53,53,48,48,47,31,31,31,31,31,38,38,38,41,64,54,54,37,36,36,36,34,55,55,11,32,32,23,25,46,0],"gold":114,"neow_bonus":"UPGRADE_CARD","is_prod":false,"is_daily":false,"chose_seed":false,"campfire_upgraded":5,"win_rate":0,"timestamp":1566550924,"path_taken":["M","?","?","?","?","R","?","E","T","R","M","R","M","$","R","BOSS","M","?","M","M","?","R","M","R","T","E","R","$","M","?","R","BOSS"],"build_version":"2019-07-17","purchased_purges":2,"victory":false,"max_hp_per_floor":[71,71,71,71,71,71,71,71,71,71,71,71,71,71,71,71,71,71,71,71,71,71,71,71,71,71,71,71,71,71,71,71,71],"card_choices":[{"not_picked":["Go for the Eyes","Streamline"],"picked":"Cold Snap","floor":1},{"not_picked":["Beam Cell","Fusion"],"picked":"Streamline","floor":7},{"not_picked":["Steam","Auto Shields"],"picked":"Self Repair","floor":8},{"not_picked":["Stack","Self Repair","Beam Cell"],"picked":"SKIP","floor":11},{"not_picked":["Beam Cell","Self Repair"],"picked":"Ball Lightning","floor":13},{"not_picked":["Seek","Rainbow"],"picked":"Electrodynamics","floor":16},{"not_picked":["Compile Driver","Ball Lightning"],"picked":"BootSequence","floor":18},{"not_picked":["Doom and Gloom","Blizzard"],"picked":"Barrage","floor":20},{"not_picked":["Compile Driver","Redo"],"picked":"Hologram","floor":21},{"not_picked":["Streamline","Redo","Rebound"],"picked":"SKIP","floor":24},{"not_picked":["Multi-Cast","White Noise"],"picked":"Consume+1","floor":27},{"not_picked":["Barrage","Streamline","Sweeping Beam"],"picked":"SKIP","floor":30},{"not_picked":["White Noise","Cold Snap"],"picked":"Go for the Eyes","floor":31}],"player_experience":563452,"relics_obtained":[{"floor":8,"key":"Bottled Flame"},{"floor":9,"key":"Centennial Puzzle"},{"floor":26,"key":"Pen Nib"},{"floor":27,"key":"Bag of Marbles"}],"event_choices":[{"cards_removed":["Strike_B"],"damage_healed":0,"gold_gain":0,"player_choice":"Card Removal","damage_taken":7,"max_hp_gain":0,"max_hp_loss":0,"event_name":"Golden Wing","floor":2,"gold_loss":0},{"damage_healed":0,"gold_gain":0,"player_choice":"Ignored","damage_taken":0,"max_hp_gain":0,"max_hp_loss":0,"event_name":"Golden Idol","floor":3,"gold_loss":0},{"cards_removed":["Defend_B"],"damage_healed":0,"gold_gain":0,"player_choice":"Card Removal","damage_taken":0,"max_hp_gain":0,"max_hp_loss":0,"event_name":"The Cleric","floor":4,"gold_loss":75},{"damage_healed":0,"gold_gain":0,"player_choice":"Success","damage_taken":5,"relics_obtained":["Ornamental Fan"],"max_hp_gain":0,"max_hp_loss":0,"event_name":"Scrap Ooze","floor":5,"gold_loss":0},{"damage_healed":0,"gold_gain":0,"player_choice":"Ignored","damage_taken":0,"max_hp_gain":0,"max_hp_loss":0,"event_name":"Cursed Tome","floor":19,"gold_loss":0},{"damage_healed":0,"gold_gain":0,"player_choice":"Forge","damage_taken":0,"max_hp_gain":0,"max_hp_loss":0,"event_name":"Accursed Blacksmith","floor":22,"gold_loss":0,"cards_upgraded":["Barrage"]}],"is_beta":false,"boss_relics":[{"not_picked":["Tiny House","Coffee Dripper"],"picked":"Sozu"}],"items_purged_floors":[14,29],"is_endless":false,"potions_floor_spawned":[7,13,18,24,31],"killed_by":"Champ","ascension_level":20}