{"gold_per_floor":[111,261,127,202,213,213,213,213,238,78,95,69,82,102,102,177,177,192,192,192,22,39,39,50,50,73,90,102,52,76,2,2,76,76,90,100,100,25,25],"floor_reached":39,"playtime":2165,"items_purged":["Doubt","Strike_B","Defend_B"],"score":842,"play_id":"29e4fda2-3a15-4129-a704-0e5394d76d65","local_time":"20190821200950","is_ascension_mode":true,"campfire_choices":[{"data":"Zap","floor":6,"key":"SMITH"},{"data":"Dualcast","floor":8,"key":"SMITH"},{"data":"Hologram","floor":15,"key":"SMITH"},{"data":"Capacitor","floor":23,"key":"SMITH"},{"floor":32,"key":"REST"}],"neow_cost":"NONE","seed_source_timestamp":1745185263590655,"circlet_count":0,"master_deck":["AscendersBane","Defend_B","Defend_B","Defend_B","Zap+1","Dualcast+1","Gash","Ball Lightning","Hologram+1","Gash","Go for the Eyes","All For One","Genetic Algorithm","Glacier","Cold Snap","Gash","Capacitor+1","Auto Shields+1","Loop","Conserve Battery","Self Repair","Machine Learning","Gash","Coolheaded","Madness","Madness","Gash"],"relics":["Cracked Core","Strawberry","DataDisk","Vajra","Sozu","Smiling Mask","Anchor","Empty Cage"],"potions_floor_usage":[16,33],"damage_taken":[{"damage":0,"enemies":"Small Slimes","floor":1,"turns":3},{"damage":3,"enemies":"2 Louse","floor":5,"turns":2},{"damage":12,"enemies":"Jaw Worm","floor":11,"turns":2},{"damage":3,"enemies":"Looter","floor":13,"turns":2},{"damage":2,"enemies":"Exordium Wildlife","floor":14,"turns":4},{"damage":0,"enemies":"Slime Boss","floor":16,"turns":5},{"damage":20,"enemies":"Shell Parasite","floor":18,"turns":3},{"damage":13,"enemies":"Chosen","floor":22,"turns":4},{"damage":13,"enemies":"Shelled Parasite and Fungi","floor":24,"turns":5},{"damage":24,"enemies":"Snake Plant","floor":27,"turns":3},{"damage":2,"enemies":"Sentry and Sphere","floor":28,"turns":5},{"damage":9,"enemies":"Champ","floor":33,"turns":8},{"damage":23,"enemies":"Orb Walker","floor":35,"turns":5},{"damage":14,"enemies":"3 Darklings","floor":36,"turns":6},{"damage":44,"enemies":"Transient","floor":39,"turns":5}],"seed_played":"7543731442297734554","potions_obtained":[{"floor":1,"key":"Strength Potion"},{"floor":5,"key":"Fire Potion"},{"floor":16,"key":"Energy Potion"}],"is_trial":false,"path_per_floor":["M","?","$","?","M","R","?","R","T","$","M","$","M","M","R","B",null,"M","?","?","$","M","R","M","?","T","M","M","$","T","$","R","B",null,"M","M","?","$","M"],"character_chosen":"DEFECT","items_purchased":["Gash","Vajra","Gash","Cold Snap","Gash","Capacitor","Self Repair","Gash"],"campfire_rested":1,"item_purchase_floors":[3,10,12,21,21,21,31,38],"current_hp_per_floor":[71,71,71,60,57,57,62,62,62,62,50,50,47,45,45,45,74,54,54,54,54,41,41,28,28,28,4,2,2,2,2,26,24,68,52,45,30,30,0],"gold":25,"neow_bonus":"RANDOM_COMMON_RELIC","is_prod":false,"is_daily":false,"chose_seed":false,"campfire_upgraded":4,"win_rate":0,"timestamp":1566385790,"path_taken":["M","?","$","?","M","R","?","R","T","$","M","?","M","M","R","BOSS","M","?","?","$","?","R","M","?","T","M","?","$","?","?","R","BOSS","M","M","?","$","M"],"build_version":"2019-07-17","purchased_purges":3,"victory":false,"max_hp_per_floor":[78,78,78,78,78,78,83,83,83,83,83,83,83,83,83,83,83,83,83,83,83,83,83,83,83,83,83,83,83,83,83,83,83,83,83,83,83,83,83],"card_choices":[{"not_picked":["Melter","Double Energy","Rebound"],"picked":"SKIP","floor":1},{"not_picked":["Double Energy","Turbo"],"picked":"Ball Lightning","floor":5},{"not_picked":["Sunder","Skim"],"picked":"Hologram","floor":11},{"not_picked":["Ball Lightning","Steam","Sweeping Beam"],"picked":"SKIP","floor":13},{"not_picked":["White Noise","Rebound"],"picked":"Go for the Eyes","floor":14},{"not_picked":["Amplify","Biased Cognition"],"picked":"All For One","floor":16},{"not_picked":["Hello World","Melter"],"picked":"Genetic Algorithm","floor":18},{"not_picked":["Go for the Eyes+1","Cold Snap"],"picked":"Auto Shields+1","floor":22},{"not_picked":["Steam","Genetic Algorithm"],"picked":"Loop","floor":24},{"not_picked":["Hello World","Fusion"],"picked":"Conserve Battery","floor":27},{"not_picked":["Stack","Conserve Battery","Tempest"],"picked":"SKIP","floor":28},{"not_picked":["Stack","Conserve Battery","Tempest"],"picked":"SKIP","floor":28},{"not_picked":["Rainbow","Reboot"],"picked":"Machine Learning","floor":33},{"not_picked":["Self Repair+1","Hello World"],"picked":"Gash","floor":35},{"not_picked":["Leap","Sweeping Beam"],"picked":"Coolheaded","floor":36}],"player_experience":532887,"relics_obtained":[{"floor":9,"key":"DataDisk"},{"floor":26,"key":"Smiling Mask"},{"floor":30,"key":"Anchor"}],"event_choices":[{"damage_healed":0,"gold_gain":150,"player_choice":"AGREE","damage_taken":0,"max_hp_gain":0,"max_hp_loss":0,"event_name":"Liars Game","floor":2,"gold_loss":0,"cards_obtained":["Doubt"]},{"damage_healed":0,"gold_gain":75,"player_choice":"Gather Gold","damage_taken":11,"max_hp_gain":0,"max_hp_loss":0,"event_name":"World of Goop","floor":4,"gold_loss":0},{"damage_healed":0,"gold_gain":0,"player_choice":"Donut","damage_taken":0,"max_hp_gain":5,"max_hp_loss":0,"event_name":"Big Fish","floor":7,"gold_loss":0},{"damage_healed":0,"gold_gain":0,"player_choice":"Read","damage_taken":0,"max_hp_gain":0,"max_hp_loss":0,"event_name":"The Library","floor":19,"gold_loss":0,"cards_obtained":["Glacier"]},{"cards_removed":["Strike_B"],"damage_healed":0,"gold_gain":0,"player_choice":"Offered Basic","damage_taken":0,"max_hp_gain":0,"max_hp_loss":0,"event_name":"Bonfire Elementals","floor":20,"gold_loss":0},{"damage_healed":0,"gold_gain":0,"player_choice":"Leave","damage_taken":0,"max_hp_gain":0,"max_hp_loss":0,"event_name":"FaceTrader","floor":25,"gold_loss":0},{"damage_healed":0,"gold_gain":0,"player_choice":"Embrace Madness","damage_taken":15,"max_hp_gain":0,"max_hp_loss":0,"event_name":"Winding Halls","floor":37,"gold_loss":0,"cards_obtained":["Madness","Madness"]}],"is_beta":false,"boss_relics":[{"not_picked":["Nuclear Battery","Pandora\u0027s Box"],"picked":"Sozu"},{"not_picked":["Runic Dome","White Beast Statue"],"picked":"Empty Cage"}],"items_purged_floors":[3,29,38],"is_endless":false,"potions_floor_spawned":[1,5,14,16,18,24,33,36],"killed_by":"Transient","ascension_level":19}