{"gold_per_floor":[113,213,228,114,14,39,39,70,95,95,15,29,44,61,61,164,164,176,196,196,196,295,295,323,323,323,339,354,354,122,151,151,252,252,268,68,83,0,14,14,49,63,63,95,115,115,132,186,186,186],"floor_reached":51,"playtime":7559,"items_purged":["Defend_B","Strike_B","Strike_B"],"score":1167,"play_id":"f8c3266b-a5f7-4060-bbb4-96a64ab189ba","local_time":"20190715100537","is_ascension_mode":true,"campfire_choices":[{"data":"Zap","floor":7,"key":"SMITH"},{"data":"Dualcast","floor":10,"key":"SMITH"},{"data":"Reinforced Body","floor":15,"key":"SMITH"},{"data":"Defragment","floor":23,"key":"SMITH"},{"data":"Blizzard","floor":25,"key":"SMITH"},{"floor":29,"key":"REST"},{"data":"Buffer","floor":32,"key":"SMITH"},{"data":"Echo Form","floor":40,"key":"SMITH"},{"data":"Blizzard","floor":46,"key":"SMITH"},{"data":"Coolheaded","floor":49,"key":"SMITH"}],"neow_cost":"NONE","seed_source_timestamp":719613276914254,"circlet_count":0,"master_deck":["Strike_B","Strike_B","Defend_B","Defend_B","Defend_B","Zap+1","Dualcast+1","Reinforced Body+1","Blizzard+1","Defragment+1","Cold Snap","FTL","Coolheaded+1","Amplify","Steam+1","Buffer+1","Self Repair","Conserve Battery+1","Echo Form+1","Streamline","Blizzard+1","Hologram+1","Glacier+1","Normality","Barrage+1"],"relics":["FrozenCore","NeowsBlessing","Bag of Preparation","Centennial Puzzle","Strawberry","Calipers","Question Card","Runic Capacitor","Juzu Bracelet","Cursed Key","Red Mask","Shovel","Symbiotic Virus","DataDisk","Prayer Wheel"],"potions_floor_usage":[8,19,24,24,28,45],"damage_taken":[{"damage":0,"enemies":"Small Slimes","floor":1,"turns":1},{"damage":0,"enemies":"Cultist","floor":3,"turns":1},{"damage":0,"enemies":"Lagavulin","floor":6,"turns":1},{"damage":33,"enemies":"3 Sentries","floor":8,"turns":8},{"damage":0,"enemies":"Jaw Worm","floor":12,"turns":2},{"damage":0,"enemies":"Exordium Wildlife","floor":13,"turns":2},{"damage":2,"enemies":"2 Fungi Beasts","floor":14,"turns":2},{"damage":13,"enemies":"Hexaghost","floor":16,"turns":12},{"damage":0,"enemies":"Spheric Guardian","floor":18,"turns":5},{"damage":10,"enemies":"3 Byrds","floor":19,"turns":6},{"damage":31,"enemies":"Book of Stabbing","floor":24,"turns":10},{"damage":7,"enemies":"Shelled Parasite and Fungi","floor":27,"turns":8},{"damage":0,"enemies":"3 Cultists","floor":28,"turns":7},{"damage":33,"enemies":"Slavers","floor":31,"turns":9},{"damage":0,"enemies":"Champ","floor":33,"turns":21},{"damage":5,"enemies":"Orb Walker","floor":35,"turns":7},{"damage":2,"enemies":"3 Shapes","floor":37,"turns":7},{"damage":0,"enemies":"Maw","floor":39,"turns":11},{"damage":0,"enemies":"Giant Head","floor":41,"turns":14},{"damage":0,"enemies":"Spire Growth","floor":42,"turns":8},{"damage":18,"enemies":"Nemesis","floor":44,"turns":13},{"damage":0,"enemies":"Jaw Worm Horde","floor":45,"turns":8},{"damage":0,"enemies":"3 Darklings","floor":47,"turns":6},{"damage":13,"enemies":"2 Orb Walkers","floor":48,"turns":9},{"damage":9,"enemies":"Time Eater","floor":50,"turns":14}],"seed_played":"-4255635416501698130","potions_obtained":[{"floor":1,"key":"Regen Potion"},{"floor":3,"key":"GamblersBrew"},{"floor":14,"key":"Fire Potion"},{"floor":16,"key":"PowerPotion"},{"floor":27,"key":"SkillPotion"},{"floor":28,"key":"FearPotion"},{"floor":31,"key":"Energy Potion"},{"floor":33,"key":"SteroidPotion"},{"floor":35,"key":"Dexterity Potion"},{"floor":37,"key":"GamblersBrew"}],"is_trial":false,"path_per_floor":["M","?","M","$","$","E","R","E","T","R","$","M","M","M","R","B",null,"M","M","?","?","?","R","E","R","T","M","M","R","$","E","R","B",null,"M","$","M","?","M","R","E","M","T","E","M","R","M","?","R","B",null],"character_chosen":"DEFECT","items_purchased":["Defragment","FTL","Runic Capacitor","Self Repair","Blizzard"],"campfire_rested":1,"item_purchase_floors":[4,11,30,30,36],"current_hp_per_floor":[68,68,68,68,68,68,68,50,57,57,57,57,57,55,55,42,72,72,62,46,46,46,46,15,15,15,8,8,34,34,8,8,15,69,78,78,83,83,87,87,87,87,87,83,87,87,87,87,87,85],"gold":186,"neow_bonus":"THREE_ENEMY_KILL","is_prod":false,"is_daily":false,"chose_seed":false,"campfire_upgraded":9,"win_rate":0,"timestamp":1563152737,"path_taken":["M","?","M","?","$","E","R","E","T","R","$","M","M","M","R","BOSS","M","M","?","?","?","R","E","R","T","M","M","R","$","E","R","BOSS","M","$","M","?","M","R","E","M","T","E","M","R","M","?","R","BOSS"],"build_version":"2019-07-05","purchased_purges":3,"victory":true,"max_hp_per_floor":[75,75,75,75,75,75,75,75,82,82,82,82,82,82,82,82,82,82,82,87,87,87,87,87,87,87,87,87,87,87,87,87,87,87,87,87,87,87,87,87,87,87,87,87,87,87,87,87,87,87],"card_choices":[{"not_picked":["Hello World","Chaos"],"picked":"Reinforced Body","floor":1},{"not_picked":["Cold Snap","Redo"],"picked":"Blizzard","floor":3},{"not_picked":["Leap","Reinforced Body","Tempest"],"picked":"SKIP","floor":6},{"not_picked":["Leap","Barrage"],"picked":"Cold Snap","floor":8},{"not_picked":["Undo","Go for the Eyes","Double Energy"],"picked":"SKIP","floor":12},{"not_picked":["Stack","Leap","Compile Driver"],"picked":"SKIP","floor":13},{"not_picked":["Melter","Compile Driver"],"picked":"Coolheaded","floor":14},{"not_picked":["Meteor Strike","Hyperbeam"],"picked":"Amplify","floor":16},{"not_picked":["Redo+1","Sweeping Beam","Barrage"],"picked":"SKIP","floor":18},{"not_picked":["Coolheaded","BootSequence"],"picked":"Steam+1","floor":19},{"not_picked":["Ball Lightning","Compile Driver","Sunder"],"picked":"SKIP","floor":24},{"not_picked":["Scrape","Static Discharge","Conserve Battery"],"picked":"Buffer","floor":27},{"not_picked":["Rebound","Leap","Beam Cell","Aggregate+1"],"picked":"SKIP","floor":28},{"not_picked":["Cold Snap","Sweeping Beam","Rebound+1"],"picked":"Conserve Battery+1","floor":31},{"not_picked":["Buffer","Reboot","Rainbow"],"picked":"Echo Form","floor":33},{"not_picked":["Steam Power+1","Coolheaded+1","Redo+1"],"picked":"Streamline","floor":35},{"not_picked":["Lockon","Beam Cell","Self Repair"],"picked":"Hologram+1","floor":37},{"not_picked":["Steam+1","White Noise","Leap+1"],"picked":"Glacier+1","floor":39},{"not_picked":["Barrage","Melter","Genetic Algorithm","Glacier"],"picked":"SKIP","floor":41},{"not_picked":["Go for the Eyes+1","Hologram+1","Auto Shields","Doom and Gloom"],"picked":"SKIP","floor":42},{"not_picked":["Conserve Battery+1","Self Repair+1","Fission","Glacier"],"picked":"SKIP","floor":44},{"not_picked":["Compile Driver+1","Melter+1","Glacier"],"picked":"Barrage+1","floor":45},{"not_picked":["Heatsinks","Storm+1","Compile Driver","Leap+1"],"picked":"SKIP","floor":47}],"player_experience":274708,"relics_obtained":[{"floor":6,"key":"Bag of Preparation"},{"floor":8,"key":"Centennial Puzzle"},{"floor":9,"key":"Strawberry"},{"floor":24,"key":"Calipers"},{"floor":26,"key":"Question Card"},{"floor":31,"key":"Juzu Bracelet"},{"floor":41,"key":"Shovel"},{"floor":43,"key":"Symbiotic Virus"},{"floor":44,"key":"DataDisk"},{"floor":48,"key":"Prayer Wheel"}],"event_choices":[{"damage_healed":0,"gold_gain":100,"player_choice":"Gold","damage_taken":0,"max_hp_gain":0,"max_hp_loss":0,"event_name":"Wheel of Change","floor":2,"gold_loss":0},{"damage_healed":0,"gold_gain":0,"player_choice":"Shed Blood","damage_taken":21,"max_hp_gain":5,"max_hp_loss":0,"event_name":"Forgotten Altar","floor":20,"gold_loss":0},{"damage_healed":0,"gold_gain":0,"player_choice":"Ignored","damage_taken":0,"max_hp_gain":0,"max_hp_loss":0,"event_name":"Cursed Tome","floor":21,"gold_loss":0},{"damage_healed":0,"gold_gain":99,"player_choice":"Stole From Cult","damage_taken":0,"max_hp_gain":0,"max_hp_loss":0,"event_name":"Nest","floor":22,"gold_loss":0},{"damage_healed":0,"gold_gain":0,"player_choice":"Paid","damage_taken":0,"relics_obtained":["Red Mask"],"max_hp_gain":0,"max_hp_loss":0,"event_name":"Tomb of Lord Red Mask","floor":38,"gold_loss":83},{"damage_healed":0,"gold_gain":0,"player_choice":"Fight","damage_taken":0,"max_hp_gain":0,"max_hp_loss":0,"event_name":"Mysterious Sphere","floor":48,"gold_loss":0}],"is_beta":false,"boss_relics":[{"not_picked":["Empty Cage","Velvet Choker"],"picked":"FrozenCore"},{"not_picked":["Nuclear Battery","Runic Dome"],"picked":"Cursed Key"}],"items_purged_floors":[4,5,36],"is_endless":false,"potions_floor_spawned":[1,3,14,16,27,28,31,33,35,37,41,44],"ascension_level":9}