{"gold_per_floor":[114,114,114,134,22,49,49,84,84,84,107,107,119,133,133,231,231,251,173,273,289,289,317,317,317,364,394,106,106,123,34,34,133,133,146,146,446,155,168,168,202,202,202,202,202,230,16,26,26,26],"floor_reached":50,"playtime":7821,"items_purged":["Strike_G","Writhe","Defend_G","Defend_G","Shame"],"score":769,"play_id":"dd65eb93-b54f-4062-aaf9-13ef474f7d9c","local_time":"20190720021918","is_ascension_mode":true,"campfire_choices":[{"data":"Concentrate","floor":7,"key":"SMITH"},{"floor":10,"key":"REST"},{"floor":15,"key":"REST"},{"floor":24,"key":"REST"},{"floor":29,"key":"REST"},{"data":"Bullet Time","floor":32,"key":"SMITH"},{"data":"Adrenaline","floor":40,"key":"SMITH"},{"data":"Footwork","floor":42,"key":"SMITH"},{"data":"Pain","floor":45,"key":"PURGE"},{"floor":49,"key":"REST"}],"neow_cost":"NONE","seed_source_timestamp":371975018134300,"circlet_count":0,"master_deck":["Strike_G","Defend_G+1","Defend_G","Survivor","Neutralize+1","Acrobatics+1","PiercingWail+1","Backstab","Concentrate+1","Adrenaline+1","Leg Sweep","Envenom","Blade Dance+1","Infinite Blades","Glass Knife","After Image+1","Unload+1","Bane+1","Quick Slash","Well Laid Plans","Predator+1","Cloak And Dagger","Calculated Gamble","Bullet Time+1","Footwork+1","Accuracy","After Image","Cloak And Dagger","Enlightenment","Madness","Bandage Up","Deflect+1","Footwork"],"relics":["Ring of the Snake","NeowsBlessing","Calipers","The Specimen","Blue Candle","Odd Mushroom","Astrolabe","Torii","Smiling Mask","Nilry\u0027s Codex","Lantern","Peace Pipe","Cursed Key","War Paint","Juzu Bracelet","Tingsha","WarpedTongs","Gremlin Horn"],"potions_floor_usage":[8,8,16,23,27,33,41,50,50,50],"damage_taken":[{"damage":0,"enemies":"Jaw Worm","floor":1,"turns":1},{"damage":0,"enemies":"Cultist","floor":4,"turns":1},{"damage":0,"enemies":"Lagavulin","floor":6,"turns":1},{"damage":37,"enemies":"Gremlin Nob","floor":8,"turns":7},{"damage":20,"enemies":"The Mushroom Lair","floor":11,"turns":6},{"damage":0,"enemies":"2 Louse","floor":13,"turns":2},{"damage":4,"enemies":"Large Slime","floor":14,"turns":9},{"damage":6,"enemies":"The Guardian","floor":16,"turns":16},{"damage":2,"enemies":"Chosen","floor":18,"turns":6},{"damage":0,"enemies":"3 Byrds","floor":21,"turns":4},{"damage":19,"enemies":"Slavers","floor":23,"turns":7},{"damage":2,"enemies":"Book of Stabbing","floor":27,"turns":6},{"damage":9,"enemies":"3 Cultists","floor":30,"turns":6},{"damage":0,"enemies":"Champ","floor":33,"turns":13},{"damage":1,"enemies":"3 Darklings","floor":35,"turns":4},{"damage":6,"enemies":"Orb Walker","floor":39,"turns":3},{"damage":10,"enemies":"Nemesis","floor":41,"turns":9},{"damage":34,"enemies":"Giant Head","floor":46,"turns":9},{"damage":0,"enemies":"4 Shapes","floor":48,"turns":4},{"damage":51,"enemies":"Time Eater","floor":50,"turns":6}],"seed_played":"9211893160215824363","potions_obtained":[{"floor":4,"key":"EssenceOfSteel"},{"floor":6,"key":"Block Potion"},{"floor":13,"key":"PowerPotion"},{"floor":14,"key":"Block Potion"},{"floor":16,"key":"Swift Potion"},{"floor":30,"key":"PowerPotion"},{"floor":35,"key":"Block Potion"},{"floor":41,"key":"LiquidBronze"},{"floor":48,"key":"PowerPotion"}],"is_trial":false,"path_per_floor":["M","?","?","M","$","E","R","E","T","R","?","?","M","M","R","B",null,"M","$","?","M","?","E","R","?","T","E","$","R","M","$","R","B",null,"M","?","?","$","M","R","E","R","T","?","R","E","$","M","R","B"],"character_chosen":"THE_SILENT","items_purchased":["Backstab","Well Laid Plans","Bullet Time","Footwork","Accuracy","Bandage Up","War Paint","Footwork","GhostInAJar","Block Potion"],"campfire_rested":5,"item_purchase_floors":[5,19,28,28,31,38,38,47,47,47],"current_hp_per_floor":[70,56,56,56,56,56,56,19,19,40,20,20,20,16,37,31,60,58,58,58,58,58,39,60,44,44,42,42,63,54,54,54,54,66,65,60,60,60,54,54,48,48,48,48,48,18,18,22,43,0],"gold":26,"neow_bonus":"THREE_ENEMY_KILL","is_prod":false,"is_daily":false,"chose_seed":false,"campfire_upgraded":4,"win_rate":0,"timestamp":1563603558,"path_taken":["M","?","?","?","$","E","R","E","T","R","?","?","M","M","R","BOSS","M","$","?","?","?","E","R","?","T","E","?","R","?","$","R","BOSS","M","?","?","$","M","R","E","R","T","?","R","E","$","M","R","BOSS"],"build_version":"2019-07-17","purchased_purges":5,"victory":false,"max_hp_per_floor":[70,70,70,70,70,70,70,70,70,70,70,70,70,70,70,70,70,70,70,70,70,70,70,70,70,70,70,70,70,70,70,70,70,70,70,70,70,70,70,70,70,70,70,70,70,70,70,70,70,70],"card_choices":[{"not_picked":["Outmaneuver","Choke"],"picked":"Acrobatics","floor":1},{"not_picked":["Underhanded Strike","Dagger Throw"],"picked":"PiercingWail","floor":4},{"not_picked":["All Out Attack","Tactician"],"picked":"Concentrate","floor":6},{"not_picked":["Blade Dance","PiercingWail"],"picked":"Adrenaline","floor":8},{"not_picked":["Blur","Slice"],"picked":"Leg Sweep","floor":11},{"not_picked":["Prepared","Underhanded Strike"],"picked":"Blade Dance","floor":13},{"not_picked":["Storm of Steel","Sucker Punch"],"picked":"Infinite Blades","floor":14},{"not_picked":["Night Terror","Grand Finale"],"picked":"Glass Knife","floor":16},{"not_picked":["Sucker Punch","Underhanded Strike"],"picked":"Quick Slash","floor":18},{"not_picked":["Masterful Stab","Deadly Poison"],"picked":"Predator+1","floor":21},{"not_picked":["Sucker Punch","Slice+1"],"picked":"Cloak And Dagger","floor":23},{"not_picked":["Quick Slash","Bane+1"],"picked":"Calculated Gamble","floor":27},{"not_picked":["Quick Slash","Acrobatics+1","Choke"],"picked":"SKIP","floor":30},{"not_picked":["Night Terror","Adrenaline"],"picked":"After Image","floor":33},{"not_picked":["Heel Hook","Dagger Spray"],"picked":"Cloak And Dagger","floor":35},{"not_picked":["The Bomb","Purity"],"picked":"Enlightenment","floor":36},{"not_picked":["Sadistic Nature","The Bomb"],"picked":"Madness","floor":36},{"not_picked":["Underhanded Strike","Flechettes"],"picked":"Deflect+1","floor":39},{"not_picked":["Deadly Poison+1","Dagger Spray+1","Tactician"],"picked":"SKIP","floor":41},{"not_picked":["Reflex+1","Underhanded Strike","Dagger Throw+1"],"picked":"SKIP","floor":46},{"not_picked":["Calculated Gamble+1","Slice+1","Bane"],"picked":"SKIP","floor":48}],"player_experience":259281,"relics_obtained":[{"floor":6,"key":"Calipers"},{"floor":8,"key":"The Specimen"},{"floor":9,"key":"Blue Candle"},{"floor":11,"key":"Odd Mushroom"},{"floor":23,"key":"Smiling Mask"},{"floor":25,"key":"Nilry\u0027s Codex"},{"floor":26,"key":"Lantern"},{"floor":27,"key":"Peace Pipe"},{"floor":41,"key":"Juzu Bracelet"},{"floor":43,"key":"Tingsha"},{"floor":46,"key":"Gremlin Horn"}],"event_choices":[{"damage_healed":0,"gold_gain":0,"player_choice":"Entered Light","damage_taken":14,"max_hp_gain":0,"max_hp_loss":0,"event_name":"Shining Light","floor":2,"gold_loss":0,"cards_upgraded":["Acrobatics","Defend_G"]},{"damage_healed":0,"gold_gain":0,"player_choice":"Upgraded","damage_taken":0,"max_hp_gain":0,"max_hp_loss":0,"event_name":"Upgrade Shrine","floor":3,"gold_loss":0,"cards_upgraded":["Neutralize"]},{"damage_healed":0,"gold_gain":0,"player_choice":"Fought Mushrooms","damage_taken":0,"max_hp_gain":0,"max_hp_loss":0,"event_name":"Mushrooms","floor":11,"gold_loss":0},{"damage_healed":0,"gold_gain":0,"cards_transformed":["Strike_G"],"player_choice":"Change","damage_taken":0,"max_hp_gain":0,"max_hp_loss":0,"event_name":"Living Wall","floor":12,"gold_loss":0,"cards_obtained":["Envenom"]},{"damage_healed":0,"gold_gain":100,"player_choice":"Pray","damage_taken":0,"max_hp_gain":0,"max_hp_loss":0,"event_name":"Golden Shrine","floor":20,"gold_loss":0},{"damage_healed":0,"gold_gain":0,"player_choice":"Opened","damage_taken":0,"relics_obtained":["Torii"],"max_hp_gain":0,"max_hp_loss":0,"event_name":"The Mausoleum","floor":22,"gold_loss":0,"cards_obtained":["Writhe"]},{"damage_healed":0,"gold_gain":0,"player_choice":"Obtained Book","damage_taken":16,"max_hp_gain":0,"max_hp_loss":0,"event_name":"Cursed Tome","floor":25,"gold_loss":0},{"damage_healed":0,"gold_gain":0,"player_choice":"Memory 2","damage_taken":5,"max_hp_gain":0,"max_hp_loss":0,"event_name":"SensoryStone","floor":36,"gold_loss":0},{"damage_healed":0,"gold_gain":300,"player_choice":"Gold","damage_taken":0,"max_hp_gain":0,"max_hp_loss":0,"event_name":"Wheel of Change","floor":37,"gold_loss":0},{"damage_healed":0,"gold_gain":0,"player_choice":"Rummage","damage_taken":0,"relics_obtained":["WarpedTongs"],"max_hp_gain":0,"max_hp_loss":0,"event_name":"Accursed Blacksmith","floor":44,"gold_loss":0,"cards_obtained":["Pain"]}],"is_beta":false,"boss_relics":[{"not_picked":["Runic Dome","White Beast Statue"],"picked":"Astrolabe"},{"not_picked":["Tiny House","HoveringKite"],"picked":"Cursed Key"}],"items_purged_floors":[5,28,31,38,47],"is_endless":false,"potions_floor_spawned":[4,6,13,14,16,30,35,41,48],"killed_by":"Time Eater","ascension_level":5}