{"gold_per_floor":[119,3,3,3,13,13,46,60,128,128,128,142,142,172,172,275,275,287,46,46,46,77,77,77,88,88,101,101,127,147,175,175,277,277,287,51,66,66,86,86,113,36,88,104,104,122,135,148,148,148],"floor_reached":51,"playtime":4866,"items_purged":["Anger"],"score":903,"play_id":"875d5e69-63db-4480-8441-3882952fcfd5","local_time":"20190724234523","is_ascension_mode":true,"campfire_choices":[{"data":"True Grit","floor":6,"key":"SMITH"},{"data":"Demon Form","floor":10,"key":"SMITH"},{"floor":13,"key":"REST"},{"floor":15,"key":"REST"},{"data":"Perfected Strike","floor":23,"key":"SMITH"},{"data":"Perfected Strike","floor":28,"key":"SMITH"},{"floor":32,"key":"REST"},{"data":"Fiend Fire","floor":40,"key":"SMITH"},{"floor":45,"key":"REST"},{"floor":49,"key":"REST"}],"neow_cost":"NONE","seed_source_timestamp":105408814324381,"circlet_count":0,"master_deck":["Strike_R+1","Strike_R","Strike_R+1","Defend_R","Defend_R","Defend_R","Defend_R","Bash","Shrug It Off","Disarm","Evolve","Battle Trance","True Grit+1","Battle Trance","Demon Form+1","Pommel Strike","Dark Embrace","Perfected Strike+1","Perfected Strike+1","Wild Strike","Cleave+1","Metallicize+1","Pommel Strike","Blood for Blood","Juggernaut+1","Wild Strike+1","Immolate","Armaments+1","Writhe","Fiend Fire+1","Flame Barrier+1","Shockwave","Iron Wave","Uppercut+1","Clothesline"],"relics":["Burning Blood","Bronze Scales","Self Forming Clay","Sundial","Snecko Eye","Frozen Egg 2","Red Mask","CultistMask","Nunchaku","Mercury Hourglass","Red Skull","Runic Cube","Ornamental Fan","Boot"],"potions_floor_usage":[16,16,22,29,33,33,37,41,41,44,46],"damage_taken":[{"damage":4,"enemies":"Jaw Worm","floor":1,"turns":6},{"damage":0,"enemies":"2 Louse","floor":5,"turns":3},{"damage":35,"enemies":"Lagavulin","floor":7,"turns":10},{"damage":0,"enemies":"Cultist","floor":8,"turns":4},{"damage":11,"enemies":"Looter","floor":12,"turns":3},{"damage":22,"enemies":"3 Sentries","floor":14,"turns":6},{"damage":20,"enemies":"Slime Boss","floor":16,"turns":7},{"damage":3,"enemies":"Chosen","floor":18,"turns":5},{"damage":19,"enemies":"Masked Bandits","floor":22,"turns":4},{"damage":5,"enemies":"Shell Parasite","floor":25,"turns":3},{"damage":7,"enemies":"Centurion and Healer","floor":27,"turns":5},{"damage":17,"enemies":"Slavers","floor":29,"turns":5},{"damage":5,"enemies":"Snecko","floor":30,"turns":3},{"damage":12,"enemies":"Gremlin Leader","floor":31,"turns":5},{"damage":72,"enemies":"Collector","floor":33,"turns":8},{"damage":14,"enemies":"3 Darklings","floor":35,"turns":4},{"damage":0,"enemies":"Orb Walker","floor":37,"turns":2},{"damage":14,"enemies":"Transient","floor":39,"turns":5},{"damage":66,"enemies":"Giant Head","floor":41,"turns":7},{"damage":12,"enemies":"3 Darklings","floor":44,"turns":3},{"damage":10,"enemies":"Jaw Worm Horde","floor":46,"turns":2},{"damage":3,"enemies":"Maw","floor":47,"turns":5},{"damage":1,"enemies":"3 Darklings","floor":48,"turns":3},{"damage":57,"enemies":"Time Eater","floor":50,"turns":6}],"seed_played":"-8561977863130904015","potions_obtained":[{"floor":5,"key":"EssenceOfSteel"},{"floor":7,"key":"SteroidPotion"},{"floor":14,"key":"EssenceOfSteel"},{"floor":16,"key":"Fire Potion"},{"floor":22,"key":"Dexterity Potion"},{"floor":25,"key":"Dexterity Potion"},{"floor":29,"key":"Poison Potion"},{"floor":33,"key":"Block Potion"},{"floor":37,"key":"Regen Potion"},{"floor":41,"key":"GamblersBrew"},{"floor":48,"key":"SteroidPotion"}],"is_trial":false,"path_per_floor":["M","$","?","?","M","R","E","M","T","R","?","M","R","E","R","B",null,"M","$","?","$","?","R","?","M","T","M","R","E","M","E","R","B",null,"M","$","M","?","M","R","E","$","T","M","R","M","M","M","R","B",null],"character_chosen":"IRONCLAD","items_purchased":["Disarm","Evolve","Frozen Egg 2","Immolate","GamblersBrew"],"campfire_rested":5,"item_purchase_floors":[2,2,19,36,42],"current_hp_per_floor":[82,82,64,64,70,70,41,47,47,47,47,42,68,52,78,64,82,85,85,85,85,72,72,72,73,73,72,72,61,62,56,82,16,70,62,62,68,88,80,80,34,34,34,28,54,50,53,58,84,33],"gold":148,"neow_bonus":"TEN_PERCENT_HP_BONUS","is_prod":false,"is_daily":false,"chose_seed":false,"campfire_upgraded":5,"win_rate":0,"timestamp":1564026323,"path_taken":["M","$","?","?","M","R","E","M","T","R","?","M","R","E","R","BOSS","M","$","?","$","?","R","?","M","T","M","R","E","?","E","R","BOSS","M","$","M","?","M","R","E","$","T","M","R","M","M","M","R","BOSS"],"build_version":"2019-07-17","purchased_purges":1,"victory":true,"max_hp_per_floor":[88,88,88,88,88,88,88,88,88,88,88,88,88,88,88,88,88,88,88,88,88,88,88,88,88,88,88,88,88,88,88,88,88,88,88,88,88,88,88,88,88,88,88,88,88,88,88,88,88,88],"card_choices":[{"not_picked":["Body Slam","Flex"],"picked":"Shrug It Off","floor":1},{"not_picked":["Anger","Warcry"],"picked":"True Grit","floor":5},{"not_picked":["Clothesline","Cleave"],"picked":"Battle Trance","floor":7},{"not_picked":["Hemokinesis","Sever Soul"],"picked":"Demon Form","floor":8},{"not_picked":["Clash","Shrug It Off"],"picked":"Pommel Strike","floor":12},{"not_picked":["Brutality","Heavy Blade"],"picked":"Anger","floor":14},{"not_picked":["Barricade","Berserk"],"picked":"Dark Embrace","floor":16},{"not_picked":["Armaments","Pommel Strike"],"picked":"Perfected Strike","floor":18},{"not_picked":["Sword Boomerang","Twin Strike"],"picked":"Wild Strike","floor":22},{"not_picked":["Searing Blow","Iron Wave"],"picked":"Cleave+1","floor":25},{"not_picked":["Twin Strike","Sword Boomerang"],"picked":"Metallicize+1","floor":27},{"not_picked":["Havoc+1","Warcry","Intimidate+1"],"picked":"SKIP","floor":29},{"not_picked":["Cleave","Dropkick+1"],"picked":"Pommel Strike","floor":30},{"not_picked":["Evolve+1","Infernal Blade+1"],"picked":"Blood for Blood","floor":31},{"not_picked":["Feed","Offering"],"picked":"Juggernaut+1","floor":33},{"not_picked":["Clash+1","Anger+1"],"picked":"Wild Strike+1","floor":35},{"not_picked":["Cleave+1","Sever Soul+1"],"picked":"Armaments+1","floor":37},{"not_picked":["Anger+1","Intimidate"],"picked":"Fiend Fire","floor":39},{"not_picked":["Dual Wield+1","Pommel Strike+1"],"picked":"Flame Barrier+1","floor":41},{"not_picked":["Disarm+1","Warcry+1"],"picked":"Shockwave","floor":44},{"not_picked":["Flex","Reckless Charge"],"picked":"Iron Wave","floor":46},{"not_picked":["Iron Wave","Second Wind+1"],"picked":"Uppercut+1","floor":47},{"not_picked":["Dropkick+1","Havoc"],"picked":"Clothesline","floor":48}],"player_experience":310594,"relics_obtained":[{"floor":7,"key":"Bronze Scales"},{"floor":9,"key":"Self Forming Clay"},{"floor":14,"key":"Sundial"},{"floor":22,"key":"Red Mask"},{"floor":26,"key":"Nunchaku"},{"floor":29,"key":"Mercury Hourglass"},{"floor":31,"key":"Red Skull"},{"floor":41,"key":"Ornamental Fan"},{"floor":43,"key":"Boot"}],"event_choices":[{"damage_healed":0,"gold_gain":0,"player_choice":"Entered Light","damage_taken":18,"max_hp_gain":0,"max_hp_loss":0,"event_name":"Shining Light","floor":3,"gold_loss":0,"cards_upgraded":["Strike_R","Strike_R"]},{"damage_healed":0,"gold_gain":0,"cards_transformed":["Strike_R"],"player_choice":"Change","damage_taken":0,"max_hp_gain":0,"max_hp_loss":0,"event_name":"Living Wall","floor":4,"gold_loss":0,"cards_obtained":["Battle Trance"]},{"cards_removed":["Strike_R"],"damage_healed":0,"gold_gain":0,"player_choice":"Purged","damage_taken":0,"max_hp_gain":0,"max_hp_loss":0,"event_name":"Purifier","floor":11,"gold_loss":0},{"damage_healed":0,"gold_gain":0,"player_choice":"Read","damage_taken":0,"max_hp_gain":0,"max_hp_loss":0,"event_name":"The Library","floor":20,"gold_loss":0,"cards_obtained":["Perfected Strike"]},{"damage_healed":0,"gold_gain":0,"player_choice":"Fought Bandits","damage_taken":0,"max_hp_gain":0,"max_hp_loss":0,"event_name":"Masked Bandits","floor":22,"gold_loss":0},{"damage_healed":0,"gold_gain":0,"player_choice":"Trade","damage_taken":0,"relics_obtained":["CultistMask"],"max_hp_gain":0,"max_hp_loss":0,"event_name":"FaceTrader","floor":24,"gold_loss":0},{"damage_healed":22,"gold_gain":0,"player_choice":"Writhe","damage_taken":0,"max_hp_gain":0,"max_hp_loss":0,"event_name":"Winding Halls","floor":38,"gold_loss":0,"cards_obtained":["Writhe"]}],"is_beta":false,"boss_relics":[{"not_picked":["Cursed Key","Lizard Tail"],"picked":"Snecko Eye"},{"not_picked":["White Beast Statue","Fusion Hammer"],"picked":"Runic Cube"}],"items_purged_floors":[36],"is_endless":false,"potions_floor_spawned":[5,7,14,16,22,25,29,33,37,41,48],"ascension_level":6}