{"gold_per_floor":[12,25,37,54,8,43,43,70,70,170,170],"floor_reached":11,"playtime":913,"items_purged":[],"score":83,"play_id":"b791def1-3c69-4f02-9e80-14449db38cab","local_time":"20190811181953","is_ascension_mode":false,"campfire_choices":[{"data":"Chill","floor":7,"key":"PURGE"}],"neow_cost":"NO_GOLD","seed_source_timestamp":244728198614595,"circlet_count":0,"master_deck":["Strike_B","Strike_B","Strike_B","Strike_B","Defend_B","Defend_B","Defend_B","Defend_B","Zap","Dualcast","Darkness","Redo","Reboot","Hologram","Melter","BootSequence"],"relics":["Cracked Core","Mango","Peace Pipe","Ginger","WingedGreaves"],"potions_floor_usage":[6,8],"damage_taken":[{"damage":0,"enemies":"Small Slimes","floor":1,"turns":3},{"damage":0,"enemies":"Cultist","floor":2,"turns":3},{"damage":6,"enemies":"Jaw Worm","floor":3,"turns":3},{"damage":16,"enemies":"3 Louse","floor":4,"turns":7},{"damage":19,"enemies":"Lagavulin","floor":6,"turns":8},{"damage":34,"enemies":"3 Sentries","floor":8,"turns":6},{"damage":23,"enemies":"Gremlin Gang","floor":11,"turns":3}],"seed_played":"7793338212566624605","potions_obtained":[{"floor":2,"key":"Weak Potion"},{"floor":6,"key":"EssenceOfSteel"},{"floor":8,"key":"Dexterity Potion"}],"is_trial":false,"path_per_floor":["M","M","M","M","$","E","R","E","T","?","M"],"character_chosen":"DEFECT","items_purchased":["Hologram"],"campfire_rested":0,"item_purchase_floors":[5],"current_hp_per_floor":[89,89,83,67,67,48,48,14,14,14,0],"gold":170,"neow_bonus":"ONE_RARE_RELIC","is_prod":false,"is_daily":false,"chose_seed":false,"campfire_upgraded":0,"win_rate":0.0,"timestamp":1565561993,"path_taken":["M","M","M","M","$","E","R","E","T","?","?"],"build_version":"2019-07-17","purchased_purges":0,"victory":false,"max_hp_per_floor":[89,89,89,89,89,89,89,89,89,89,89],"card_choices":[{"not_picked":["Leap","Compile Driver"],"picked":"Chill","floor":1},{"not_picked":["Go for the Eyes","Scrape"],"picked":"Darkness","floor":2},{"not_picked":["Leap","Compile Driver"],"picked":"Redo","floor":3},{"not_picked":["Hologram","Consume"],"picked":"Reboot","floor":4},{"not_picked":["Hologram","Rebound"],"picked":"Melter","floor":6},{"not_picked":["Go for the Eyes","Storm"],"picked":"BootSequence","floor":8}],"player_experience":25705,"relics_obtained":[{"floor":6,"key":"Peace Pipe"},{"floor":8,"key":"Ginger"},{"floor":9,"key":"WingedGreaves"}],"event_choices":[{"damage_healed":0,"gold_gain":100,"player_choice":"Pray","damage_taken":0,"max_hp_gain":0,"max_hp_loss":0,"event_name":"Golden Shrine","floor":10,"gold_loss":0}],"is_beta":false,"boss_relics":[],"items_purged_floors":[],"is_endless":false,"potions_floor_spawned":[2,6,8],"killed_by":"Gremlin Gang","ascension_level":0}