{"gold_per_floor":[215,228,278,175,195,195,213,213,236,263,275,304,241,11,11,86,86,100,100,150,42,60,60,76,76,126,126,152,152,167,186,186,264,264,280,280,155,155,155,155,155,155,155,167,167,167,184,194,194,194],"floor_reached":51,"playtime":3465,"items_purged":["Strike_B","Strike_B","Defend_B"],"score":1354,"play_id":"d515998a-9437-45a5-8933-7064b1f6a1ad","local_time":"20190820211802","is_ascension_mode":true,"campfire_choices":[{"data":"Zap","floor":6.0,"key":"SMITH"},{"data":"Defragment","floor":8.0,"key":"SMITH"},{"data":"Rainbow","floor":11.0,"key":"SMITH"},{"floor":15.0,"key":"REST"},{"data":"Blizzard","floor":23.0,"key":"SMITH"},{"data":"Defragment","floor":25.0,"key":"SMITH"},{"floor":27.0,"key":"REST"},{"floor":32.0,"key":"REST"},{"data":"Echo Form","floor":40.0,"key":"SMITH"},{"data":"Glacier","floor":42.0,"key":"SMITH"},{"floor":45.0,"key":"REST"},{"floor":49,"key":"REST"}],"neow_cost":"NONE","seed_source_timestamp":0,"circlet_count":0,"master_deck":["AscendersBane","Defend_B","Defend_B","Zap+1","Dualcast","Defragment+1","Blizzard+1","Ball Lightning","Rainbow+1","Barrage","Cold Snap","Defragment+1","Echo Form+1","FTL","Fission","Storm","Conserve Battery","Loop","Defragment","Leap+1","Defragment","Core Surge","Glacier+1"],"special_seed":0,"relics":["FrozenCore","MawBank","PreservedInsect","Art of War","Cursed Key"],"potions_floor_usage":[50,50],"damage_taken":[{"damage":3.0,"enemies":"2 Louse","floor":1.0,"turns":2.0},{"damage":1.0,"enemies":"Cultist","floor":2.0,"turns":4.0},{"damage":2.0,"enemies":"Jaw Worm","floor":5.0,"turns":3.0},{"damage":11.0,"enemies":"Blue Slaver","floor":7.0,"turns":3.0},{"damage":9.0,"enemies":"3 Louse","floor":10.0,"turns":4.0},{"damage":13.0,"enemies":"Large Slime","floor":12.0,"turns":4.0},{"damage":0.0,"enemies":"Slime Boss","floor":16.0,"turns":9.0},{"damage":16.0,"enemies":"2 Thieves","floor":18.0,"turns":4.0},{"damage":11.0,"enemies":"3 Byrds","floor":22.0,"turns":5.0},{"damage":23.0,"enemies":"3 Cultists","floor":24.0,"turns":4.0},{"damage":12.0,"enemies":"Book of Stabbing","floor":28.0,"turns":6.0},{"damage":19.0,"enemies":"Snake Plant","floor":30.0,"turns":4.0},{"damage":0.0,"enemies":"Snecko","floor":31.0,"turns":6.0},{"damage":0.0,"enemies":"Champ","floor":33.0,"turns":7.0},{"damage":25.0,"enemies":"3 Shapes","floor":35.0,"turns":6.0},{"damage":13.0,"enemies":"3 Darklings","floor":44.0,"turns":6.0},{"damage":8.0,"enemies":"Spire Growth","floor":47.0,"turns":5.0},{"damage":12,"enemies":"Maw","floor":48,"turns":7},{"damage":30,"enemies":"Time Eater","floor":50,"turns":12}],"seed_played":"-9130697561360924486","potions_obtained":[{"floor":1.0,"key":"Energy Potion"},{"floor":2.0,"key":"SkillPotion"},{"floor":16.0,"key":"Fire Potion"},{"floor":22.0,"key":"Explosive Potion"},{"floor":29.0,"key":"SkillPotion"},{"floor":29.0,"key":"Dexterity Potion"},{"floor":30.0,"key":"FearPotion"},{"floor":35.0,"key":"FocusPotion"},{"floor":44.0,"key":"Block Potion"}],"is_trial":false,"path_per_floor":["M","M","?","$","M","R","M","R","T","M","R","M","?","$","R","B",null,"M","?","?","$","M","R","M","R","T","R","E","?","M","M","R","B",null,"M","T","$","?","?","R","?","R","T","M","R","T","M","M","R","B",null],"character_chosen":"DEFECT","items_purchased":["Ball Lightning","Cold Snap","Defragment","Conserve Battery","Loop"],"campfire_rested":5,"item_purchase_floors":[4,14,14,21,21],"current_hp_per_floor":[61,60,53,53,51,51,40,40,40,31,31,18,18,18,39,39,63,47,47,47,47,36,36,13,13,13,34,22,22,3,3,24,24,59,34,34,34,34,34,34,34,34,34,21,41,41,33,21,41,11],"gold":194,"neow_bonus":"HUNDRED_GOLD","is_prod":false,"is_daily":false,"chose_seed":false,"campfire_upgraded":7,"win_rate":0,"timestamp":1566303482,"path_taken":["M","M","?","$","?","R","M","R","T","M","R","M","?","$","R","BOSS","M","?","?","$","M","R","M","R","T","R","E","?","M","M","R","BOSS","M","?","$","?","?","R","?","R","T","?","R","?","M","M","R","BOSS"],"build_version":"2019-07-17","purchased_purges":3,"victory":true,"max_hp_per_floor":[71,71,71,71,71,71,71,71,71,71,71,71,71,71,71,71,71,71,71,71,71,71,71,71,71,71,71,71,71,71,71,71,71,71,71,71,71,67,67,67,67,67,67,67,67,67,67,67,67,67],"card_choices":[{"not_picked":["Ball Lightning","Sunder"],"picked":"Defragment","floor":1.0},{"not_picked":["Turbo","Storm"],"picked":"Blizzard","floor":2.0},{"not_picked":["Scrape","Compile Driver","Ball Lightning"],"picked":"SKIP","floor":5.0},{"not_picked":["Compile Driver","Doom and Gloom","Ball Lightning"],"picked":"SKIP","floor":7.0},{"not_picked":["Tempest","Force Field"],"picked":"Rainbow","floor":10.0},{"not_picked":["Steam Power","Streamline"],"picked":"Barrage","floor":12.0},{"not_picked":["Meteor Strike","Core Surge"],"picked":"Echo Form","floor":16.0},{"not_picked":["Compile Driver","Redo"],"picked":"FTL","floor":18.0},{"not_picked":["Sweeping Beam","Conserve Battery","Streamline"],"picked":"SKIP","floor":22.0},{"not_picked":["Barrage","Ball Lightning","Rip and Tear"],"picked":"SKIP","floor":24.0},{"not_picked":["Ball Lightning","Sweeping Beam"],"picked":"Defragment","floor":28.0},{"not_picked":["Auto Shields+1","Loop"],"picked":"Leap+1","floor":30.0},{"not_picked":["Go for the Eyes","Auto Shields"],"picked":"Defragment","floor":31.0},{"not_picked":["Thunder Strike","Multi-Cast"],"picked":"Core Surge","floor":33.0},{"not_picked":["Streamline","Rebound+1"],"picked":"Glacier","floor":35.0},{"not_picked":["Rip and Tear","Stack+1","Steam"],"picked":"SKIP","floor":44.0},{"not_picked":["Darkness","Genetic Algorithm","Redo"],"picked":"SKIP","floor":47.0},{"not_picked":["Rebound+1","BootSequence","Steam Power"],"picked":"SKIP","floor":48}],"player_experience":516071,"relics_obtained":[{"floor":9.0,"key":"MawBank"},{"floor":26.0,"key":"PreservedInsect"},{"floor":28.0,"key":"Art of War"}],"event_choices":[{"damage_healed":0.0,"max_hp_gain":0.0,"max_hp_loss":0.0,"gold_gain":50.0,"event_name":"FaceTrader","player_choice":"Touch","floor":3.0,"gold_loss":0.0,"damage_taken":7.0},{"cards_removed":["Strike_B"],"damage_healed":0.0,"max_hp_gain":0.0,"max_hp_loss":0.0,"gold_gain":0.0,"event_name":"The Cleric","player_choice":"Card Removal","floor":13.0,"gold_loss":75.0,"damage_taken":0.0},{"damage_healed":0.0,"max_hp_gain":0.0,"max_hp_loss":0.0,"gold_gain":0.0,"cards_transformed":["Strike_B","Defend_B"],"event_name":"Drug Dealer","player_choice":"Became Test Subject","floor":19.0,"gold_loss":0.0,"damage_taken":0.0,"cards_obtained":["Fission","Storm"]},{"damage_healed":0.0,"max_hp_gain":0.0,"max_hp_loss":0.0,"gold_gain":50.0,"event_name":"Nest","player_choice":"Stole From Cult","floor":20.0,"gold_loss":0.0,"damage_taken":0.0},{"damage_healed":0.0,"max_hp_gain":0.0,"max_hp_loss":0.0,"gold_gain":0.0,"event_name":"Lab","player_choice":"Got Potions","floor":29.0,"gold_loss":0.0,"damage_taken":0.0},{"damage_healed":0.0,"max_hp_gain":0.0,"max_hp_loss":4.0,"gold_gain":0.0,"event_name":"Winding Halls","player_choice":"Max HP","floor":38.0,"gold_loss":0.0,"damage_taken":0.0},{"damage_healed":0.0,"max_hp_gain":0.0,"max_hp_loss":0.0,"gold_gain":0.0,"event_name":"Tomb of Lord Red Mask","player_choice":"Ignored","floor":39.0,"gold_loss":0.0,"damage_taken":0.0},{"damage_healed":0.0,"max_hp_gain":0.0,"max_hp_loss":0.0,"gold_gain":0.0,"event_name":"Mysterious Sphere","player_choice":"Ignored","floor":41.0,"gold_loss":0.0,"damage_taken":0.0}],"is_beta":false,"boss_relics":[{"not_picked":["Empty Cage","Runic Pyramid"],"picked":"FrozenCore"},{"not_picked":["Snecko Eye","Black Star"],"picked":"Cursed Key"}],"items_purged_floors":[4,14,37],"is_endless":false,"potions_floor_spawned":[1,2,16,22,30,31,35,44],"ascension_level":17}