{"gold_per_floor":[219,219,394,394,407,407,436,436,436,453,515,167,167,188,188,284,284,304,304,323,341,261,287,287,70,70,80,103,120,120,120,120,220,220,239,251,251,114,0,0],"floor_reached":40,"playtime":2612,"items_purged":["Doubt","Strike_B","Defend_B"],"score":400,"play_id":"aef89521-fbb9-45fa-be5c-56f03e6d1c15","local_time":"20190821084651","is_ascension_mode":false,"campfire_choices":[{"data":"Zap","floor":6,"key":"SMITH"},{"floor":8,"key":"REST"},{"data":"Dualcast","floor":15,"key":"SMITH"},{"floor":30,"key":"REST"},{"floor":32,"key":"REST"}],"neow_cost":"NONE","seed_source_timestamp":1973797129449,"circlet_count":0,"master_deck":["Strike_B+1","Strike_B+1","Defend_B","Defend_B","Defend_B","Zap+1","Dualcast+1","FTL","Coolheaded","Doom and Gloom","Ball Lightning","Bandage Up","Chill","Machine Learning","Leap","Cold Snap","Defragment","Beam Cell+1","Echo Form","Conserve Battery","Gash+1","Mayhem"],"relics":["FrozenCore","The Courier","Juzu Bracelet","Pantograph","Tiny Chest","Omamori","Odd Mushroom","Velvet Choker","Torii","Happy Flower","Bronze Scales","Lantern","Oddly Smooth Stone","Red Mask"],"potions_floor_usage":[11,16,16,16,20,23,29,33],"damage_taken":[{"damage":0,"enemies":"Small Slimes","floor":1,"turns":3},{"damage":0,"enemies":"2 Louse","floor":5,"turns":3},{"damage":25,"enemies":"3 Sentries","floor":7,"turns":8},{"damage":0,"enemies":"Jaw Worm","floor":10,"turns":4},{"damage":16,"enemies":"Lagavulin Event","floor":11,"turns":4},{"damage":7,"enemies":"The Mushroom Lair","floor":14,"turns":3},{"damage":19,"enemies":"Hexaghost","floor":16,"turns":8},{"damage":5,"enemies":"Chosen","floor":18,"turns":5},{"damage":6,"enemies":"2 Thieves","floor":20,"turns":4},{"damage":0,"enemies":"3 Cultists","floor":21,"turns":5},{"damage":15,"enemies":"Gremlin Leader","floor":23,"turns":7},{"damage":10,"enemies":"Centurion and Healer","floor":27,"turns":5},{"damage":29,"enemies":"Snake Plant","floor":29,"turns":3},{"damage":51,"enemies":"Automaton","floor":33,"turns":11},{"damage":19,"enemies":"3 Darklings","floor":35,"turns":5},{"damage":10,"enemies":"Orb Walker","floor":36,"turns":4},{"damage":96,"enemies":"Giant Head","floor":40,"turns":8}],"seed_played":"-6162069334617550","potions_obtained":[{"floor":1,"key":"EntropicBrew"},{"floor":10,"key":"Regen Potion"},{"floor":20,"key":"Weak Potion"},{"floor":21,"key":"Ancient Potion"},{"floor":27,"key":"Dexterity Potion"},{"floor":35,"key":"AttackPotion"}],"is_trial":false,"path_per_floor":["M","?","?","?","M","R","E","R","T","M","?","$","?","?","R","B",null,"M","?","M","M","$","E","?","$","T","M","T","M","R","?","R","B",null,"M","M","?","$","?","E"],"character_chosen":"DEFECT","items_purchased":["Tiny Chest","Bandage Up","Omamori","Happy Flower","Mayhem"],"campfire_rested":3,"item_purchase_floors":[12,12,12,25,38],"current_hp_per_floor":[75,60,60,53,53,53,28,50,50,50,39,39,39,36,36,46,75,70,70,68,72,72,60,46,46,46,40,40,15,39,39,63,33,80,65,59,79,79,79,0],"gold":0,"neow_bonus":"HUNDRED_GOLD","is_prod":false,"is_daily":false,"chose_seed":false,"campfire_upgraded":2,"win_rate":0,"timestamp":1566348411,"path_taken":["M","?","?","?","?","R","E","R","T","M","?","$","?","?","R","BOSS","M","?","M","M","$","E","?","$","T","M","?","M","R","?","R","BOSS","M","M","?","$","?","E"],"build_version":"2019-07-17","purchased_purges":3,"victory":false,"max_hp_per_floor":[75,75,75,75,75,75,75,75,75,75,75,75,75,75,75,75,75,75,75,75,75,75,75,80,80,80,80,80,80,80,80,80,80,80,80,80,80,80,80,80],"card_choices":[{"not_picked":["Skim","Stack"],"picked":"FTL","floor":1},{"not_picked":["Sweeping Beam","Reprogram"],"picked":"Coolheaded","floor":5},{"not_picked":["Rebound","Gash"],"picked":"Doom and Gloom","floor":7},{"not_picked":["Skim","Aggregate","FTL"],"picked":"SKIP","floor":10},{"not_picked":["Redo","Hologram"],"picked":"Ball Lightning","floor":11},{"not_picked":["Capacitor","Tempest"],"picked":"Chill","floor":14},{"not_picked":["Fission","Reboot"],"picked":"Machine Learning","floor":16},{"not_picked":["Stack","Ball Lightning"],"picked":"Leap","floor":18},{"not_picked":["Ball Lightning","Skim"],"picked":"Cold Snap","floor":20},{"not_picked":["Barrage","Ball Lightning"],"picked":"Defragment","floor":21},{"not_picked":["Steam Power","Ball Lightning","All For One"],"picked":"SKIP","floor":23},{"not_picked":["Redo","Static Discharge","Heatsinks+1"],"picked":"SKIP","floor":27},{"not_picked":["Recycle","Blizzard+1"],"picked":"Beam Cell+1","floor":29},{"not_picked":["Machine Learning","Thunder Strike"],"picked":"Echo Form","floor":33},{"not_picked":["Ball Lightning+1","Reprogram"],"picked":"Conserve Battery","floor":35},{"not_picked":["Barrage+1","Ball Lightning"],"picked":"Gash+1","floor":36}],"player_experience":222663,"relics_obtained":[{"floor":7,"key":"The Courier"},{"floor":9,"key":"Juzu Bracelet"},{"floor":11,"key":"Pantograph"},{"floor":14,"key":"Odd Mushroom"},{"floor":23,"key":"Torii"},{"floor":26,"key":"Bronze Scales"},{"floor":28,"key":"Lantern"}],"event_choices":[{"damage_healed":0,"gold_gain":0,"player_choice":"Entered Light","damage_taken":15,"max_hp_gain":0,"max_hp_loss":0,"event_name":"Shining Light","floor":2,"gold_loss":0,"cards_upgraded":["Strike_B","Strike_B"]},{"damage_healed":0,"gold_gain":175,"player_choice":"AGREE","damage_taken":0,"max_hp_gain":0,"max_hp_loss":0,"event_name":"Liars Game","floor":3,"gold_loss":0,"cards_obtained":["Doubt"]},{"cards_removed":["Strike_B"],"damage_healed":0,"gold_gain":0,"player_choice":"Card Removal","damage_taken":7,"max_hp_gain":0,"max_hp_loss":0,"event_name":"Golden Wing","floor":4,"gold_loss":0},{"damage_healed":0,"gold_gain":0,"player_choice":"Searched \u00271\u0027 times","damage_taken":0,"max_hp_gain":0,"max_hp_loss":0,"event_name":"Dead Adventurer","floor":11,"gold_loss":0},{"damage_healed":0,"gold_gain":0,"player_choice":"Bought 0 Potions","damage_taken":0,"max_hp_gain":0,"max_hp_loss":0,"event_name":"The Woman in Blue","floor":13,"gold_loss":0},{"damage_healed":0,"gold_gain":0,"player_choice":"Fought Mushrooms","damage_taken":0,"max_hp_gain":0,"max_hp_loss":0,"event_name":"Mushrooms","floor":14,"gold_loss":0},{"damage_healed":0,"gold_gain":0,"player_choice":"Ignored","damage_taken":0,"max_hp_gain":0,"max_hp_loss":0,"event_name":"Vampires","floor":19,"gold_loss":0},{"damage_healed":0,"gold_gain":0,"player_choice":"Shed Blood","damage_taken":19,"max_hp_gain":5,"max_hp_loss":0,"event_name":"Forgotten Altar","floor":24,"gold_loss":0},{"damage_healed":0,"gold_gain":0,"player_choice":"Stole Relic","damage_taken":0,"relics_obtained":["Oddly Smooth Stone"],"max_hp_gain":0,"max_hp_loss":0,"event_name":"Addict","floor":31,"gold_loss":0,"cards_obtained":["Shame"]},{"damage_healed":20,"gold_gain":0,"player_choice":"Writhe","damage_taken":0,"max_hp_gain":0,"max_hp_loss":0,"event_name":"Winding Halls","floor":37,"gold_loss":0,"cards_obtained":["Writhe"]},{"damage_healed":0,"gold_gain":0,"player_choice":"Paid","damage_taken":0,"relics_obtained":["Red Mask"],"max_hp_gain":0,"max_hp_loss":0,"event_name":"Tomb of Lord Red Mask","floor":39,"gold_loss":114}],"is_beta":false,"boss_relics":[{"not_picked":["Busted Crown","Ectoplasm"],"picked":"Velvet Choker"},{"not_picked":["Calling Bell","Pandora\u0027s Box"],"picked":"FrozenCore"}],"items_purged_floors":[12,22,25],"is_endless":false,"potions_floor_spawned":[1,10,20,21,27,35],"killed_by":"Giant Head","ascension_level":0}