{"gold_per_floor":[109,184,203,153,3,3,19,19,19,19,36,46,61,82,82,183,183,197,48,66,166,182,182,217,217,217,231,231,245,245,160,160,262,312,332,130,130,141,141,141,174,174,174,186,586,586,586,604,604,604],"floor_reached":51,"playtime":5717,"items_purged":["Defend_B","Strike_B","Defend_B"],"score":1113,"play_id":"f4dbbd0c-e2d1-455f-99d8-f50dd5f5c7ed","local_time":"20190712060616","is_ascension_mode":true,"campfire_choices":[{"data":"Zap","floor":6,"key":"SMITH"},{"data":"Dualcast","floor":8,"key":"SMITH"},{"data":"Steam","floor":10,"key":"SMITH"},{"data":"Consume","floor":15,"key":"SMITH"},{"data":"Hologram","floor":23,"key":"SMITH"},{"data":"Coolheaded","floor":25,"key":"SMITH"},{"data":"White Noise","floor":28,"key":"SMITH"},{"floor":32,"key":"REST"},{"data":"Glacier","floor":40,"key":"SMITH"},{"data":"Echo Form","floor":42,"key":"SMITH"},{"data":"Defragment","floor":46,"key":"SMITH"},{"floor":49,"key":"REST"}],"neow_cost":"NONE","seed_source_timestamp":447935307986477,"circlet_count":0,"master_deck":["Strike_B","Defend_B+1","Defend_B","Zap+1","Dualcast+1","Steam+1","White Noise+1","Consume+1","FTL+1","Coolheaded+1","Seek","Conserve Battery+1","Hologram+1","Chill+1","Echo Form+1","Defragment+1","Streamline+1","Glacier+1","BootSequence+1","Parasite"],"relics":["Cracked Core","Mummified Hand","Odd Mushroom","Inserter","Juzu Bracelet","Symbiotic Virus","Incense Burner","Tiny House","Bottled Flame","Sundial","Old Coin"],"potions_floor_usage":[18,24,33,33,48],"damage_taken":[{"damage":1,"enemies":"Cultist","floor":1,"turns":3},{"damage":0,"enemies":"Small Slimes","floor":3,"turns":2},{"damage":2,"enemies":"2 Louse","floor":7,"turns":3},{"damage":3,"enemies":"Blue Slaver","floor":11,"turns":3},{"damage":22,"enemies":"Gremlin Gang","floor":12,"turns":3},{"damage":0,"enemies":"Exordium Wildlife","floor":13,"turns":3},{"damage":11,"enemies":"The Mushroom Lair","floor":14,"turns":3},{"damage":0,"enemies":"Hexaghost","floor":16,"turns":11},{"damage":21,"enemies":"2 Thieves","floor":18,"turns":4},{"damage":13,"enemies":"3 Byrds","floor":20,"turns":4},{"damage":2,"enemies":"Snecko","floor":22,"turns":7},{"damage":24,"enemies":"Gremlin Leader","floor":24,"turns":8},{"damage":0,"enemies":"Chosen and Byrds","floor":27,"turns":5},{"damage":2,"enemies":"Shelled Parasite and Fungi","floor":29,"turns":7},{"damage":12,"enemies":"Automaton","floor":33,"turns":11},{"damage":15,"enemies":"3 Shapes","floor":35,"turns":5},{"damage":1,"enemies":"Orb Walker","floor":38,"turns":4},{"damage":0,"enemies":"Giant Head","floor":41,"turns":8},{"damage":0,"enemies":"Maw","floor":44,"turns":9},{"damage":0,"enemies":"Mind Bloom Boss Battle","floor":45,"turns":4},{"damage":0,"enemies":"Writhing Mass","floor":48,"turns":7},{"damage":0,"enemies":"Donu and Deca","floor":50,"turns":16}],"seed_played":"6960084064978071736","potions_obtained":[{"floor":1,"key":"Regen Potion"},{"floor":11,"key":"Regen Potion"},{"floor":14,"key":"Strength Potion"},{"floor":16,"key":"Explosive Potion"},{"floor":22,"key":"Ancient Potion"},{"floor":27,"key":"Strength Potion"},{"floor":33,"key":"Ancient Potion"},{"floor":34,"key":"Block Potion"}],"is_trial":false,"path_per_floor":["M","?","M","?","$","R","M","R","T","R","M","M","M","?","R","B",null,"M","$","M","?","M","R","E","R","T","M","R","M","?","?","R","B",null,"M","$","?","M","?","R","E","R","T","M","?","R","?","M","R","B",null],"character_chosen":"DEFECT","items_purchased":["Consume","Hologram","Glacier"],"campfire_rested":2,"item_purchase_floors":[5,19,36],"current_hp_per_floor":[74,63,63,63,63,63,61,61,61,61,58,36,36,25,25,25,68,47,47,34,34,32,32,22,22,22,22,22,20,47,47,71,74,85,70,70,70,69,69,69,69,69,69,69,69,69,69,69,87,87],"gold":604,"neow_bonus":"TEN_PERCENT_HP_BONUS","is_prod":false,"is_daily":false,"chose_seed":false,"campfire_upgraded":10,"win_rate":0,"timestamp":1562879176,"path_taken":["M","?","M","?","$","R","M","R","T","R","M","M","M","?","R","BOSS","M","$","M","?","?","R","E","R","T","M","R","M","?","?","R","BOSS","M","$","?","M","?","R","E","R","T","M","?","R","?","M","R","BOSS"],"build_version":"2019-07-05","purchased_purges":3,"victory":true,"max_hp_per_floor":[82,82,82,82,82,82,82,82,82,82,82,82,82,82,82,82,82,82,82,82,82,82,82,82,82,82,82,82,82,82,82,82,82,87,87,87,87,87,87,87,87,87,87,87,87,87,87,87,87,87],"card_choices":[{"not_picked":["Doom and Gloom","Ball Lightning"],"picked":"Steam","floor":1},{"not_picked":["Reprogram","Ball Lightning"],"picked":"White Noise","floor":3},{"not_picked":["BootSequence","Ball Lightning"],"picked":"FTL","floor":7},{"not_picked":["Recycle","Ball Lightning","Leap"],"picked":"SKIP","floor":11},{"not_picked":["White Noise","Multi-Cast"],"picked":"Coolheaded","floor":12},{"not_picked":["Redo","Static Discharge","Rebound"],"picked":"SKIP","floor":13},{"not_picked":["Hyperbeam","Amplify"],"picked":"Seek","floor":16},{"not_picked":["Barrage","Loop"],"picked":"Conserve Battery+1","floor":18},{"not_picked":["Genetic Algorithm","Stack","Ball Lightning"],"picked":"SKIP","floor":20},{"not_picked":["Chaos","Force Field","Turbo"],"picked":"SKIP","floor":22},{"not_picked":["Beam Cell","Go for the Eyes"],"picked":"Chill+1","floor":24},{"not_picked":["Cold Snap","Tempest","Stack+1"],"picked":"SKIP","floor":27},{"not_picked":["Gash","Turbo","Conserve Battery"],"picked":"SKIP","floor":29},{"not_picked":["Meteor Strike","Biased Cognition"],"picked":"Echo Form","floor":33},{"not_picked":["Heatsinks+1","BootSequence"],"picked":"Defragment","floor":34},{"not_picked":["Capacitor+1","Chaos+1"],"picked":"Streamline+1","floor":35},{"not_picked":["Compile Driver+1","Barrage","Cold Snap"],"picked":"SKIP","floor":38},{"not_picked":["Conserve Battery","Static Discharge","Barrage+1"],"picked":"SKIP","floor":41},{"not_picked":["Beam Cell+1","Chill","Cold Snap+1"],"picked":"SKIP","floor":44},{"not_picked":["Leap+1","Cold Snap"],"picked":"BootSequence+1","floor":45},{"not_picked":["Glacier+1","Rebound","Gash"],"picked":"SKIP","floor":48}],"player_experience":234084,"relics_obtained":[{"floor":9,"key":"Mummified Hand"},{"floor":14,"key":"Odd Mushroom"},{"floor":24,"key":"Juzu Bracelet"},{"floor":26,"key":"Symbiotic Virus"},{"floor":41,"key":"Bottled Flame"},{"floor":43,"key":"Sundial"},{"floor":45,"key":"Old Coin"}],"event_choices":[{"damage_healed":0,"gold_gain":75,"player_choice":"Gather Gold","damage_taken":11,"max_hp_gain":0,"max_hp_loss":0,"event_name":"World of Goop","floor":2,"gold_loss":0},{"cards_removed":["Strike_B"],"damage_healed":0,"gold_gain":0,"player_choice":"Card Removal","damage_taken":0,"max_hp_gain":0,"max_hp_loss":0,"event_name":"The Cleric","floor":4,"gold_loss":50},{"damage_healed":0,"gold_gain":0,"player_choice":"Fought Mushrooms","damage_taken":0,"max_hp_gain":0,"max_hp_loss":0,"event_name":"Mushrooms","floor":14,"gold_loss":0},{"damage_healed":0,"gold_gain":100,"player_choice":"Pray","damage_taken":0,"max_hp_gain":0,"max_hp_loss":0,"event_name":"Golden Shrine","floor":21,"gold_loss":0},{"damage_healed":27,"gold_gain":0,"player_choice":"Heal","damage_taken":0,"max_hp_gain":0,"max_hp_loss":0,"event_name":"The Library","floor":30,"gold_loss":0},{"damage_healed":0,"gold_gain":0,"player_choice":"Obtained Relic","damage_taken":0,"relics_obtained":["Incense Burner"],"max_hp_gain":0,"max_hp_loss":0,"event_name":"Addict","floor":31,"gold_loss":85},{"cards_removed":["Strike_B"],"damage_healed":0,"gold_gain":0,"player_choice":"Removed Attack","damage_taken":0,"max_hp_gain":0,"max_hp_loss":0,"event_name":"Falling","floor":37,"gold_loss":0},{"damage_healed":0,"gold_gain":0,"player_choice":"Ignored","damage_taken":0,"max_hp_gain":0,"max_hp_loss":0,"event_name":"Tomb of Lord Red Mask","floor":39,"gold_loss":0},{"damage_healed":0,"gold_gain":0,"player_choice":"Fight","damage_taken":0,"max_hp_gain":0,"max_hp_loss":0,"event_name":"MindBloom","floor":45,"gold_loss":0},{"damage_healed":0,"gold_gain":0,"player_choice":"Forge","damage_taken":0,"max_hp_gain":0,"max_hp_loss":0,"event_name":"Accursed Blacksmith","floor":47,"gold_loss":0,"cards_upgraded":["FTL"]}],"is_beta":false,"boss_relics":[{"not_picked":["Empty Cage","Busted Crown"],"picked":"Inserter"},{"not_picked":["Coffee Dripper","Runic Pyramid"],"picked":"Tiny House"}],"items_purged_floors":[5,19,36],"is_endless":false,"potions_floor_spawned":[1,11,14,16,22,27,29,33,35,38],"ascension_level":6}