{"gold_per_floor":[117,46,57,57,67,96,109,141,141,141,170,186,201,216,216,311,311,324,306,325,30,44,44,72,82,82,95,95],"floor_reached":28,"playtime":2999,"items_purged":[],"score":399,"play_id":"131ad87e-1333-452c-ab86-6d02a7facb7e","local_time":"20190816152920","is_ascension_mode":true,"campfire_choices":[{"data":"Flame Barrier","floor":10.0,"key":"SMITH"},{"floor":15.0,"key":"REST"},{"floor":23.0,"key":"REST"}],"neow_cost":"NONE","seed_source_timestamp":0,"circlet_count":0,"master_deck":["AscendersBane","Strike_R","Strike_R","Strike_R","Strike_R","Strike_R","Defend_R","Defend_R","Defend_R","Defend_R+1","Bash","Clothesline","Perfected Strike","True Grit+1","Battle Trance","Iron Wave","Clothesline","Flame Barrier+1","Juggernaut","Wild Strike","Twin Strike","Offering","Dual Wield","Impervious+1","Perfected Strike","Wild Strike","Armaments+1","Inflame","Power Through","Shrug It Off","Body Slam+1","Impervious","Shrug It Off+1","Perfected Strike"],"special_seed":0,"relics":["Burning Blood","Oddly Smooth Stone","Ancient Tea Set","Omamori","Question Card","Black Star","Blood Vial","War Paint","Bag of Marbles","The Courier"],"potions_floor_usage":[28],"damage_taken":[{"damage":8.0,"enemies":"2 Louse","floor":1.0,"turns":5.0},{"damage":3.0,"enemies":"Cultist","floor":3.0,"turns":4.0},{"damage":8.0,"enemies":"Small Slimes","floor":5.0,"turns":5.0},{"damage":15.0,"enemies":"Gremlin Nob","floor":6.0,"turns":4.0},{"damage":11.0,"enemies":"Exordium Thugs","floor":7.0,"turns":7.0},{"damage":21.0,"enemies":"Lagavulin","floor":8.0,"turns":8.0},{"damage":9.0,"enemies":"Gremlin Nob","floor":11.0,"turns":4.0},{"damage":10.0,"enemies":"Exordium Wildlife","floor":12.0,"turns":6.0},{"damage":10.0,"enemies":"Lots of Slimes","floor":13.0,"turns":5.0},{"damage":10.0,"enemies":"Gremlin Gang","floor":14.0,"turns":6.0},{"damage":27.0,"enemies":"Hexaghost","floor":16.0,"turns":12.0},{"damage":40.0,"enemies":"Spheric Guardian","floor":18.0,"turns":8.0},{"damage":19.0,"enemies":"2 Thieves","floor":19.0,"turns":4.0},{"damage":3.0,"enemies":"Snecko","floor":20.0,"turns":6.0},{"damage":13.0,"enemies":"Snake Plant","floor":22.0,"turns":5.0},{"damage":36.0,"enemies":"Book of Stabbing","floor":24.0,"turns":7.0},{"damage":12,"enemies":"Centurion and Healer","floor":25,"turns":10},{"damage":0,"enemies":"Snecko","floor":27,"turns":5},{"damage":21,"enemies":"Gremlin Leader","floor":28,"turns":3}],"seed_played":"-7133720185224636473","potions_obtained":[{"floor":0.0,"key":"Explosive Potion"},{"floor":0.0,"key":"Dexterity Potion"},{"floor":0.0,"key":"FearPotion"},{"floor":1.0,"key":"Fire Potion"},{"floor":7.0,"key":"Ancient Potion"},{"floor":8.0,"key":"Block Potion"},{"floor":13.0,"key":"GamblersBrew"},{"floor":14.0,"key":"Block Potion"},{"floor":18.0,"key":"Dexterity Potion"},{"floor":22.0,"key":"AttackPotion"},{"floor":24,"key":"Strength Potion"},{"floor":27,"key":"Ancient Potion"}],"is_trial":false,"path_per_floor":["M","$","M","?","M","E","M","E","T","R","E","M","M","M","R","B",null,"M","M","M","$","M","R","E","M","T","M","E"],"character_chosen":"IRONCLAD","items_purchased":["Perfected Strike","True Grit","Inflame","Blood Vial","Power Through","Shrug It Off"],"campfire_rested":2,"item_purchase_floors":[2,2,21,21,21,21],"current_hp_per_floor":[70,70,73,73,71,62,57,42,42,42,39,35,31,27,51,30,68,34,21,24,24,19,43,15,11,11,19,0],"gold":95,"neow_bonus":"THREE_SMALL_POTIONS","is_prod":false,"is_daily":false,"chose_seed":false,"campfire_upgraded":1,"win_rate":0,"timestamp":1565983760,"path_taken":["M","$","M","?","M","E","M","E","T","R","E","M","M","M","R","BOSS","M","M","M","$","M","R","E","M","T","M","E"],"build_version":"2019-07-17","purchased_purges":0,"victory":false,"max_hp_per_floor":[80,80,80,80,80,80,80,80,80,80,80,80,80,80,80,80,80,80,80,80,80,80,80,80,80,80,80,80],"card_choices":[{"not_picked":["Hemokinesis","Heavy Blade"],"picked":"Clothesline","floor":1.0},{"not_picked":["Dual Wield","True Grit"],"picked":"Battle Trance","floor":3.0},{"not_picked":["Heavy Blade","Anger"],"picked":"Iron Wave","floor":5.0},{"not_picked":["Sword Boomerang","Barricade"],"picked":"Clothesline","floor":6.0},{"not_picked":["Inflame","Blood for Blood"],"picked":"Flame Barrier","floor":7.0},{"not_picked":["Bloodletting","Shrug It Off"],"picked":"Juggernaut","floor":8.0},{"not_picked":["Headbutt","Thunderclap"],"picked":"Wild Strike","floor":11.0},{"not_picked":["Havoc","Clash","Cleave"],"picked":"Twin Strike","floor":12.0},{"not_picked":["Corruption","Iron Wave","True Grit"],"picked":"Offering","floor":13.0},{"not_picked":["Combust","Spot Weakness","Body Slam"],"picked":"Dual Wield","floor":14.0},{"not_picked":["Immolate","Brutality","Exhume"],"picked":"Impervious","floor":16.0},{"not_picked":["Uppercut+1","Havoc","Shrug It Off"],"picked":"Perfected Strike","floor":18.0},{"not_picked":["Rampage","Battle Trance+1","Sentinel"],"picked":"Wild Strike","floor":19.0},{"not_picked":["Flex","Dropkick","Dual Wield"],"picked":"Armaments+1","floor":20.0},{"not_picked":["Havoc","Infernal Blade+1","Armaments+1"],"picked":"Body Slam+1","floor":22.0},{"not_picked":["Clash","Armaments","Flex+1"],"picked":"Impervious","floor":24},{"not_picked":["Cleave","Flex+1","Heavy Blade"],"picked":"Shrug It Off+1","floor":25},{"not_picked":["Disarm","Ghostly Armor+1","Blood for Blood"],"picked":"Perfected Strike","floor":27}],"player_experience":405628,"relics_obtained":[{"floor":6.0,"key":"Oddly Smooth Stone"},{"floor":8.0,"key":"Ancient Tea Set"},{"floor":9.0,"key":"Omamori"},{"floor":11.0,"key":"Question Card"},{"floor":24,"key":"War Paint"},{"floor":24,"key":"Bag of Marbles"},{"floor":26,"key":"The Courier"}],"event_choices":[{"damage_healed":0.0,"max_hp_gain":0.0,"max_hp_loss":0.0,"gold_gain":0.0,"event_name":"Upgrade Shrine","player_choice":"Upgraded","floor":4.0,"gold_loss":0.0,"damage_taken":0.0,"cards_upgraded":["True Grit"]}],"is_beta":false,"boss_relics":[{"not_picked":["Eternal Feather","Sozu"],"picked":"Black Star"}],"items_purged_floors":[],"is_endless":false,"potions_floor_spawned":[1,7,8,13,14,18,22,24,27],"killed_by":"Gremlin Leader","ascension_level":10}