{"gold_per_floor":[110,110,130,13,24,24,57,57,57,89,89,16,72,89,89,191,191,202,0,17,17,17,17,17,47,74,74,74,91,108,141,141,243,243,260,260,260,116,133,133,8,8,8,108,8,40,60,75,75,75],"floor_reached":51,"playtime":5921,"items_purged":["Strike_R","Strike_R"],"score":973,"play_id":"2ec613f0-eda2-472d-8359-d1879037025a","local_time":"20190716220742","is_ascension_mode":true,"campfire_choices":[{"data":"Metallicize","floor":6,"key":"SMITH"},{"data":"True Grit","floor":8,"key":"SMITH"},{"data":"Whirlwind","floor":15,"key":"SMITH"},{"data":"Uppercut","floor":23,"key":"SMITH"},{"floor":28,"key":"REST"},{"data":"Corruption","floor":32,"key":"SMITH"},{"data":"Metallicize","floor":40,"key":"SMITH"},{"data":"Spot Weakness","floor":42,"key":"SMITH"},{"data":"Armaments","floor":49,"key":"SMITH"}],"neow_cost":"NONE","seed_source_timestamp":204433189735370,"circlet_count":0,"master_deck":["Strike_R","Strike_R","Strike_R","Defend_R","Defend_R","Defend_R","Defend_R","Bash+1","Metallicize+1","Iron Wave","Corruption+1","Whirlwind+1","True Grit+1","Shrug It Off","Impervious","Disarm","Headbutt","Feed","Cleave","Shrug It Off+1","Uppercut+1","Infernal Blade+1","Ghostly","Ghostly","Ghostly","Ghostly","Ghostly","Armaments+1","Spot Weakness+1","Armaments","Impervious","Metallicize+1","Shockwave","Blood for Blood+1","Heavy Blade+1","Uppercut+1"],"relics":["Burning Blood","Dodecahedron","Bottled Flame","Blood Vial","Mark of Pain","Toy Ornithopter","MutagenicStrength","Pen Nib","Vajra","Molten Egg 2","Snecko Eye","Strawberry","Charon\u0027s Ashes","Thread and Needle","Peace Pipe"],"potions_floor_usage":[7,7,16,25,25,31,33,50],"damage_taken":[{"damage":14,"enemies":"Small Slimes","floor":1,"turns":5},{"damage":13,"enemies":"2 Louse","floor":3,"turns":3},{"damage":4,"enemies":"Jaw Worm","floor":5,"turns":5},{"damage":15,"enemies":"Gremlin Nob","floor":7,"turns":5},{"damage":23,"enemies":"3 Sentries","floor":10,"turns":10},{"damage":6,"enemies":"Large Slime","floor":14,"turns":8},{"damage":28,"enemies":"Slime Boss","floor":16,"turns":15},{"damage":8,"enemies":"3 Byrds","floor":18,"turns":6},{"damage":33,"enemies":"Spheric Guardian","floor":20,"turns":6},{"damage":71,"enemies":"Gremlin Leader","floor":25,"turns":10},{"damage":4,"enemies":"Chosen and Byrds","floor":29,"turns":6},{"damage":4,"enemies":"Centurion and Healer","floor":30,"turns":7},{"damage":10,"enemies":"Slavers","floor":31,"turns":5},{"damage":36,"enemies":"Automaton","floor":33,"turns":12},{"damage":0,"enemies":"3 Darklings","floor":35,"turns":5},{"damage":15,"enemies":"3 Shapes","floor":39,"turns":4},{"damage":0,"enemies":"Mind Bloom Boss Battle","floor":44,"turns":10},{"damage":0,"enemies":"Reptomancer","floor":46,"turns":5},{"damage":0,"enemies":"3 Darklings","floor":47,"turns":2},{"damage":0,"enemies":"Spire Growth","floor":48,"turns":3},{"damage":0,"enemies":"Time Eater","floor":50,"turns":7}],"seed_played":"6349493299757621471","potions_obtained":[{"floor":1,"key":"Poison Potion"},{"floor":3,"key":"GamblersBrew"},{"floor":5,"key":"EssenceOfSteel"},{"floor":16,"key":"Energy Potion"},{"floor":18,"key":"Weak Potion"},{"floor":29,"key":"Energy Potion"},{"floor":30,"key":"EssenceOfSteel"},{"floor":35,"key":"Dexterity Potion"},{"floor":46,"key":"Ancient Potion"}],"is_trial":false,"path_per_floor":["M","?","M","$","M","R","E","R","T","E","?","$","?","M","R","B",null,"M","$","M","?","?","R","$","E","T","?","R","M","M","E","R","B",null,"M","?","?","$","M","R","$","R","T","?","$","E","M","M","R","B",null],"character_chosen":"IRONCLAD","items_purchased":["Corruption","Whirlwind","Disarm","Toy Ornithopter","Strawberry","AttackPotion"],"campfire_rested":1,"item_purchase_floors":[4,4,12,19,38,41],"current_hp_per_floor":[72,72,65,65,67,67,58,58,58,41,46,46,46,48,48,28,85,86,86,61,61,61,61,61,8,8,8,21,25,32,38,38,15,50,50,50,47,54,48,48,48,48,48,60,60,61,61,61,61,61],"gold":75,"neow_bonus":"UPGRADE_CARD","is_prod":false,"is_daily":false,"chose_seed":false,"campfire_upgraded":8,"win_rate":0,"timestamp":1563329262,"path_taken":["M","?","M","$","M","R","E","R","T","E","?","$","?","M","R","BOSS","M","$","M","?","?","R","$","E","T","?","R","M","?","E","R","BOSS","M","?","?","?","M","R","$","R","T","?","$","E","M","M","R","BOSS"],"build_version":"2019-07-05","purchased_purges":2,"victory":true,"max_hp_per_floor":[80,80,80,80,80,80,80,80,80,80,85,85,85,85,85,85,85,88,88,88,88,88,88,88,88,88,44,44,44,47,50,50,50,50,50,50,47,54,57,57,57,57,57,61,61,61,61,61,61,61],"card_choices":[{"not_picked":["Pommel Strike","Inflame"],"picked":"Metallicize","floor":1},{"not_picked":["Reckless Charge","Sword Boomerang"],"picked":"Iron Wave","floor":3},{"not_picked":["Twin Strike","Blood for Blood"],"picked":"True Grit","floor":5},{"not_picked":["Thunderclap","Rage"],"picked":"Shrug It Off","floor":7},{"not_picked":["Rampage","Flex"],"picked":"Impervious","floor":10},{"not_picked":["Second Wind","Corruption"],"picked":"Headbutt","floor":14},{"not_picked":["Exhume","Bludgeon"],"picked":"Feed","floor":16},{"not_picked":["Anger","Second Wind"],"picked":"Cleave","floor":18},{"not_picked":["Wild Strike","Pummel"],"picked":"Shrug It Off+1","floor":20},{"not_picked":["Berserk","Sword Boomerang"],"picked":"Infernal Blade+1","floor":25},{"not_picked":["Sword Boomerang","Intimidate"],"picked":"Armaments","floor":29},{"not_picked":["Clash","Carnage"],"picked":"Spot Weakness","floor":30},{"not_picked":["Burning Pact+1","Bludgeon"],"picked":"Armaments","floor":31},{"not_picked":["Double Tap","Immolate+1"],"picked":"Impervious","floor":33},{"not_picked":["Wild Strike+1","Twin Strike+1"],"picked":"Metallicize","floor":35},{"not_picked":["Dropkick+1","Shrug It Off","Twin Strike+1"],"picked":"SKIP","floor":39},{"not_picked":["Dropkick+1","Shrug It Off","Twin Strike+1"],"picked":"SKIP","floor":39},{"not_picked":["Flex+1","Havoc"],"picked":"Shockwave","floor":44},{"not_picked":["Sword Boomerang+1","Warcry"],"picked":"Blood for Blood+1","floor":46},{"not_picked":["Seeing Red","Sword Boomerang+1"],"picked":"Heavy Blade+1","floor":47},{"not_picked":["Havoc+1","Armaments"],"picked":"Uppercut+1","floor":48}],"player_experience":224945,"relics_obtained":[{"floor":7,"key":"Dodecahedron"},{"floor":9,"key":"Bottled Flame"},{"floor":10,"key":"Blood Vial"},{"floor":25,"key":"Pen Nib"},{"floor":26,"key":"Vajra"},{"floor":31,"key":"Molten Egg 2"},{"floor":43,"key":"Charon\u0027s Ashes"},{"floor":44,"key":"Thread and Needle"},{"floor":46,"key":"Peace Pipe"}],"event_choices":[{"damage_healed":0,"gold_gain":0,"player_choice":"Ignored","damage_taken":0,"max_hp_gain":0,"max_hp_loss":0,"event_name":"Liars Game","floor":2,"gold_loss":0},{"damage_healed":0,"gold_gain":0,"player_choice":"Donut","damage_taken":0,"max_hp_gain":5,"max_hp_loss":0,"event_name":"Big Fish","floor":11,"gold_loss":0},{"damage_healed":0,"gold_gain":56,"player_choice":"Gained Gold","damage_taken":0,"max_hp_gain":0,"max_hp_loss":0,"event_name":"Golden Wing","floor":13,"gold_loss":0},{"damage_healed":0,"gold_gain":0,"player_choice":"Read","damage_taken":0,"max_hp_gain":0,"max_hp_loss":0,"event_name":"The Library","floor":21,"gold_loss":0,"cards_obtained":["Uppercut"]},{"damage_healed":0,"gold_gain":0,"player_choice":"Inject Mutagens","damage_taken":0,"relics_obtained":["MutagenicStrength"],"max_hp_gain":0,"max_hp_loss":0,"event_name":"Drug Dealer","floor":22,"gold_loss":0},{"damage_healed":0,"gold_gain":0,"player_choice":"Became a Ghost","damage_taken":0,"max_hp_gain":0,"max_hp_loss":44,"event_name":"Ghosts","floor":27,"gold_loss":0,"cards_obtained":["Ghostly","Ghostly","Ghostly","Ghostly","Ghostly"]},{"damage_healed":0,"gold_gain":0,"player_choice":"Ignored","damage_taken":0,"max_hp_gain":0,"max_hp_loss":0,"event_name":"Tomb of Lord Red Mask","floor":36,"gold_loss":0},{"damage_healed":0,"gold_gain":0,"player_choice":"Max HP","damage_taken":0,"max_hp_gain":0,"max_hp_loss":3,"event_name":"Winding Halls","floor":37,"gold_loss":0},{"damage_healed":0,"gold_gain":0,"player_choice":"Fight","damage_taken":0,"max_hp_gain":0,"max_hp_loss":0,"event_name":"MindBloom","floor":44,"gold_loss":0}],"is_beta":false,"boss_relics":[{"not_picked":["Runic Dome","Busted Crown"],"picked":"Mark of Pain"},{"not_picked":["Runic Cube","Pandora\u0027s Box"],"picked":"Snecko Eye"}],"items_purged_floors":[41,45],"is_endless":false,"potions_floor_spawned":[1,3,5,16,18,29,30,35,46],"ascension_level":4}