{"gold_per_floor":[117,117,117,130,45,45,45,58,103,103,114,114,131,160,160,260,260,260,310,328,7,23,23,40,58,107,141,141,157,157,32,32,135,185,201,201,201,212,230,260,260,24,24,24,124,137,137],"floor_reached":47,"playtime":5980,"items_purged":["Strike_G","Strike_G"],"score":619,"play_id":"f1bedfd4-3fc3-41d2-8c67-21338df52593","local_time":"20190723225817","is_ascension_mode":true,"campfire_choices":[{"floor":6,"key":"REST"},{"floor":12,"key":"REST"},{"data":"Well Laid Plans","floor":15,"key":"SMITH"},{"data":"Noxious Fumes","floor":23,"key":"SMITH"},{"floor":28,"key":"REST"},{"floor":30,"key":"REST"},{"data":"After Image","floor":32,"key":"SMITH"},{"floor":41,"key":"REST"},{"data":"Malaise","floor":44,"key":"SMITH"}],"neow_cost":"NONE","seed_source_timestamp":54371673377553,"circlet_count":0,"master_deck":["Strike_G+1","Strike_G+1","Strike_G+1","Defend_G","Defend_G","Defend_G","Defend_G","Defend_G","Survivor+1","Neutralize+1","Footwork+1","Well Laid Plans+1","Caltrops","Choke","Infinite Blades","Deflect","Infinite Blades","Malaise+1","Cloak And Dagger","Accuracy","Outmaneuver","Leg Sweep","Calculated Gamble","PiercingWail","Noxious Fumes+1","Panache","Backflip","Poisoned Stab","Heel Hook","Sucker Punch+1","PiercingWail","After Image+1","Dodge and Roll","After Image","Terror","Sucker Punch+1","Finesse","Discovery","Flying Knee+1","Venomology","Dodge and Roll","Bouncing Flask+1","Escape Plan+1"],"relics":["Ring of the Snake","Omamori","Smiling Mask","Whetstone","Kunai","Ornamental Fan","Orrery","Ancient Tea Set","Meat on the Bone","Tiny House","Bottled Tornado","Frozen Egg 2","TwistedFunnel","Letter Opener","Peace Pipe"],"potions_floor_usage":[18,25,25,25,29,33,38,38,45,46,47,47,47],"damage_taken":[{"damage":1,"enemies":"Small Slimes","floor":1,"turns":4},{"damage":0,"enemies":"Cultist","floor":4,"turns":5},{"damage":2,"enemies":"Jaw Worm","floor":8,"turns":5},{"damage":28,"enemies":"Gremlin Gang","floor":11,"turns":8},{"damage":0,"enemies":"Large Slime","floor":13,"turns":7},{"damage":2,"enemies":"Lagavulin","floor":14,"turns":8},{"damage":13,"enemies":"Slime Boss","floor":16,"turns":10},{"damage":0,"enemies":"2 Thieves","floor":18,"turns":1},{"damage":3,"enemies":"Chosen","floor":20,"turns":7},{"damage":7,"enemies":"Snake Plant","floor":22,"turns":7},{"damage":1,"enemies":"Shelled Parasite and Fungi","floor":24,"turns":7},{"damage":30,"enemies":"Sentry and Sphere","floor":25,"turns":5},{"damage":15,"enemies":"Gremlin Leader","floor":27,"turns":6},{"damage":7,"enemies":"Centurion and Healer","floor":29,"turns":7},{"damage":6,"enemies":"Champ","floor":33,"turns":12},{"damage":3,"enemies":"Orb Walker","floor":35,"turns":6},{"damage":0,"enemies":"3 Darklings","floor":38,"turns":6},{"damage":3,"enemies":"Spire Growth","floor":39,"turns":6},{"damage":53,"enemies":"Nemesis","floor":40,"turns":9},{"damage":0,"enemies":"Mind Bloom Boss Battle","floor":45,"turns":7},{"damage":5,"enemies":"4 Shapes","floor":46,"turns":3},{"damage":55,"enemies":"Transient","floor":47,"turns":5}],"seed_played":"4362045051546232393","potions_obtained":[{"floor":1,"key":"Weak Potion"},{"floor":14,"key":"SmokeBomb"},{"floor":16,"key":"SpeedPotion"},{"floor":20,"key":"EssenceOfSteel"},{"floor":25,"key":"Swift Potion"},{"floor":33,"key":"Swift Potion"},{"floor":34,"key":"Energy Potion"},{"floor":39,"key":"Fire Potion"},{"floor":40,"key":"AttackPotion"},{"floor":45,"key":"SneckoOil"}],"is_trial":false,"path_per_floor":["M","?","?","M","$","R","?","M","T","T","M","R","M","E","R","B",null,"M","?","M","$","M","R","M","M","T","E","R","M","R","$","R","B",null,"M","?","T","M","M","E","R","$","T","R","?","M","M"],"character_chosen":"THE_SILENT","items_purchased":["Caltrops","Noxious Fumes","Panache","Backflip","Poisoned Stab","Dodge and Roll","Strength Potion","TwistedFunnel","Dodge and Roll"],"campfire_rested":5,"item_purchase_floors":[5,21,21,21,21,31,31,42,42],"current_hp_per_floor":[69,55,48,48,48,69,69,67,67,67,39,60,60,58,58,45,64,64,64,61,61,54,54,53,23,23,8,29,34,55,55,55,49,70,67,62,62,62,59,18,40,40,40,40,40,47,0],"gold":137,"neow_bonus":"RANDOM_COMMON_RELIC","is_prod":false,"is_daily":false,"chose_seed":false,"campfire_upgraded":4,"win_rate":0,"timestamp":1563937097,"path_taken":["M","?","?","M","$","R","?","?","T","?","M","R","?","E","R","BOSS","M","?","M","$","M","R","M","?","T","E","R","M","R","$","R","BOSS","M","?","?","?","M","E","R","$","T","R","?","M","M"],"build_version":"2019-07-17","purchased_purges":2,"victory":false,"max_hp_per_floor":[70,70,70,70,70,70,70,70,70,70,70,70,70,70,70,70,70,70,70,70,70,70,70,70,70,70,70,70,70,70,70,70,70,75,75,75,75,75,75,75,75,75,75,75,75,75,75],"card_choices":[{"not_picked":["Finisher","PiercingWail"],"picked":"Footwork","floor":1},{"not_picked":["Poisoned Stab","Prepared"],"picked":"Well Laid Plans","floor":4},{"not_picked":["Expertise","Finisher"],"picked":"Choke","floor":8},{"not_picked":["Bouncing Flask","Poisoned Stab"],"picked":"Infinite Blades","floor":11},{"not_picked":["Riddle With Holes","Bane"],"picked":"Deflect","floor":13},{"not_picked":["Phantasmal Killer","Dagger Spray"],"picked":"Infinite Blades","floor":14},{"not_picked":["Storm of Steel","A Thousand Cuts"],"picked":"Malaise","floor":16},{"not_picked":["Wraith Form v2","Bane"],"picked":"Cloak And Dagger","floor":17},{"not_picked":["Infinite Blades","Quick Slash"],"picked":"Accuracy","floor":17},{"not_picked":["Deadly Poison","Acrobatics"],"picked":"Outmaneuver","floor":17},{"not_picked":["Quick Slash","Poisoned Stab"],"picked":"Leg Sweep","floor":17},{"not_picked":["Sucker Punch","Bane"],"picked":"Calculated Gamble","floor":17},{"not_picked":["Blade Dance","Heel Hook"],"picked":"PiercingWail","floor":20},{"not_picked":["Finisher","Slice"],"picked":"Heel Hook","floor":22},{"not_picked":["Outmaneuver","Underhanded Strike"],"picked":"Sucker Punch+1","floor":24},{"not_picked":["Outmaneuver","Acrobatics"],"picked":"PiercingWail","floor":25},{"not_picked":["Outmaneuver","Sucker Punch"],"picked":"After Image","floor":27},{"not_picked":["Underhanded Strike","Poisoned Stab","Outmaneuver"],"picked":"SKIP","floor":29},{"not_picked":["Burst","Doppelganger"],"picked":"After Image","floor":33},{"not_picked":["Acrobatics+1","Deflect"],"picked":"Terror","floor":34},{"not_picked":["Masterful Stab","All Out Attack+1"],"picked":"Sucker Punch+1","floor":35},{"not_picked":["Discovery","Good Instincts"],"picked":"Finesse","floor":36},{"not_picked":["Blind","HandOfGreed"],"picked":"Discovery","floor":36},{"not_picked":["Prepared","Accuracy+1"],"picked":"Flying Knee+1","floor":38},{"not_picked":["Well Laid Plans+1","Infinite Blades+1","Predator+1"],"picked":"SKIP","floor":39},{"not_picked":["Deadly Poison+1","Choke"],"picked":"Venomology","floor":40},{"not_picked":["Tactician+1","Finisher+1"],"picked":"Bouncing Flask+1","floor":45},{"not_picked":["Riddle With Holes+1","Quick Slash"],"picked":"Escape Plan+1","floor":46}],"player_experience":299404,"relics_obtained":[{"floor":9,"key":"Whetstone"},{"floor":10,"key":"Kunai"},{"floor":14,"key":"Ornamental Fan"},{"floor":26,"key":"Ancient Tea Set"},{"floor":27,"key":"Meat on the Bone"},{"floor":37,"key":"Bottled Tornado"},{"floor":40,"key":"Frozen Egg 2"},{"floor":43,"key":"Letter Opener"},{"floor":45,"key":"Peace Pipe"}],"event_choices":[{"damage_healed":0,"gold_gain":0,"player_choice":"Entered Light","damage_taken":14,"max_hp_gain":0,"max_hp_loss":0,"event_name":"Shining Light","floor":2,"gold_loss":0,"cards_upgraded":["Footwork","Strike_G"]},{"damage_healed":0,"gold_gain":0,"player_choice":"Success","damage_taken":7,"relics_obtained":["Smiling Mask"],"max_hp_gain":0,"max_hp_loss":0,"event_name":"Scrap Ooze","floor":3,"gold_loss":0},{"damage_healed":0,"gold_gain":0,"player_choice":"Upgraded","damage_taken":0,"max_hp_gain":0,"max_hp_loss":0,"event_name":"Upgrade Shrine","floor":7,"gold_loss":0,"cards_upgraded":["Neutralize"]},{"damage_healed":0,"gold_gain":100,"player_choice":"Bet on Murderer","damage_taken":0,"max_hp_gain":0,"max_hp_loss":0,"event_name":"The Joust","floor":19,"gold_loss":50},{"damage_healed":0,"gold_gain":0,"player_choice":"Memory 2","damage_taken":5,"max_hp_gain":0,"max_hp_loss":0,"event_name":"SensoryStone","floor":36,"gold_loss":0},{"damage_healed":0,"gold_gain":0,"player_choice":"Fight","damage_taken":0,"max_hp_gain":0,"max_hp_loss":0,"event_name":"MindBloom","floor":45,"gold_loss":0}],"is_beta":false,"boss_relics":[{"not_picked":["Ring of the Serpent","Fusion Hammer"],"picked":"Orrery"},{"not_picked":["Sozu","Runic Dome"],"picked":"Tiny House"}],"items_purged_floors":[5,31],"is_endless":false,"potions_floor_spawned":[1,14,16,18,20,22,25,33,39,40,45],"killed_by":"Transient","ascension_level":5}