{"gold_per_floor":[118,134,5,5,24,58,58,76,76,95,95,95,113,133,133,211,211,221,13,30,30,43,43,71,71,147,147,147,147],"floor_reached":29,"playtime":1803,"items_purged":["Strike_B","Strike_B"],"score":490,"play_id":"21065ea4-5884-43c9-a09d-e944fb3b2c58","local_time":"20190822153456","is_ascension_mode":true,"campfire_choices":[{"data":"Zap","floor":7.0,"key":"SMITH"},{"data":"Defragment","floor":11.0,"key":"SMITH"},{"data":"Hologram","floor":15.0,"key":"SMITH"},{"data":"Force Field","floor":23.0,"key":"SMITH"},{"data":"Barrage","floor":25,"key":"SMITH"}],"neow_cost":"NONE","seed_source_timestamp":0,"circlet_count":0,"master_deck":["AscendersBane","Strike_B","Strike_B","Defend_B","Defend_B","Defend_B","Defend_B","Zap+1","Dualcast","Leap","Cold Snap","Self Repair","Gash","Defragment+1","Hologram+1","Coolheaded","Loop","Electrodynamics","Barrage+1","All For One","Force Field+1","Conserve Battery","BootSequence","Leap","Glacier"],"special_seed":0,"relics":["Cracked Core","Smiling Mask","Blood Vial","Potion Belt","CultistMask","Runic Dome","Frozen Egg 2","Molten Egg 2"],"potions_floor_usage":[],"damage_taken":[{"damage":2.0,"enemies":"Jaw Worm","floor":1.0,"turns":3.0},{"damage":1.0,"enemies":"Cultist","floor":2.0,"turns":4.0},{"damage":0.0,"enemies":"2 Louse","floor":5.0,"turns":1.0},{"damage":39.0,"enemies":"3 Sentries","floor":6.0,"turns":11.0},{"damage":12.0,"enemies":"Looter","floor":8.0,"turns":4.0},{"damage":3.0,"enemies":"Blue Slaver","floor":10.0,"turns":3.0},{"damage":1.0,"enemies":"2 Fungi Beasts","floor":13.0,"turns":4.0},{"damage":3.0,"enemies":"Red Slaver","floor":14.0,"turns":4.0},{"damage":27.0,"enemies":"The Guardian","floor":16.0,"turns":14.0},{"damage":21.0,"enemies":"Chosen","floor":18.0,"turns":6.0},{"damage":20.0,"enemies":"3 Byrds","floor":20.0,"turns":4.0},{"damage":1.0,"enemies":"Centurion and Healer","floor":22.0,"turns":6.0},{"damage":31,"enemies":"Gremlin Leader","floor":24,"turns":6},{"damage":25,"enemies":"Cultist and Chosen","floor":29,"turns":3}],"seed_played":"-1197314298540173801","potions_obtained":[{"floor":2.0,"key":"Explosive Potion"},{"floor":4.0,"key":"LiquidBronze"},{"floor":4.0,"key":"Swift Potion"},{"floor":10.0,"key":"EssenceOfSteel"},{"floor":14.0,"key":"Regen Potion"},{"floor":22.0,"key":"PowerPotion"},{"floor":24,"key":"Block Potion"}],"is_trial":false,"path_per_floor":["M","M","$","?","M","E","R","M","T","M","R","?","M","M","R","B",null,"M","$","M","?","M","R","E","R","T","?","?","M"],"character_chosen":"DEFECT","items_purchased":["Self Repair","All For One","Force Field"],"campfire_rested":0,"item_purchase_floors":[3,19,19],"current_hp_per_floor":[62,61,61,61,61,29,29,26,26,32,32,32,40,46,46,28,60,48,48,37,37,45,45,23,23,23,23,23,0],"gold":147,"neow_bonus":"RANDOM_COMMON_RELIC","is_prod":false,"is_daily":false,"chose_seed":false,"campfire_upgraded":5,"win_rate":0,"timestamp":1566455696,"path_taken":["M","M","$","?","M","E","R","M","T","?","R","?","M","M","R","BOSS","M","$","?","?","M","R","E","R","T","?","?","M"],"build_version":"2019-07-17","purchased_purges":2,"victory":false,"max_hp_per_floor":[71,71,71,71,71,71,71,71,71,71,71,71,71,71,71,71,71,71,71,71,71,71,71,71,71,71,71,71,71],"card_choices":[{"not_picked":["Tempest","Streamline"],"picked":"Leap","floor":1.0},{"not_picked":["Conserve Battery","Ball Lightning"],"picked":"Cold Snap","floor":2.0},{"not_picked":["White Noise","Turbo"],"picked":"Gash","floor":5.0},{"not_picked":["Redo","Buffer"],"picked":"Defragment","floor":6.0},{"not_picked":["Sweeping Beam","Turbo"],"picked":"Hologram","floor":8.0},{"not_picked":["Sunder","Rip and Tear","Rebound"],"picked":"SKIP","floor":10.0},{"not_picked":["Stack","Turbo"],"picked":"Coolheaded","floor":13.0},{"not_picked":["Skim","Streamline"],"picked":"Loop","floor":14.0},{"not_picked":["Creative AI","Seek"],"picked":"Electrodynamics","floor":16.0},{"not_picked":["Rebound","Stack+1"],"picked":"Barrage","floor":18.0},{"not_picked":["Stack+1","Ball Lightning"],"picked":"Conserve Battery","floor":20.0},{"not_picked":["Compile Driver","Machine Learning"],"picked":"BootSequence","floor":22.0},{"not_picked":["Turbo","All For One"],"picked":"Leap","floor":24}],"player_experience":542072,"relics_obtained":[{"floor":6.0,"key":"Blood Vial"},{"floor":9.0,"key":"Potion Belt"},{"floor":24,"key":"Frozen Egg 2"},{"floor":26,"key":"Molten Egg 2"}],"event_choices":[{"damage_healed":0.0,"max_hp_gain":0.0,"max_hp_loss":0.0,"gold_gain":0.0,"event_name":"Lab","player_choice":"Got Potions","floor":4.0,"gold_loss":0.0,"damage_taken":0.0},{"damage_healed":0.0,"max_hp_gain":0.0,"max_hp_loss":0.0,"gold_gain":0.0,"event_name":"FaceTrader","player_choice":"Trade","floor":12.0,"gold_loss":0.0,"damage_taken":0.0,"relics_obtained":["CultistMask"]},{"damage_healed":0.0,"max_hp_gain":0.0,"max_hp_loss":0.0,"gold_gain":0.0,"event_name":"Cursed Tome","player_choice":"Ignored","floor":21.0,"gold_loss":0.0,"damage_taken":0.0},{"damage_healed":0,"gold_gain":0,"player_choice":"Ignored","damage_taken":0,"max_hp_gain":0,"max_hp_loss":0,"event_name":"Ghosts","floor":27,"gold_loss":0},{"damage_healed":0,"gold_gain":0,"player_choice":"Read","damage_taken":0,"max_hp_gain":0,"max_hp_loss":0,"event_name":"The Library","floor":28,"gold_loss":0,"cards_obtained":["Glacier"]}],"is_beta":false,"boss_relics":[{"not_picked":["Lizard Tail","Nuclear Battery"],"picked":"Runic Dome"}],"items_purged_floors":[3,19],"is_endless":false,"potions_floor_spawned":[2,5,10,14,22,24],"killed_by":"Cultist and Chosen","ascension_level":20}