{"gold_per_floor":[112,124,138,313,331,331,361,361,384,409,409,484,511,20,20,115,115,126,126,143,58,58,58,89,109,109,109,125,125],"floor_reached":29,"playtime":1869,"items_purged":[],"score":274,"play_id":"1b4b66ff-17c1-43da-947d-b3b4725fe415","local_time":"20190812015702","is_ascension_mode":true,"campfire_choices":[{"data":"Searing Blow","floor":6,"key":"SMITH"},{"data":"Searing Blow+1","floor":8,"key":"SMITH"},{"floor":11,"key":"REST"},{"floor":15,"key":"REST"},{"floor":23,"key":"REST"}],"neow_cost":"NONE","seed_source_timestamp":271198856418618,"circlet_count":0,"master_deck":["Strike_R+1","Strike_R","Strike_R","Strike_R","Defend_R","Defend_R+1","Defend_R+1","Defend_R","Bash+1","Body Slam","Clash","Searing Blow+2","Doubt","Armaments","Blood for Blood","Shrug It Off","Second Wind","The Bomb","Armaments","Limit Break","Flex","Spot Weakness","Power Through","Heavy Blade+1","Shrug It Off","Battle Trance"],"relics":["Burning Blood","War Paint","Red Skull","Whetstone","Ginger","Pantograph","Philosopher\u0027s Stone","MutagenicStrength","Self Forming Clay","Gambling Chip","Potion Belt"],"potions_floor_usage":[7,28],"damage_taken":[{"damage":0,"enemies":"2 Louse","floor":1,"turns":3},{"damage":17,"enemies":"Small Slimes","floor":2,"turns":4},{"damage":6,"enemies":"Jaw Worm","floor":3,"turns":3},{"damage":7,"enemies":"3 Louse","floor":5,"turns":3},{"damage":25,"enemies":"Gremlin Nob","floor":7,"turns":4},{"damage":41,"enemies":"3 Sentries","floor":10,"turns":9},{"damage":5,"enemies":"Gremlin Nob","floor":13,"turns":4},{"damage":56,"enemies":"The Guardian","floor":16,"turns":12},{"damage":29,"enemies":"Spheric Guardian","floor":18,"turns":6},{"damage":14,"enemies":"Shell Parasite","floor":20,"turns":5},{"damage":50,"enemies":"Book of Stabbing","floor":24,"turns":5},{"damage":17,"enemies":"Centurion and Healer","floor":25,"turns":4},{"damage":11,"enemies":"3 Cultists","floor":28,"turns":3},{"damage":16,"enemies":"Sentry and Sphere","floor":29,"turns":3}],"seed_played":"-7082681679270555071","potions_obtained":[{"floor":5,"key":"SkillPotion"},{"floor":16,"key":"Ancient Potion"},{"floor":20,"key":"Dexterity Potion"},{"floor":28,"key":"Ancient Potion"}],"is_trial":false,"path_per_floor":["M","M","M","?","M","R","E","R","T","E","R","?","E","$","R","B",null,"M","?","M","?","?","R","E","M","T","?","M","M"],"character_chosen":"IRONCLAD","items_purchased":["Pantograph","The Bomb","Armaments"],"campfire_rested":3,"item_purchase_floors":[14,14,14],"current_hp_per_floor":[88,77,77,77,76,76,57,57,57,22,48,37,38,38,64,38,88,65,65,57,57,40,67,23,12,12,12,7,0],"gold":125,"neow_bonus":"TEN_PERCENT_HP_BONUS","is_prod":false,"is_daily":false,"chose_seed":false,"campfire_upgraded":2,"win_rate":0,"timestamp":1565589422,"path_taken":["M","M","M","?","M","R","E","R","T","E","R","?","E","?","R","BOSS","M","?","M","?","?","R","E","M","T","?","M","M"],"build_version":"2019-07-17","purchased_purges":0,"victory":false,"max_hp_per_floor":[88,88,88,88,88,88,88,88,88,88,88,88,88,88,88,88,88,88,88,88,88,93,93,93,93,93,93,93,93],"card_choices":[{"not_picked":["Iron Wave","Twin Strike"],"picked":"Body Slam","floor":1},{"not_picked":["Clothesline","Intimidate"],"picked":"Clash","floor":2},{"not_picked":["Heavy Blade","Headbutt"],"picked":"Searing Blow","floor":3},{"not_picked":["Sword Boomerang","Infernal Blade"],"picked":"Armaments","floor":5},{"not_picked":["Cleave","Corruption"],"picked":"Blood for Blood","floor":7},{"not_picked":["Flex","Thunderclap"],"picked":"Shrug It Off","floor":10},{"not_picked":["Reckless Charge","Carnage"],"picked":"Second Wind","floor":13},{"not_picked":["Bludgeon","Double Tap"],"picked":"Limit Break","floor":16},{"not_picked":["Armaments","Iron Wave"],"picked":"Flex","floor":18},{"not_picked":["Cleave","Shrug It Off"],"picked":"Spot Weakness","floor":20},{"not_picked":["Whirlwind","Searing Blow+1"],"picked":"Power Through","floor":24},{"not_picked":["Carnage+1","True Grit+1"],"picked":"Heavy Blade+1","floor":25},{"not_picked":["Thunderclap+1","Pommel Strike"],"picked":"Battle Trance","floor":28}],"player_experience":32086,"relics_obtained":[{"floor":7,"key":"War Paint"},{"floor":9,"key":"Red Skull"},{"floor":10,"key":"Whetstone"},{"floor":13,"key":"Ginger"},{"floor":24,"key":"Gambling Chip"},{"floor":26,"key":"Potion Belt"}],"event_choices":[{"damage_healed":0,"gold_gain":175,"player_choice":"AGREE","damage_taken":0,"max_hp_gain":0,"max_hp_loss":0,"event_name":"Liars Game","floor":4,"gold_loss":0,"cards_obtained":["Doubt"]},{"damage_healed":0,"gold_gain":75,"player_choice":"Gather Gold","damage_taken":11,"max_hp_gain":0,"max_hp_loss":0,"event_name":"World of Goop","floor":12,"gold_loss":0},{"damage_healed":0,"gold_gain":0,"player_choice":"Inject Mutagens","damage_taken":0,"relics_obtained":["MutagenicStrength"],"max_hp_gain":0,"max_hp_loss":0,"event_name":"Drug Dealer","floor":19,"gold_loss":0},{"damage_healed":0,"gold_gain":0,"player_choice":"Obtained Relic","damage_taken":0,"relics_obtained":["Self Forming Clay"],"max_hp_gain":0,"max_hp_loss":0,"event_name":"Addict","floor":21,"gold_loss":85},{"damage_healed":0,"gold_gain":0,"player_choice":"Shed Blood","damage_taken":22,"max_hp_gain":5,"max_hp_loss":0,"event_name":"Forgotten Altar","floor":22,"gold_loss":0},{"damage_healed":0,"gold_gain":0,"cards_transformed":["Strike_R"],"player_choice":"Transformed","damage_taken":0,"max_hp_gain":0,"max_hp_loss":0,"event_name":"Transmorgrifier","floor":27,"gold_loss":0,"cards_obtained":["Shrug It Off"]}],"is_beta":false,"boss_relics":[{"not_picked":["Lizard Tail","White Beast Statue"],"picked":"Philosopher\u0027s Stone"}],"items_purged_floors":[],"is_endless":false,"potions_floor_spawned":[5,16,20,28],"killed_by":"Sentry and Sphere","ascension_level":1}