{"gold_per_floor":[113,186,65,75,150,150,178,238,238,238,255,283,283,302,302,401,401,419,419,419,5,18,18,38,70,70,70,90,90,90],"floor_reached":30,"playtime":3426,"items_purged":["Strike_R"],"score":345,"play_id":"336c7498-8421-4775-94ec-2feffedd203a","local_time":"20190722230824","is_ascension_mode":true,"campfire_choices":[{"data":"Uppercut","floor":6,"key":"SMITH"},{"data":"Corruption","floor":10,"key":"SMITH"},{"floor":13,"key":"REST"},{"data":"Battle Trance","floor":15,"key":"SMITH"},{"data":"Armaments","floor":23,"key":"SMITH"},{"floor":27,"key":"REST"}],"neow_cost":"NONE","seed_source_timestamp":20160032662190,"circlet_count":0,"master_deck":["Strike_R+1","Strike_R+1","Strike_R+1","Strike_R+1","Defend_R+1","Defend_R+1","Defend_R+1","Defend_R+1","Bash","Uppercut+1","Clothesline+1","Battle Trance+1","Clothesline+1","Corruption+1","Wild Strike+1","Iron Wave+1","Iron Wave+1","Demon Form","Inflame","Burning Pact","Shrug It Off","Armaments+1","Dropkick+1","Iron Wave+1","Iron Wave+1"],"relics":["Black Blood","Molten Egg 2","Self Forming Clay","The Courier","Letter Opener","Question Card","FaceOfCleric","Ornamental Fan","Oddly Smooth Stone","Sundial","Bottled Tornado","MutagenicStrength"],"potions_floor_usage":[7,8,12,16,16,25,30],"damage_taken":[{"damage":6,"enemies":"Cultist","floor":1,"turns":4},{"damage":2,"enemies":"2 Louse","floor":4,"turns":3},{"damage":45,"enemies":"3 Sentries","floor":7,"turns":11},{"damage":17,"enemies":"3 Sentries","floor":8,"turns":9},{"damage":4,"enemies":"Small Slimes","floor":11,"turns":3},{"damage":7,"enemies":"Lagavulin","floor":12,"turns":6},{"damage":1,"enemies":"Exordium Wildlife","floor":14,"turns":3},{"damage":24,"enemies":"Hexaghost","floor":16,"turns":10},{"damage":18,"enemies":"Chosen","floor":18,"turns":6},{"damage":2,"enemies":"Shell Parasite","floor":22,"turns":8},{"damage":12,"enemies":"Shelled Parasite and Fungi","floor":24,"turns":9},{"damage":32,"enemies":"Book of Stabbing","floor":25,"turns":8},{"damage":22,"enemies":"Cultist and Chosen","floor":28,"turns":9},{"damage":87,"enemies":"Gremlin Leader","floor":30,"turns":9}],"seed_played":"-4840313434734934571","potions_obtained":[{"floor":0,"key":"Block Potion"},{"floor":0,"key":"Block Potion"},{"floor":0,"key":"BloodPotion"},{"floor":7,"key":"Regen Potion"},{"floor":14,"key":"Strength Potion"},{"floor":16,"key":"Weak Potion"},{"floor":28,"key":"EssenceOfSteel"}],"is_trial":false,"path_per_floor":["M","T","$","M","?","R","E","?","T","R","M","E","R","M","R","B",null,"M","?","?","$","M","R","M","E","T","R","M","?","E"],"character_chosen":"IRONCLAD","items_purchased":["Clothesline+1","Ornamental Fan","Oddly Smooth Stone","Burning Pact","Shrug It Off"],"campfire_rested":2,"item_purchase_floors":[3,21,21,21,21],"current_hp_per_floor":[80,80,80,80,69,69,50,39,39,39,41,54,78,80,80,62,76,68,68,68,68,77,77,76,55,55,79,68,68,0],"gold":90,"neow_bonus":"THREE_SMALL_POTIONS","is_prod":false,"is_daily":false,"chose_seed":false,"campfire_upgraded":4,"win_rate":0,"timestamp":1563851304,"path_taken":["M","?","$","M","?","R","E","?","T","R","M","E","R","M","R","BOSS","M","?","?","$","?","R","M","E","T","R","M","?","E"],"build_version":"2019-07-17","purchased_purges":1,"victory":false,"max_hp_per_floor":[80,80,80,80,80,80,80,80,80,80,80,80,80,80,80,80,80,80,80,80,80,81,81,82,83,83,83,84,84,84],"card_choices":[{"not_picked":["Armaments","Havoc"],"picked":"Uppercut","floor":1},{"not_picked":["Perfected Strike+1","Uppercut+1"],"picked":"Battle Trance","floor":4},{"not_picked":["Havoc","Clash+1"],"picked":"Clothesline+1","floor":7},{"not_picked":["Power Through","Warcry"],"picked":"Corruption","floor":8},{"not_picked":["Havoc","Flex"],"picked":"Wild Strike+1","floor":11},{"not_picked":["Flex","Warcry"],"picked":"Iron Wave+1","floor":12},{"not_picked":["Fiend Fire+1","Sword Boomerang+1","Heavy Blade+1"],"picked":"Iron Wave+1","floor":14},{"not_picked":["Brutality","Bludgeon+1","Barricade"],"picked":"Demon Form","floor":16},{"not_picked":["Sword Boomerang+1","Warcry+1","Twin Strike+1"],"picked":"Inflame","floor":18},{"not_picked":["Sever Soul+1","Second Wind+1","True Grit"],"picked":"Armaments","floor":22},{"not_picked":["Sentinel","Body Slam+1","Searing Blow+1"],"picked":"Dropkick+1","floor":24},{"not_picked":["Intimidate+1","Infernal Blade","Wild Strike+1"],"picked":"Iron Wave+1","floor":25},{"not_picked":["Clothesline+1","Carnage+1","Sword Boomerang+1"],"picked":"Iron Wave+1","floor":28}],"player_experience":286677,"relics_obtained":[{"floor":2,"key":"Molten Egg 2"},{"floor":7,"key":"Self Forming Clay"},{"floor":8,"key":"The Courier"},{"floor":9,"key":"Letter Opener"},{"floor":12,"key":"Question Card"},{"floor":25,"key":"Sundial"},{"floor":26,"key":"Bottled Tornado"}],"event_choices":[{"damage_healed":0,"gold_gain":75,"player_choice":"Gather Gold","damage_taken":11,"max_hp_gain":0,"max_hp_loss":0,"event_name":"World of Goop","floor":5,"gold_loss":0},{"damage_healed":0,"gold_gain":0,"player_choice":"Searched \u00271\u0027 times","damage_taken":0,"max_hp_gain":0,"max_hp_loss":0,"event_name":"Dead Adventurer","floor":8,"gold_loss":0},{"damage_healed":0,"gold_gain":0,"player_choice":"Simplicity","damage_taken":0,"max_hp_gain":0,"max_hp_loss":0,"event_name":"Back to Basics","floor":19,"gold_loss":0,"cards_upgraded":["Strike_R","Strike_R","Strike_R","Strike_R","Defend_R","Defend_R","Defend_R","Defend_R"]},{"damage_healed":0,"gold_gain":0,"player_choice":"Trade","damage_taken":0,"relics_obtained":["FaceOfCleric"],"max_hp_gain":0,"max_hp_loss":0,"event_name":"FaceTrader","floor":20,"gold_loss":0},{"damage_healed":0,"gold_gain":0,"player_choice":"Inject Mutagens","damage_taken":0,"relics_obtained":["MutagenicStrength"],"max_hp_gain":0,"max_hp_loss":0,"event_name":"Drug Dealer","floor":29,"gold_loss":0}],"is_beta":false,"boss_relics":[{"not_picked":["Ectoplasm","Runic Cube"],"picked":"Black Blood"}],"items_purged_floors":[3],"is_endless":false,"potions_floor_spawned":[7,14,16,28],"killed_by":"Gremlin Leader","ascension_level":5}