{"gold_per_floor":[111,36,47,47,62,62,77,77,101,121,196,222,234,246,258,341,353,380,204,254,274,285,285,285],"floor_reached":24,"playtime":1451,"items_purged":["Defend_B","Defend_B"],"score":343,"play_id":"2cbaca5c-4108-4c02-9e5a-bc4d31f4a1f2","local_time":"20190808034114","is_ascension_mode":true,"campfire_choices":[{"data":"Zap","floor":6,"key":"SMITH"},{"data":"Defragment","floor":8,"key":"SMITH"},{"floor":13,"key":"REST"},{"floor":15,"key":"REST"},{"data":"Dualcast","floor":23,"key":"SMITH"}],"neow_cost":"NONE","seed_source_timestamp":563452576355665,"circlet_count":0,"master_deck":["AscendersBane","Strike_B","Strike_B","Defend_B","Defend_B","Zap+1","Dualcast+1","Capacitor","Coolheaded","Defragment+1","Go for the Eyes","Glacier","All For One","Hologram","Reinforced Body","Beam Cell","BootSequence","Streamline+1"],"relics":["Cracked Core","Oddly Smooth Stone","MawBank","Runic Dome"],"potions_floor_usage":[12,24],"damage_taken":[{"damage":1,"enemies":"Cultist","floor":1,"turns":3},{"damage":8,"enemies":"Jaw Worm","floor":3,"turns":4},{"damage":9,"enemies":"2 Louse","floor":5,"turns":2},{"damage":5,"enemies":"Red Slaver","floor":7,"turns":3},{"damage":14,"enemies":"3 Louse","floor":10,"turns":5},{"damage":13,"enemies":"3 Sentries","floor":12,"turns":10},{"damage":11,"enemies":"Slime Boss","floor":16,"turns":18},{"damage":2,"enemies":"Chosen","floor":18,"turns":5},{"damage":4,"enemies":"3 Byrds","floor":21,"turns":5},{"damage":24,"enemies":"Snake Plant","floor":22,"turns":4},{"damage":36,"enemies":"Gremlin Leader","floor":24,"turns":4}],"seed_played":"4535756985652934321","potions_obtained":[{"floor":3,"key":"SkillPotion"},{"floor":7,"key":"SkillPotion"},{"floor":10,"key":"Weak Potion"},{"floor":21,"key":"FocusPotion"}],"is_trial":false,"path_per_floor":["M","$","M","$","M","R","M","R","T","M","?","E","R","?","R","B",null,"M","$","?","M","M","R","E"],"character_chosen":"DEFECT","items_purchased":["Reinforced Body","Beam Cell"],"campfire_rested":2,"item_purchase_floors":[19,19],"current_hp_per_floor":[63,63,55,55,46,46,41,41,41,27,16,3,24,24,45,34,62,60,60,60,56,32,32,0],"gold":285,"neow_bonus":"REMOVE_CARD","is_prod":false,"is_daily":false,"chose_seed":false,"campfire_upgraded":3,"win_rate":0,"timestamp":1565203274,"path_taken":["M","$","M","?","M","R","M","R","T","M","?","E","R","?","R","BOSS","M","$","?","M","M","R","E"],"build_version":"2019-07-17","purchased_purges":2,"victory":false,"max_hp_per_floor":[71,71,71,71,71,71,71,71,71,71,71,71,71,71,71,71,71,71,71,71,71,71,71,71],"card_choices":[{"not_picked":["Streamline","Force Field"],"picked":"Capacitor","floor":1},{"not_picked":["Auto Shields","Turbo"],"picked":"Coolheaded","floor":3},{"not_picked":["Heatsinks","Conserve Battery"],"picked":"Defragment","floor":5},{"not_picked":["Coolheaded","Capacitor"],"picked":"Go for the Eyes","floor":7},{"not_picked":["Sweeping Beam","Chill"],"picked":"Glacier","floor":10},{"not_picked":["Rebound","Reprogram","Static Discharge"],"picked":"SKIP","floor":12},{"not_picked":["Seek","Fission"],"picked":"All For One","floor":16},{"not_picked":["Consume","Beam Cell"],"picked":"Hologram","floor":18},{"not_picked":["Cold Snap","Heatsinks"],"picked":"BootSequence","floor":21},{"not_picked":["Leap","Storm"],"picked":"Streamline+1","floor":22}],"player_experience":464622,"relics_obtained":[{"floor":9,"key":"Oddly Smooth Stone"},{"floor":12,"key":"MawBank"}],"event_choices":[{"damage_healed":0,"gold_gain":75,"player_choice":"Gather Gold","damage_taken":11,"max_hp_gain":0,"max_hp_loss":0,"event_name":"World of Goop","floor":11,"gold_loss":0},{"cards_removed":["Strike_B"],"damage_healed":0,"gold_gain":0,"player_choice":"Offered Basic","damage_taken":0,"max_hp_gain":0,"max_hp_loss":0,"event_name":"Bonfire Elementals","floor":14,"gold_loss":0},{"damage_healed":0,"gold_gain":50,"player_choice":"Stole From Cult","damage_taken":0,"max_hp_gain":0,"max_hp_loss":0,"event_name":"Nest","floor":20,"gold_loss":0}],"is_beta":false,"boss_relics":[{"not_picked":["Astrolabe","Empty Cage"],"picked":"Runic Dome"}],"items_purged_floors":[2,19],"is_endless":false,"potions_floor_spawned":[3,7,10,21],"killed_by":"Gremlin Leader","ascension_level":15}