{"gold_per_floor":[117,67,77,77,95,95,95,95,119,152,164,67,108,123,123,123],"floor_reached":16,"playtime":1048,"items_purged":["Strike_B"],"score":135,"play_id":"ab6a48c8-507d-4f5c-8482-ed186ea8dfca","local_time":"20190714040212","is_ascension_mode":true,"campfire_choices":[{"data":"Zap","floor":6,"key":"SMITH"},{"data":"Dualcast","floor":8,"key":"SMITH"},{"floor":15,"key":"REST"}],"neow_cost":"NONE","seed_source_timestamp":617974013923318,"circlet_count":0,"master_deck":["Strike_B","Strike_B","Strike_B","Defend_B","Defend_B","Defend_B","Zap+1","Dualcast+1","Blind","Steam","Hologram","Conserve Battery+1","Self Repair"],"relics":["Cracked Core","Golden Idol","MawBank","Incense Burner"],"potions_floor_usage":[16],"damage_taken":[{"damage":2,"enemies":"Jaw Worm","floor":1,"turns":4},{"damage":2,"enemies":"Small Slimes","floor":3,"turns":3},{"damage":0,"enemies":"2 Louse","floor":5,"turns":2},{"damage":0,"enemies":"Large Slime","floor":10,"turns":5},{"damage":37,"enemies":"3 Sentries","floor":13,"turns":10},{"damage":0,"enemies":"Lots of Slimes","floor":14,"turns":4},{"damage":47,"enemies":"Hexaghost","floor":16,"turns":12}],"seed_played":"6619943448377856982","potions_obtained":[{"floor":10,"key":"Energy Potion"},{"floor":13,"key":"Explosive Potion"}],"is_trial":false,"path_per_floor":["M","?","M","?","M","R","?","R","T","M","?","$","E","M","R","B"],"character_chosen":"DEFECT","items_purchased":["Self Repair"],"campfire_rested":1,"item_purchase_floors":[12],"current_hp_per_floor":[66,66,64,64,64,64,46,46,46,46,46,46,16,23,45,0],"gold":123,"neow_bonus":"RANDOM_COLORLESS","is_prod":false,"is_daily":false,"chose_seed":false,"campfire_upgraded":2,"win_rate":0,"timestamp":1563044532,"path_taken":["M","?","M","?","M","R","?","R","T","M","?","$","E","?","R","BOSS"],"build_version":"2019-07-05","purchased_purges":1,"victory":false,"max_hp_per_floor":[75,75,75,75,75,75,75,75,75,75,75,75,75,75,75,75],"card_choices":[{"not_picked":["Turbo","Steam Power"],"picked":"Steam","floor":1},{"not_picked":["Go for the Eyes","Barrage","Double Energy"],"picked":"SKIP","floor":3},{"not_picked":["Leap","Scrape"],"picked":"Hologram","floor":5},{"not_picked":["Stack","Steam"],"picked":"Conserve Battery","floor":10},{"not_picked":["Conserve Battery","Stack","White Noise"],"picked":"SKIP","floor":13},{"not_picked":["Ball Lightning","Redo","Fusion"],"picked":"SKIP","floor":14}],"player_experience":247882,"relics_obtained":[{"floor":9,"key":"MawBank"},{"floor":13,"key":"Incense Burner"}],"event_choices":[{"cards_removed":["Defend_B"],"damage_healed":0,"gold_gain":0,"player_choice":"Card Removal","damage_taken":0,"max_hp_gain":0,"max_hp_loss":0,"event_name":"The Cleric","floor":2,"gold_loss":50},{"damage_healed":0,"gold_gain":0,"player_choice":"Ignored","damage_taken":0,"max_hp_gain":0,"max_hp_loss":0,"event_name":"Liars Game","floor":4,"gold_loss":0},{"damage_healed":0,"gold_gain":0,"player_choice":"Take Damage","damage_taken":18,"relics_obtained":["Golden Idol"],"max_hp_gain":0,"max_hp_loss":0,"event_name":"Golden Idol","floor":7,"gold_loss":0},{"damage_healed":0,"gold_gain":0,"player_choice":"Forge","damage_taken":0,"max_hp_gain":0,"max_hp_loss":0,"event_name":"Accursed Blacksmith","floor":11,"gold_loss":0,"cards_upgraded":["Conserve Battery"]}],"is_beta":false,"boss_relics":[],"items_purged_floors":[12],"is_endless":false,"potions_floor_spawned":[10,13],"killed_by":"Hexaghost","ascension_level":7}