{"gold_per_floor":[113,113,113,124,139,139,164,164,164,20,20,20],"floor_reached":12,"playtime":591,"items_purged":["Strike_B"],"score":91,"play_id":"47aed937-82b1-450d-81fb-78dfe00ce585","local_time":"20190709081124","is_ascension_mode":true,"campfire_choices":[{"data":"Zap","floor":6,"key":"SMITH"},{"data":"Reinforced Body","floor":11,"key":"SMITH"}],"neow_cost":"NONE","seed_source_timestamp":201398495183429,"circlet_count":0,"master_deck":["Strike_B","Strike_B","Strike_B","Defend_B","Defend_B","Defend_B","Defend_B","Zap+1","Dualcast","Buffer","Consume","Fusion","Reinforced Body+1"],"relics":["Cracked Core","Dead Branch","Kunai","Pen Nib","Unceasing Top"],"potions_floor_usage":[],"damage_taken":[{"damage":1,"enemies":"Cultist","floor":1,"turns":3},{"damage":7,"enemies":"Jaw Worm","floor":4,"turns":4},{"damage":1,"enemies":"2 Louse","floor":5,"turns":2},{"damage":30,"enemies":"Lagavulin","floor":7,"turns":8},{"damage":35,"enemies":"Gremlin Nob","floor":12,"turns":3}],"seed_played":"-3546667886254706530","potions_obtained":[{"floor":4,"key":"Poison Potion"}],"is_trial":false,"path_per_floor":["M","?","?","M","M","R","E","?","T","$","R","E"],"character_chosen":"DEFECT","items_purchased":["Reinforced Body"],"campfire_rested":0,"item_purchase_floors":[10],"current_hp_per_floor":[74,79,72,65,64,64,34,34,34,34,34,0],"gold":20,"neow_bonus":"ONE_RANDOM_RARE_CARD","is_prod":false,"is_daily":false,"chose_seed":false,"campfire_upgraded":2,"win_rate":0,"timestamp":1562627484,"path_taken":["M","?","?","M","M","R","E","?","T","$","R","E"],"build_version":"2019-07-05","purchased_purges":1,"victory":false,"max_hp_per_floor":[75,80,80,80,80,80,80,80,80,80,80,80],"card_choices":[{"not_picked":["Coolheaded","Cold Snap"],"picked":"Consume","floor":1},{"not_picked":["Gash","Hologram"],"picked":"Fusion","floor":4},{"not_picked":["Ball Lightning","Sweeping Beam","Redo"],"picked":"SKIP","floor":5},{"not_picked":["Compile Driver","Ball Lightning","Stack"],"picked":"SKIP","floor":7}],"player_experience":208917,"relics_obtained":[{"floor":7,"key":"Kunai"},{"floor":9,"key":"Unceasing Top"}],"event_choices":[{"damage_healed":0,"gold_gain":0,"player_choice":"Donut","damage_taken":0,"max_hp_gain":5,"max_hp_loss":0,"event_name":"Big Fish","floor":2,"gold_loss":0},{"damage_healed":0,"gold_gain":0,"player_choice":"Success","damage_taken":7,"relics_obtained":["Dead Branch"],"max_hp_gain":0,"max_hp_loss":0,"event_name":"Scrap Ooze","floor":3,"gold_loss":0},{"damage_healed":0,"gold_gain":0,"player_choice":"Gave Potion","damage_taken":0,"relics_obtained":["Pen Nib"],"max_hp_gain":0,"max_hp_loss":0,"event_name":"WeMeetAgain","floor":8,"gold_loss":0}],"is_beta":false,"boss_relics":[],"items_purged_floors":[10],"is_endless":false,"potions_floor_spawned":[4],"killed_by":"Gremlin Nob","ascension_level":4}