{"gold_per_floor":[115,115,115,130,148,178,178,190,213,213,228,253,26,55,55,155,155,170,170,170,186,204,235,235,251,251,13,13,31,61,77,77,172,172,186,204,304,404,422,422],"floor_reached":40,"playtime":5325,"items_purged":[],"score":604,"play_id":"99b62266-2c58-4f51-8958-bb5948f258d2","local_time":"20190721232446","is_ascension_mode":true,"campfire_choices":[{"data":"Well Laid Plans","floor":7,"key":"SMITH"},{"floor":10,"key":"REST"},{"data":"Footwork","floor":15,"key":"SMITH"},{"floor":24,"key":"REST"},{"data":"Adrenaline","floor":28,"key":"SMITH"},{"data":"After Image","floor":32,"key":"SMITH"}],"neow_cost":"NONE","seed_source_timestamp":40802776004938,"circlet_count":0,"master_deck":["Strike_G","Strike_G","Strike_G","Strike_G","Defend_G","Defend_G","Defend_G","Defend_G","Defend_G","Survivor","Neutralize+1","Quick Slash","Terror","Flying Knee","Well Laid Plans+1","Poisoned Stab","Cloak And Dagger","Die Die Die","Footwork+1","Sucker Punch","After Image+1","Dodge and Roll","RitualDagger","Deflect","Dodge and Roll","Dash","Dash","Bouncing Flask","Adrenaline+1","Dagger Spray","Glass Knife","Escape Plan","Dagger Throw+1","Wraith Form v2","Footwork+1","Blur","Concentrate","Slice+1","Backstab","Bouncing Flask","Malaise","Riddle With Holes+1"],"relics":["Ring of the Snake","Potion Belt","Pen Nib","Blood Vial","Lantern","Odd Mushroom","Eternal Feather","Oddly Smooth Stone","Strawberry","Bronze Scales","Orrery","Turnip"],"potions_floor_usage":[12,16,22,33,33,40,40,40],"damage_taken":[{"damage":5,"enemies":"Jaw Worm","floor":1,"turns":8},{"damage":4,"enemies":"Small Slimes","floor":4,"turns":3},{"damage":0,"enemies":"Cultist","floor":5,"turns":4},{"damage":21,"enemies":"Lagavulin","floor":6,"turns":8},{"damage":5,"enemies":"Gremlin Gang","floor":8,"turns":7},{"damage":4,"enemies":"2 Fungi Beasts","floor":11,"turns":4},{"damage":5,"enemies":"Gremlin Nob","floor":12,"turns":3},{"damage":3,"enemies":"The Mushroom Lair","floor":14,"turns":2},{"damage":15,"enemies":"Slime Boss","floor":16,"turns":11},{"damage":12,"enemies":"Spheric Guardian","floor":18,"turns":6},{"damage":0,"enemies":"Chosen","floor":21,"turns":4},{"damage":12,"enemies":"Snake Plant","floor":22,"turns":4},{"damage":17,"enemies":"Book of Stabbing","floor":23,"turns":7},{"damage":6,"enemies":"Chosen and Byrds","floor":25,"turns":5},{"damage":3,"enemies":"Shelled Parasite and Fungi","floor":29,"turns":6},{"damage":19,"enemies":"Slavers","floor":30,"turns":6},{"damage":0,"enemies":"Cultist and Chosen","floor":31,"turns":6},{"damage":20,"enemies":"Automaton","floor":33,"turns":11},{"damage":0,"enemies":"3 Shapes","floor":35,"turns":5},{"damage":9,"enemies":"3 Darklings","floor":36,"turns":4},{"damage":0,"enemies":"Mind Bloom Boss Battle","floor":37,"turns":8},{"damage":0,"enemies":"Writhing Mass","floor":39,"turns":7},{"damage":78,"enemies":"Giant Head","floor":40,"turns":9}],"seed_played":"3800075954919858617","potions_obtained":[{"floor":1,"key":"Poison Potion"},{"floor":4,"key":"EssenceOfSteel"},{"floor":11,"key":"SteroidPotion"},{"floor":14,"key":"SkillPotion"},{"floor":20,"key":"Explosive Potion"},{"floor":20,"key":"FearPotion"},{"floor":20,"key":"Energy Potion"},{"floor":21,"key":"GhostInAJar"},{"floor":31,"key":"Ancient Potion"},{"floor":36,"key":"FearPotion"},{"floor":39,"key":"SpeedPotion"}],"is_trial":false,"path_per_floor":["M","?","?","M","M","E","R","M","T","R","M","E","$","?","R","B",null,"M","?","?","M","M","E","R","M","T","$","R","M","E","M","R","B",null,"M","M","?","?","M","E"],"character_chosen":"THE_SILENT","items_purchased":["Lantern","Footwork","Bouncing Flask","Adrenaline","Dagger Spray"],"campfire_rested":2,"item_purchase_floors":[13,13,27,27,27],"current_hp_per_floor":[65,70,70,66,66,45,45,40,40,62,58,53,53,52,52,39,66,56,50,50,52,42,27,64,60,67,67,82,79,62,64,82,62,77,79,72,74,74,76,0],"gold":422,"neow_bonus":"REMOVE_CARD","is_prod":false,"is_daily":false,"chose_seed":false,"campfire_upgraded":4,"win_rate":0,"timestamp":1563765886,"path_taken":["M","?","?","?","?","E","R","M","T","R","M","E","$","?","R","BOSS","M","?","?","M","M","E","R","M","T","$","R","M","E","M","R","BOSS","M","?","?","?","?","E"],"build_version":"2019-07-17","purchased_purges":0,"victory":false,"max_hp_per_floor":[70,75,75,75,75,75,75,75,75,75,75,75,75,75,75,75,75,75,75,75,75,75,75,75,75,82,82,82,82,82,82,82,82,82,82,82,82,82,82,82],"card_choices":[{"not_picked":["Masterful Stab","Terror"],"picked":"Quick Slash","floor":1},{"not_picked":["Flying Knee","Backflip"],"picked":"Terror","floor":4},{"not_picked":["Bane","Distraction"],"picked":"Flying Knee","floor":5},{"not_picked":["Backflip","Tools of the Trade"],"picked":"Well Laid Plans","floor":6},{"not_picked":["Deadly Poison","Backflip"],"picked":"Poisoned Stab","floor":8},{"not_picked":["Bane","Masterful Stab"],"picked":"Cloak And Dagger","floor":11},{"not_picked":["Backflip","Acrobatics"],"picked":"Die Die Die","floor":12},{"not_picked":["Slice","Riddle With Holes"],"picked":"Sucker Punch","floor":14},{"not_picked":["Envenom","Tools of the Trade"],"picked":"After Image","floor":16},{"not_picked":["Deadly Poison","PiercingWail"],"picked":"Dodge and Roll","floor":18},{"not_picked":["Poisoned Stab","Dodge and Roll"],"picked":"Deflect","floor":21},{"not_picked":["Escape Plan","Poisoned Stab"],"picked":"Dodge and Roll","floor":22},{"not_picked":["Deadly Poison+1","Dagger Throw+1"],"picked":"Dash","floor":23},{"not_picked":["Outmaneuver","Blade Dance"],"picked":"Dash","floor":25},{"not_picked":["Backstab","Bane"],"picked":"Glass Knife","floor":29},{"not_picked":["Quick Slash+1","Dodge and Roll"],"picked":"Escape Plan","floor":30},{"not_picked":["Prepared+1","Accuracy"],"picked":"Dagger Throw+1","floor":31},{"not_picked":["Die Die Die","After Image"],"picked":"Wraith Form v2","floor":33},{"not_picked":["PiercingWail","Bane"],"picked":"Footwork+1","floor":34},{"not_picked":["Masterful Stab","Poisoned Stab"],"picked":"Blur","floor":34},{"not_picked":["Deadly Poison","Flying Knee"],"picked":"Concentrate","floor":34},{"not_picked":["Choke","Catalyst"],"picked":"Slice+1","floor":34},{"not_picked":["Dagger Throw+1","Dagger Spray+1"],"picked":"Backstab","floor":35},{"not_picked":["Dagger Spray+1","All Out Attack+1"],"picked":"Bouncing Flask","floor":36},{"not_picked":["Flying Knee","Quick Slash+1"],"picked":"Malaise","floor":37},{"not_picked":["Underhanded Strike+1","Expertise+1"],"picked":"Riddle With Holes+1","floor":39}],"player_experience":278138,"relics_obtained":[{"floor":6,"key":"Potion Belt"},{"floor":9,"key":"Pen Nib"},{"floor":12,"key":"Blood Vial"},{"floor":14,"key":"Odd Mushroom"},{"floor":23,"key":"Oddly Smooth Stone"},{"floor":26,"key":"Strawberry"},{"floor":30,"key":"Bronze Scales"},{"floor":37,"key":"Turnip"}],"event_choices":[{"damage_healed":0,"gold_gain":0,"player_choice":"Donut","damage_taken":0,"max_hp_gain":5,"max_hp_loss":0,"event_name":"Big Fish","floor":2,"gold_loss":0},{"damage_healed":0,"gold_gain":0,"player_choice":"Upgraded","damage_taken":0,"max_hp_gain":0,"max_hp_loss":0,"event_name":"Upgrade Shrine","floor":3,"gold_loss":0,"cards_upgraded":["Neutralize"]},{"damage_healed":0,"gold_gain":0,"player_choice":"Fought Mushrooms","damage_taken":0,"max_hp_gain":0,"max_hp_loss":0,"event_name":"Mushrooms","floor":14,"gold_loss":0},{"damage_healed":0,"gold_gain":0,"player_choice":"Joined the Cult","damage_taken":6,"max_hp_gain":0,"max_hp_loss":0,"event_name":"Nest","floor":19,"gold_loss":0,"cards_obtained":["RitualDagger"]},{"damage_healed":0,"gold_gain":0,"player_choice":"Got Potions","damage_taken":0,"max_hp_gain":0,"max_hp_loss":0,"event_name":"Lab","floor":20,"gold_loss":0},{"damage_healed":0,"gold_gain":0,"player_choice":"Fight","damage_taken":0,"max_hp_gain":0,"max_hp_loss":0,"event_name":"MindBloom","floor":37,"gold_loss":0},{"damage_healed":0,"gold_gain":100,"player_choice":"Pray","damage_taken":0,"max_hp_gain":0,"max_hp_loss":0,"event_name":"Golden Shrine","floor":38,"gold_loss":0}],"is_beta":false,"boss_relics":[{"not_picked":["Velvet Choker","Ring of the Serpent"],"picked":"Eternal Feather"},{"not_picked":["Black Star","Calling Bell"],"picked":"Orrery"}],"items_purged_floors":[],"is_endless":false,"potions_floor_spawned":[1,4,11,14,21,31,36,39],"killed_by":"Giant Head","ascension_level":5}