{"gold_per_floor":[115,115,115,134,150,178,178,236,281,294,294,311,344,355,355,456,456,471,471,486,179,196,196,196],"floor_reached":24,"playtime":1601,"items_purged":["Strike_G"],"score":349,"play_id":"1dd2b4ba-e968-4d37-8482-acee65888763","local_time":"20190826023640","is_ascension_mode":true,"campfire_choices":[{"data":"Neutralize","floor":7,"key":"SMITH"},{"floor":11,"key":"REST"},{"floor":15,"key":"REST"},{"data":"Noxious Fumes","floor":23,"key":"SMITH"}],"neow_cost":"NONE","seed_source_timestamp":728032978925464,"circlet_count":0,"master_deck":["AscendersBane","Strike_G","Strike_G+1","Strike_G+1","Defend_G","Defend_G","Defend_G","Defend_G","Defend_G","Survivor","Neutralize+1","Deadly Poison","Poisoned Stab","Sucker Punch","Crippling Poison","Poisoned Stab","Backflip","Cloak And Dagger","Flying Knee","Dagger Spray","Noxious Fumes+1","Die Die Die","Cloak And Dagger","Backflip","Noxious Fumes","Escape Plan+1"],"relics":["Ring of the Snake","Darkstone Periapt","Tiny Chest","Regal Pillow","Ornamental Fan","Black Star","Orichalcum"],"potions_floor_usage":[14,14,16,20,24],"damage_taken":[{"damage":4,"enemies":"Small Slimes","floor":1,"turns":4},{"damage":2,"enemies":"Jaw Worm","floor":4,"turns":4},{"damage":0,"enemies":"Cultist","floor":5,"turns":4},{"damage":14,"enemies":"Gremlin Nob","floor":6,"turns":4},{"damage":15,"enemies":"Lagavulin","floor":8,"turns":6},{"damage":2,"enemies":"3 Louse","floor":10,"turns":4},{"damage":9,"enemies":"Exordium Thugs","floor":12,"turns":6},{"damage":26,"enemies":"Gremlin Nob","floor":13,"turns":5},{"damage":5,"enemies":"Lots of Slimes","floor":14,"turns":4},{"damage":9,"enemies":"Hexaghost","floor":16,"turns":8},{"damage":9,"enemies":"Chosen","floor":18,"turns":5},{"damage":2,"enemies":"Spheric Guardian","floor":20,"turns":5},{"damage":18,"enemies":"Chosen and Byrds","floor":22,"turns":7},{"damage":37,"enemies":"Slavers","floor":24,"turns":3}],"seed_played":"5708845155739690011","potions_obtained":[{"floor":1,"key":"Weak Potion"},{"floor":6,"key":"Ancient Potion"},{"floor":12,"key":"SpeedPotion"},{"floor":14,"key":"Poison Potion"},{"floor":16,"key":"Block Potion"},{"floor":18,"key":"Poison Potion"},{"floor":19,"key":"GhostInAJar"},{"floor":20,"key":"FearPotion"}],"is_trial":false,"path_per_floor":["M","?","?","M","M","E","R","E","T","M","R","M","E","M","R","B",null,"M","?","M","$","M","R","E"],"character_chosen":"THE_SILENT","items_purchased":["Noxious Fumes","Orichalcum"],"campfire_rested":2,"item_purchase_floors":[21,21],"current_hp_per_floor":[59,45,38,36,36,22,22,7,7,5,41,32,6,1,37,28,60,51,51,49,49,31,31,0],"gold":196,"neow_bonus":"THREE_CARDS","is_prod":false,"is_daily":false,"chose_seed":false,"campfire_upgraded":2,"win_rate":0,"timestamp":1566801400,"path_taken":["M","?","?","M","M","E","R","E","T","M","R","M","E","M","R","BOSS","M","?","M","$","?","R","E"],"build_version":"2019-07-17","purchased_purges":1,"victory":false,"max_hp_per_floor":[70,70,70,70,70,70,70,70,70,70,70,70,70,70,70,70,70,70,70,70,70,70,70,70],"card_choices":[{"not_picked":["Finisher","Tactician"],"picked":"Deadly Poison","floor":0},{"not_picked":["Deadly Poison","Deflect"],"picked":"Poisoned Stab","floor":1},{"not_picked":["Deadly Poison","Dodge and Roll"],"picked":"Sucker Punch","floor":4},{"not_picked":["Bane","Underhanded Strike"],"picked":"Crippling Poison","floor":5},{"not_picked":["Tactician","Envenom"],"picked":"Poisoned Stab","floor":6},{"not_picked":["Predator","Dagger Throw"],"picked":"Backflip","floor":8},{"not_picked":["Calculated Gamble","Bane"],"picked":"Cloak And Dagger","floor":10},{"not_picked":["Poisoned Stab","Quick Slash"],"picked":"Flying Knee","floor":12},{"not_picked":["Flying Knee","Calculated Gamble"],"picked":"Dagger Spray","floor":13},{"not_picked":["Dash","Deflect"],"picked":"Noxious Fumes","floor":14},{"not_picked":["Glass Knife","Grand Finale"],"picked":"Die Die Die","floor":16},{"not_picked":["Terror","Concentrate"],"picked":"Cloak And Dagger","floor":18},{"not_picked":["Dodge and Roll","Flying Knee"],"picked":"Backflip","floor":20},{"not_picked":["Blade Dance","Bane+1"],"picked":"Escape Plan+1","floor":22}],"player_experience":499212,"relics_obtained":[{"floor":6,"key":"Darkstone Periapt"},{"floor":8,"key":"Tiny Chest"},{"floor":9,"key":"Regal Pillow"},{"floor":13,"key":"Ornamental Fan"}],"event_choices":[{"damage_healed":0,"gold_gain":0,"player_choice":"Entered Light","damage_taken":14,"max_hp_gain":0,"max_hp_loss":0,"event_name":"Shining Light","floor":2,"gold_loss":0,"cards_upgraded":["Strike_G","Strike_G"]},{"cards_removed":["Strike_G"],"damage_healed":0,"gold_gain":0,"player_choice":"Card Removal","damage_taken":7,"max_hp_gain":0,"max_hp_loss":0,"event_name":"Golden Wing","floor":3,"gold_loss":0},{"damage_healed":0,"gold_gain":0,"player_choice":"Got Potions","damage_taken":0,"max_hp_gain":0,"max_hp_loss":0,"event_name":"Lab","floor":19,"gold_loss":0}],"is_beta":false,"boss_relics":[{"not_picked":["Tiny House","Sozu"],"picked":"Black Star"}],"items_purged_floors":[21],"is_endless":false,"potions_floor_spawned":[1,6,12,14,16,18,20],"killed_by":"Slavers","ascension_level":12}