{"gold_per_floor":[109,284,295,311,128,128,147,157,157,57,57,85,85,96,96,195,195,206,81,101,116,66,66,80,90,163,175,175,185,35,48,48,144,144,157,157,168,186,186,186,11,11,11,36,36,64,64,79,79,79],"floor_reached":51,"playtime":3761,"items_purged":["Doubt","Strike_B","Strike_B","Strike_B","Strike_B"],"score":711,"play_id":"c3e318ae-c1ae-4643-be78-c260b3d37e87","local_time":"20190725041410","is_ascension_mode":false,"campfire_choices":[{"data":"Zap","floor":6,"key":"SMITH"},{"data":"Defragment","floor":11,"key":"SMITH"},{"data":"Hologram","floor":15,"key":"SMITH"},{"data":"Defragment","floor":23,"key":"SMITH"},{"data":"Coolheaded","floor":28,"key":"SMITH"},{"data":"Conserve Battery","floor":32,"key":"SMITH"},{"data":"Dualcast","floor":40,"key":"SMITH"},{"data":"All For One","floor":45,"key":"SMITH"},{"data":"Fusion","floor":47,"key":"SMITH"},{"data":"Defend_B","floor":49,"key":"PURGE"}],"neow_cost":"NONE","seed_source_timestamp":1566323168951126,"circlet_count":0,"master_deck":["Defend_B","Defend_B","Zap+1","Dualcast+1","Electrodynamics","Hologram+1","Coolheaded+1","Defragment+1","Cold Snap","Gash","Conserve Battery+1","All For One+1","Fusion+1","Defragment+1","Defragment+1","Gash","Gash+1","Flash of Steel","Trip","Go for the Eyes+1","Force Field"],"relics":["FrozenCore","Bird Faced Urn","Ornamental Fan","Sozu","Dodecahedron","Pocketwatch","Bronze Scales","Peace Pipe","Art of War"],"potions_floor_usage":[50,50],"damage_taken":[{"damage":0,"enemies":"Small Slimes","floor":1,"turns":3},{"damage":0,"enemies":"Cultist","floor":3,"turns":3},{"damage":0,"enemies":"2 Louse","floor":4,"turns":2},{"damage":10,"enemies":"Exordium Thugs","floor":7,"turns":4},{"damage":14,"enemies":"2 Fungi Beasts","floor":8,"turns":3},{"damage":7,"enemies":"Lagavulin","floor":12,"turns":8},{"damage":10,"enemies":"Gremlin Gang","floor":14,"turns":2},{"damage":0,"enemies":"Slime Boss","floor":16,"turns":8},{"damage":6,"enemies":"2 Thieves","floor":18,"turns":3},{"damage":0,"enemies":"Chosen","floor":20,"turns":3},{"damage":8,"enemies":"Snecko","floor":21,"turns":4},{"damage":18,"enemies":"3 Cultists","floor":24,"turns":3},{"damage":10,"enemies":"Snake Plant","floor":25,"turns":5},{"damage":0,"enemies":"Centurion and Healer","floor":27,"turns":4},{"damage":11,"enemies":"Shelled Parasite and Fungi","floor":29,"turns":5},{"damage":6,"enemies":"Cultist and Chosen","floor":31,"turns":3},{"damage":7,"enemies":"Champ","floor":33,"turns":8},{"damage":10,"enemies":"3 Shapes","floor":35,"turns":2},{"damage":0,"enemies":"3 Darklings","floor":37,"turns":4},{"damage":5,"enemies":"Sphere and 2 Shapes","floor":38,"turns":4},{"damage":2,"enemies":"Nemesis","floor":44,"turns":9},{"damage":1,"enemies":"Reptomancer","floor":46,"turns":6},{"damage":0,"enemies":"Writhing Mass","floor":48,"turns":5},{"damage":13,"enemies":"Time Eater","floor":50,"turns":7}],"seed_played":"2479658360844051761","potions_obtained":[{"floor":3,"key":"Dexterity Potion"},{"floor":12,"key":"GamblersBrew"},{"floor":14,"key":"Strength Potion"}],"is_trial":false,"path_per_floor":["M","?","M","M","$","R","M","M","T","$","R","E","?","M","R","B",null,"M","$","M","M","?","R","M","M","T","M","R","M","$","M","R","B",null,"M","?","M","M","?","R","$","T","T","E","R","E","R","M","R","B",null],"character_chosen":"DEFECT","items_purchased":["Defragment","Cold Snap"],"campfire_rested":0,"item_purchase_floors":[5,5],"current_hp_per_floor":[75,75,75,75,75,75,65,51,51,51,51,48,48,40,40,44,75,70,70,74,67,67,67,55,51,51,59,59,56,56,58,58,59,75,67,67,75,70,65,65,65,65,65,71,71,75,75,75,75,68],"gold":79,"neow_bonus":"ONE_RANDOM_RARE_CARD","is_prod":false,"is_daily":false,"chose_seed":false,"campfire_upgraded":9,"win_rate":0,"timestamp":1563995650,"path_taken":["M","?","M","M","$","R","M","M","T","$","R","E","?","M","R","BOSS","M","$","M","M","?","R","M","?","T","M","R","M","$","M","R","BOSS","M","?","M","?","?","R","$","?","T","E","R","E","R","M","R","BOSS"],"build_version":"2019-07-17","purchased_purges":5,"victory":true,"max_hp_per_floor":[75,75,75,75,75,75,75,75,75,75,75,75,75,75,75,75,75,75,75,75,75,75,75,75,75,75,75,75,75,75,75,75,75,75,75,75,75,75,75,75,75,75,75,75,75,75,75,75,75,75],"card_choices":[{"not_picked":["Steam","Stack"],"picked":"Hologram","floor":1},{"not_picked":["Reprogram","Lockon","Barrage"],"picked":"SKIP","floor":3},{"not_picked":["Rebound","Tempest"],"picked":"Coolheaded","floor":4},{"not_picked":["Recycle","Leap"],"picked":"Gash","floor":7},{"not_picked":["Beam Cell","Coolheaded","Barrage"],"picked":"SKIP","floor":8},{"not_picked":["Streamline","Tempest","Reprogram"],"picked":"SKIP","floor":12},{"not_picked":["Doom and Gloom","Thunder Strike","Sweeping Beam"],"picked":"SKIP","floor":14},{"not_picked":["Multi-Cast","Biased Cognition"],"picked":"All For One","floor":16},{"not_picked":["Hologram","Stack+1"],"picked":"Fusion","floor":18},{"not_picked":["Beam Cell","Chill","Storm"],"picked":"SKIP","floor":20},{"not_picked":["Go for the Eyes","Aggregate"],"picked":"Defragment","floor":21},{"not_picked":["Hologram","Reprogram+1"],"picked":"Defragment+1","floor":24},{"not_picked":["Rebound+1","Turbo"],"picked":"Gash","floor":25},{"not_picked":["Double Energy","Ball Lightning"],"picked":"Gash+1","floor":27},{"not_picked":["Skim","Beam Cell","Coolheaded"],"picked":"SKIP","floor":29},{"not_picked":["Static Discharge+1","Self Repair","Compile Driver"],"picked":"SKIP","floor":31},{"not_picked":["Storm+1","Rebound+1","Sunder"],"picked":"SKIP","floor":35},{"not_picked":["Streamline","Lockon+1","Beam Cell"],"picked":"SKIP","floor":37},{"not_picked":["Melter","Turbo","Streamline"],"picked":"SKIP","floor":38},{"not_picked":["Dark Shackles","Secret Technique"],"picked":"Flash of Steel","floor":39},{"not_picked":["Dark Shackles","Metamorphosis"],"picked":"Trip","floor":39},{"not_picked":["Rip and Tear","Consume"],"picked":"Go for the Eyes+1","floor":44},{"not_picked":["Defragment","Go for the Eyes+1","Cold Snap+1"],"picked":"SKIP","floor":46},{"not_picked":["Melter","Leap"],"picked":"Force Field","floor":48}],"player_experience":379659,"relics_obtained":[{"floor":9,"key":"Bird Faced Urn"},{"floor":12,"key":"Ornamental Fan"},{"floor":26,"key":"Dodecahedron"},{"floor":42,"key":"Pocketwatch"},{"floor":43,"key":"Bronze Scales"},{"floor":44,"key":"Peace Pipe"},{"floor":46,"key":"Art of War"}],"event_choices":[{"damage_healed":0,"gold_gain":175,"player_choice":"AGREE","damage_taken":0,"max_hp_gain":0,"max_hp_loss":0,"event_name":"Liars Game","floor":2,"gold_loss":0,"cards_obtained":["Doubt"]},{"damage_healed":0,"gold_gain":0,"cards_transformed":["Defend_B"],"player_choice":"Transformed","damage_taken":0,"max_hp_gain":0,"max_hp_loss":0,"event_name":"Transmorgrifier","floor":13,"gold_loss":0,"cards_obtained":["Conserve Battery"]},{"damage_healed":0,"gold_gain":0,"player_choice":"Bet on Owner","damage_taken":0,"max_hp_gain":0,"max_hp_loss":0,"event_name":"The Joust","floor":22,"gold_loss":50},{"damage_healed":0,"gold_gain":0,"player_choice":"Bought 0 Potions","damage_taken":0,"max_hp_gain":0,"max_hp_loss":0,"event_name":"The Woman in Blue","floor":36,"gold_loss":0},{"damage_healed":0,"gold_gain":0,"player_choice":"Memory 2","damage_taken":5,"max_hp_gain":0,"max_hp_loss":0,"event_name":"SensoryStone","floor":39,"gold_loss":0}],"is_beta":false,"boss_relics":[{"not_picked":["Fusion Hammer","Astrolabe"],"picked":"Sozu"},{"not_picked":["Empty Cage","Calling Bell"],"picked":"FrozenCore"}],"items_purged_floors":[5,10,19,30,41],"is_endless":false,"potions_floor_spawned":[3,12,14,20,24,25,27,37,38],"ascension_level":0}