{"gold_per_floor":[112,62,62,76,89,122,137,137,137,137],"floor_reached":10,"playtime":280,"items_purged":[],"score":85,"play_id":"35c4b3c1-a564-4dd9-a848-b80bcf882733","local_time":"20190721020614","is_ascension_mode":true,"campfire_choices":[{"floor":8,"key":"REST"}],"neow_cost":"NONE","seed_source_timestamp":13194700858677,"circlet_count":0,"master_deck":["Strike_R","Strike_R","Strike_R","Strike_R","Defend_R","Defend_R","Defend_R","Defend_R","Bash","Pommel Strike","Inflame","Fire Breathing+1","Battle Trance"],"relics":["Burning Blood","NeowsBlessing","Golden Idol","Frozen Egg 2"],"potions_floor_usage":[10],"damage_taken":[{"damage":0,"enemies":"Small Slimes","floor":1,"turns":1},{"damage":0,"enemies":"Jaw Worm","floor":4,"turns":1},{"damage":0,"enemies":"2 Louse","floor":5,"turns":1},{"damage":24,"enemies":"Gremlin Nob","floor":6,"turns":4},{"damage":35,"enemies":"Gremlin Gang","floor":7,"turns":3},{"damage":60,"enemies":"Lagavulin","floor":10,"turns":6}],"seed_played":"1183377328857585823","potions_obtained":[{"floor":1,"key":"Swift Potion"},{"floor":6,"key":"SpeedPotion"}],"is_trial":false,"path_per_floor":["M","?","?","M","M","E","M","R","T","E"],"character_chosen":"IRONCLAD","items_purchased":[],"campfire_rested":1,"item_purchase_floors":[],"current_hp_per_floor":[80,80,60,66,72,54,25,49,49,0],"gold":137,"neow_bonus":"THREE_ENEMY_KILL","is_prod":false,"is_daily":false,"chose_seed":false,"campfire_upgraded":0,"win_rate":0,"timestamp":1563667574,"path_taken":["M","?","?","M","M","E","M","R","T","E"],"build_version":"2019-07-17","purchased_purges":0,"victory":false,"max_hp_per_floor":[80,80,80,80,80,80,80,80,80,80],"card_choices":[{"not_picked":["Rupture","Combust"],"picked":"Pommel Strike","floor":1},{"not_picked":["Wild Strike","Clothesline","Flex"],"picked":"SKIP","floor":4},{"not_picked":["Whirlwind","Second Wind"],"picked":"Inflame","floor":5},{"not_picked":["Clash","Anger"],"picked":"Fire Breathing","floor":6},{"not_picked":["Thunderclap","Fire Breathing+1"],"picked":"Battle Trance","floor":7}],"player_experience":98626,"relics_obtained":[{"floor":6,"key":"Frozen Egg 2"}],"event_choices":[{"cards_removed":["Strike_R"],"damage_healed":0,"gold_gain":0,"player_choice":"Card Removal","damage_taken":0,"max_hp_gain":0,"max_hp_loss":0,"event_name":"The Cleric","floor":2,"gold_loss":50},{"damage_healed":0,"gold_gain":0,"player_choice":"Take Damage","damage_taken":20,"relics_obtained":["Golden Idol"],"max_hp_gain":0,"max_hp_loss":0,"event_name":"Golden Idol","floor":3,"gold_loss":0}],"is_beta":false,"boss_relics":[],"items_purged_floors":[],"is_endless":false,"potions_floor_spawned":[1,6],"killed_by":"Lagavulin","ascension_level":5}