{"gold_per_floor":[113,113,113,15,15,48,48,83,155,155,9,33,33,33,33,161,161,176,176,62,62,0,44,44,69,69,88,119,119,119],"floor_reached":30,"playtime":1536,"items_purged":["Regret"],"score":338,"play_id":"d6741268-4d67-400a-aef9-1ff22506d024","local_time":"20190805003439","is_ascension_mode":true,"campfire_choices":[{"floor":7,"key":"REST"},{"floor":10,"key":"REST"},{"floor":13,"key":"REST"},{"data":"Bash","floor":15,"key":"SMITH"},{"data":"Whirlwind","floor":24,"key":"SMITH"},{"floor":29,"key":"REST"}],"neow_cost":"NONE","seed_source_timestamp":5545175615200,"circlet_count":0,"master_deck":["Bash+1","Iron Wave","Shrug It Off","Inflame","Ghostly Armor","Entrench","Barricade","Reaper","Shockwave","Thunderclap","Headbutt","Whirlwind+1","Pommel Strike","Sever Soul","Offering","Corruption+1","Inflame","Pommel Strike","Feel No Pain","Rampage+1","Sentinel+1","Shrug It Off+1"],"relics":["Burning Blood","Boot","Golden Idol","Thread and Needle","StoneCalendar","Shuriken","Pen Nib","Pandora\u0027s Box","Enchiridion","Dream Catcher","Smiling Mask"],"potions_floor_usage":[6,6,23,28,28],"damage_taken":[{"damage":15,"enemies":"Small Slimes","floor":1,"turns":4},{"damage":43,"enemies":"Lagavulin","floor":6,"turns":7},{"damage":29,"enemies":"3 Sentries","floor":8,"turns":9},{"damage":2,"enemies":"Jaw Worm","floor":12,"turns":5},{"damage":55,"enemies":"The Guardian","floor":16,"turns":12},{"damage":22,"enemies":"Chosen","floor":18,"turns":6},{"damage":40,"enemies":"Slavers","floor":23,"turns":4},{"damage":23,"enemies":"Shell Parasite","floor":25,"turns":3},{"damage":23,"enemies":"Centurion and Healer","floor":27,"turns":6},{"damage":21,"enemies":"Gremlin Leader","floor":28,"turns":4},{"damage":68,"enemies":"Chosen and Byrds","floor":30,"turns":6}],"seed_played":"-7071807613370517320","potions_obtained":[{"floor":1,"key":"Explosive Potion"},{"floor":16,"key":"Poison Potion"},{"floor":18,"key":"BloodPotion"},{"floor":27,"key":"LiquidBronze"},{"floor":28,"key":"SpeedPotion"}],"is_trial":false,"path_per_floor":["M","?","?","$","?","E","R","E","T","R","$","M","R","$","R","B",null,"M","?","$","?","?","E","R","M","T","M","E","R","M"],"character_chosen":"IRONCLAD","items_purchased":["Shrug It Off","Block Potion","Pen Nib","Inflame"],"campfire_rested":4,"item_purchase_floors":[4,4,11,20],"current_hp_per_floor":[71,64,64,64,44,7,31,8,8,32,32,36,60,60,60,11,63,56,40,40,40,40,52,52,35,35,32,32,56,0],"gold":119,"neow_bonus":"THREE_CARDS","is_prod":false,"is_daily":false,"chose_seed":false,"campfire_upgraded":2,"win_rate":0,"timestamp":1564958079,"path_taken":["M","?","?","?","?","E","R","E","T","R","?","M","R","$","R","BOSS","M","?","$","?","?","E","R","?","T","?","E","R","M"],"build_version":"2019-07-17","purchased_purges":1,"victory":false,"max_hp_per_floor":[80,80,80,80,80,80,80,80,80,80,80,80,80,80,80,80,80,80,80,80,80,80,80,80,80,80,80,80,80,80],"card_choices":[{"not_picked":["Rupture","Pummel"],"picked":"Cleave","floor":0},{"not_picked":["Hemokinesis","Sentinel"],"picked":"Iron Wave","floor":1},{"not_picked":["Wild Strike","Warcry"],"picked":"Inflame","floor":6},{"not_picked":["Wild Strike","Searing Blow"],"picked":"Ghostly Armor","floor":8},{"not_picked":["Headbutt","Burning Pact"],"picked":"Entrench","floor":12},{"not_picked":["Double Tap","Limit Break"],"picked":"Barricade","floor":16},{"not_picked":["Shockwave+1","Sword Boomerang+1"],"picked":"Corruption+1","floor":18},{"not_picked":["Dual Wield","Sword Boomerang"],"picked":"Pommel Strike","floor":23},{"not_picked":["Hemokinesis+1","Thunderclap"],"picked":"Feel No Pain","floor":25},{"not_picked":["Clothesline","Evolve"],"picked":"Rampage+1","floor":27},{"not_picked":["Uppercut+1","Intimidate"],"picked":"Sentinel+1","floor":28},{"not_picked":["Reaper","Twin Strike"],"picked":"Shrug It Off+1","floor":29}],"player_experience":101304,"relics_obtained":[{"floor":6,"key":"Thread and Needle"},{"floor":8,"key":"StoneCalendar"},{"floor":9,"key":"Shuriken"},{"floor":19,"key":"Enchiridion"},{"floor":23,"key":"Dream Catcher"},{"floor":28,"key":"Smiling Mask"}],"event_choices":[{"cards_removed":["Strike_R"],"damage_healed":0,"gold_gain":0,"player_choice":"Card Removal","damage_taken":7,"max_hp_gain":0,"max_hp_loss":0,"event_name":"Golden Wing","floor":2,"gold_loss":0},{"damage_healed":0,"gold_gain":0,"player_choice":"Box","damage_taken":0,"relics_obtained":["Boot"],"max_hp_gain":0,"max_hp_loss":0,"event_name":"Big Fish","floor":3,"gold_loss":0,"cards_obtained":["Regret"]},{"damage_healed":0,"gold_gain":0,"player_choice":"Take Damage","damage_taken":20,"relics_obtained":["Golden Idol"],"max_hp_gain":0,"max_hp_loss":0,"event_name":"Golden Idol","floor":5,"gold_loss":0},{"damage_healed":0,"gold_gain":0,"player_choice":"Obtained Book","damage_taken":16,"max_hp_gain":0,"max_hp_loss":0,"event_name":"Cursed Tome","floor":19,"gold_loss":0},{"cards_removed":["Cleave"],"damage_healed":0,"gold_gain":0,"player_choice":"Elegance","damage_taken":0,"max_hp_gain":0,"max_hp_loss":0,"event_name":"Back to Basics","floor":21,"gold_loss":0},{"damage_healed":0,"gold_gain":0,"player_choice":"Paid Fearfully","damage_taken":0,"max_hp_gain":0,"max_hp_loss":0,"event_name":"Masked Bandits","floor":22,"gold_loss":62}],"is_beta":false,"boss_relics":[{"not_picked":["Velvet Choker","Calling Bell"],"picked":"Pandora\u0027s Box"}],"items_purged_floors":[20],"is_endless":false,"potions_floor_spawned":[1,16,18,27,28],"killed_by":"Chosen and Byrds","ascension_level":5}