{"gold_per_floor":[109,125,140,151,226,226,226,226,226,226,241,259,295,12,12,12],"floor_reached":16,"playtime":540,"items_purged":[],"score":102,"play_id":"9a005954-6e16-4651-8725-b2059dfc663c","local_time":"20190826080822","is_ascension_mode":false,"campfire_choices":[{"data":"Zap","floor":6,"key":"SMITH"},{"data":"Dualcast","floor":8,"key":"SMITH"},{"data":"Redo","floor":10,"key":"SMITH"},{"floor":15,"key":"REST"}],"neow_cost":"NONE","seed_source_timestamp":40092349033809,"circlet_count":0,"master_deck":["Strike_B","Strike_B","Strike_B","Strike_B","Defend_B","Defend_B","Defend_B","Defend_B","Zap+1","Dualcast+1","Turbo","Redo+1","Gash","Rebound","Loop","BootSequence","Heatsinks","Ball Lightning"],"relics":["Cracked Core","NeowsBlessing","Golden Idol","Turnip","Unceasing Top","Cables"],"potions_floor_usage":[12,13],"damage_taken":[{"damage":0,"enemies":"Jaw Worm","floor":1,"turns":1},{"damage":0,"enemies":"Small Slimes","floor":2,"turns":1},{"damage":0,"enemies":"2 Louse","floor":3,"turns":1},{"damage":1,"enemies":"2 Fungi Beasts","floor":4,"turns":3},{"damage":8,"enemies":"3 Louse","floor":11,"turns":3},{"damage":20,"enemies":"Gremlin Gang","floor":12,"turns":3},{"damage":11,"enemies":"Lagavulin","floor":13,"turns":7},{"damage":30,"enemies":"The Guardian","floor":16,"turns":5}],"seed_played":"-358701162671126399","potions_obtained":[{"floor":3,"key":"Weak Potion"},{"floor":11,"key":"LiquidBronze"}],"is_trial":false,"path_per_floor":["M","M","M","M","?","R","?","R","T","R","M","M","E","$","R","B"],"character_chosen":"DEFECT","items_purchased":["Cables","Ball Lightning"],"campfire_rested":1,"item_purchase_floors":[14,14],"current_hp_per_floor":[75,75,75,74,63,63,45,45,45,45,37,17,6,6,28,0],"gold":12,"neow_bonus":"THREE_ENEMY_KILL","is_prod":false,"is_daily":false,"chose_seed":false,"campfire_upgraded":3,"win_rate":0,"timestamp":1566821302,"path_taken":["M","M","M","M","?","R","?","R","T","R","M","M","E","$","R","BOSS"],"build_version":"2019-07-17","purchased_purges":0,"victory":false,"max_hp_per_floor":[75,75,75,75,75,75,75,75,75,75,75,75,75,75,75,75],"card_choices":[{"not_picked":["Scrape","Hologram"],"picked":"Turbo","floor":1},{"not_picked":["Recycle","Steam"],"picked":"Redo","floor":2},{"not_picked":["Leap","Rebound"],"picked":"Gash","floor":3},{"not_picked":["Beam Cell","Streamline"],"picked":"Rebound","floor":4},{"not_picked":["Streamline","Beam Cell"],"picked":"Loop","floor":11},{"not_picked":["Compile Driver","Hologram"],"picked":"BootSequence","floor":12},{"not_picked":["Rebound","Hello World"],"picked":"Heatsinks","floor":13}],"player_experience":108007,"relics_obtained":[{"floor":9,"key":"Turnip"},{"floor":13,"key":"Unceasing Top"}],"event_choices":[{"damage_healed":0,"gold_gain":75,"player_choice":"Gather Gold","damage_taken":11,"max_hp_gain":0,"max_hp_loss":0,"event_name":"World of Goop","floor":5,"gold_loss":0},{"damage_healed":0,"gold_gain":0,"player_choice":"Take Damage","damage_taken":18,"relics_obtained":["Golden Idol"],"max_hp_gain":0,"max_hp_loss":0,"event_name":"Golden Idol","floor":7,"gold_loss":0}],"is_beta":false,"boss_relics":[],"items_purged_floors":[],"is_endless":false,"potions_floor_spawned":[3,11],"killed_by":"The Guardian","ascension_level":0}