{"gold_per_floor":[218,168,180,193,207,263,263,277,300,300,313,324,324,337,337,432,432,452,479,404,404,319,319,337,351,351,362,373,373,393,32,32,128,128,145,60,60,60,60,60,74,74,99,26,42,58,58,58,58,58,58,58,19,53,53],"floor_reached":55,"playtime":6715,"items_purged":[],"score":746,"play_id":"72a1e79e-b99a-4f49-b42a-e286487611a7","local_time":"20190707161609","is_ascension_mode":false,"campfire_choices":[{"data":"Turbo","floor":7,"key":"SMITH"},{"floor":15,"key":"REST"},{"data":"Fission","floor":23,"key":"SMITH"},{"data":"Scrape","floor":32,"key":"SMITH"},{"data":"Fission","floor":40,"key":"SMITH"},{"data":"Zap","floor":42,"key":"SMITH"},{"floor":49,"key":"RECALL"},{"floor":52,"key":"REST"}],"neow_cost":"NONE","seed_source_timestamp":459880049296339,"circlet_count":0,"master_deck":["Zap+1","Dualcast+1","Chill+1","Beam Cell+1","Turbo+1","Gash+1","Steam+1","BootSequence+1","Go for the Eyes+1","Buffer+1","Gash+1","Fission+1","Gash+1","Hologram+1","Compile Driver+1","Scrape+1","Skim+1","Hologram+1","FTL+1","Trip+1","Seek+1","Seek+1","Streamline+1","Core Surge+1","Leap+1","Fission+1","Compile Driver+1","Madness+1","Madness+1","Madness+1","Steam+1","Sweeping Beam+1","Capacitor","Gash"],"relics":["FrozenCore","Tiny Chest","Orichalcum","Matryoshka","Smiling Mask","Juzu Bracelet","Regal Pillow","Anchor","Letter Opener","Toy Ornithopter","Pandora\u0027s Box","Kunai","Potion Belt","Mark of the Bloom","Gremlin Horn"],"potions_floor_usage":[6,14,16,24,25,30,33,41,41,50,55,55],"damage_taken":[{"damage":0,"enemies":"2 Louse","floor":1,"turns":2},{"damage":3,"enemies":"Jaw Worm","floor":3,"turns":4},{"damage":0,"enemies":"Cultist","floor":4,"turns":3},{"damage":2,"enemies":"Blue Slaver","floor":5,"turns":3},{"damage":28,"enemies":"Lagavulin","floor":6,"turns":8},{"damage":2,"enemies":"Looter","floor":8,"turns":3},{"damage":1,"enemies":"Exordium Wildlife","floor":11,"turns":6},{"damage":0,"enemies":"Large Slime","floor":12,"turns":6},{"damage":0,"enemies":"Lots of Slimes","floor":14,"turns":1},{"damage":36,"enemies":"Hexaghost","floor":16,"turns":12},{"damage":14,"enemies":"Spheric Guardian","floor":18,"turns":8},{"damage":33,"enemies":"3 Byrds","floor":24,"turns":7},{"damage":0,"enemies":"3 Cultists","floor":25,"turns":7},{"damage":0,"enemies":"Centurion and Healer","floor":27,"turns":8},{"damage":0,"enemies":"Cultist and Chosen","floor":28,"turns":6},{"damage":0,"enemies":"Snecko","floor":30,"turns":4},{"damage":0,"enemies":"Automaton","floor":33,"turns":7},{"damage":0,"enemies":"3 Shapes","floor":35,"turns":4},{"damage":0,"enemies":"3 Darklings","floor":41,"turns":4},{"damage":0,"enemies":"Transient","floor":45,"turns":5},{"damage":8,"enemies":"Jaw Worm Horde","floor":46,"turns":4},{"damage":14,"enemies":"Donu and Deca","floor":50,"turns":9},{"damage":0,"enemies":"Shield and Spear","floor":54,"turns":5},{"damage":77,"enemies":"The Heart","floor":55,"turns":8}],"seed_played":"1186611412201275398","potions_obtained":[{"floor":3,"key":"Explosive Potion"},{"floor":4,"key":"Block Potion"},{"floor":5,"key":"Energy Potion"},{"floor":6,"key":"PowerPotion"},{"floor":11,"key":"Regen Potion"},{"floor":24,"key":"Strength Potion"},{"floor":27,"key":"Strength Potion"},{"floor":29,"key":"Ancient Potion"},{"floor":29,"key":"Swift Potion"},{"floor":35,"key":"Fruit Juice"},{"floor":45,"key":"FearPotion"},{"floor":46,"key":"PowerPotion"}],"is_trial":false,"path_per_floor":["M","?","M","M","M","E","R","M","T","T","M","M","?","M","R","B",null,"M","T","?","?","?","R","M","M","T","M","M","?","M","$","R","B",null,"M","$","?","T","?","R","M","R","T","$","M","M","$","?","R","B",null,"R","$","E","B"],"character_chosen":"DEFECT","items_purchased":["FTL","Trip","Toy Ornithopter","Madness","LiquidBronze","Capacitor"],"campfire_rested":2,"item_purchase_floors":[31,31,31,36,44,53],"current_hp_per_floor":[75,75,72,72,70,42,42,40,40,40,39,39,39,39,61,25,75,61,61,61,61,61,61,40,40,40,40,40,40,40,40,40,45,75,75,75,66,66,66,66,80,80,80,80,80,72,72,72,72,58,58,58,58,58,0],"gold":53,"neow_bonus":"HUNDRED_GOLD","is_prod":false,"is_daily":false,"chose_seed":false,"campfire_upgraded":5,"win_rate":0,"timestamp":1562530569,"path_taken":["M","?","M","M","M","E","R","M","T","?","M","M","?","M","R","BOSS","M","?","?","?","?","R","M","M","T","M","M","?","M","$","R","BOSS","M","$","?","?","?","R","M","R","T","?","M","M","?","?","R","BOSS","R","$","E","BOSS"],"build_version":"2019-07-05","purchased_purges":0,"victory":false,"max_hp_per_floor":[75,75,75,75,75,75,75,75,75,75,75,75,75,75,75,75,75,75,75,75,75,75,75,75,75,75,75,75,75,75,75,75,75,75,75,75,75,75,75,75,80,80,80,80,80,80,80,80,80,80,80,80,80,80,80],"card_choices":[{"not_picked":["Rebound","Rip and Tear"],"picked":"Chill","floor":1},{"not_picked":["Barrage","Glacier"],"picked":"Beam Cell","floor":3},{"not_picked":["Stack","Hologram"],"picked":"Turbo","floor":4},{"not_picked":["Fusion","Force Field"],"picked":"Gash","floor":5},{"not_picked":["Conserve Battery","Double Energy"],"picked":"Steam","floor":6},{"not_picked":["Redo","Reprogram"],"picked":"BootSequence","floor":8},{"not_picked":["Streamline","Doom and Gloom"],"picked":"Go for the Eyes","floor":11},{"not_picked":["Steam","Leap"],"picked":"Buffer","floor":12},{"not_picked":["Auto Shields","Streamline"],"picked":"Gash","floor":14},{"not_picked":["Hyperbeam","Amplify"],"picked":"Fission","floor":16},{"not_picked":["Go for the Eyes","Coolheaded"],"picked":"Gash","floor":18},{"not_picked":["Coolheaded","Cold Snap"],"picked":"Hologram+1","floor":24},{"not_picked":["Fusion","Auto Shields"],"picked":"Compile Driver","floor":25},{"not_picked":["Reprogram+1","Coolheaded"],"picked":"Scrape","floor":27},{"not_picked":["Lockon","Compile Driver"],"picked":"Skim+1","floor":28},{"not_picked":["Stack+1","Buffer"],"picked":"Hologram+1","floor":30},{"not_picked":["Multi-Cast","Fission"],"picked":"Seek","floor":33},{"not_picked":["Consume","Streamline"],"picked":"Compile Driver+1","floor":35},{"not_picked":["Stack","Leap"],"picked":"Steam","floor":41},{"not_picked":["Consume+1","Redo","Self Repair"],"picked":"SKIP","floor":45},{"not_picked":["Consume","Hologram"],"picked":"Sweeping Beam","floor":46},{"not_picked":["Rainbow","Aggregate"],"picked":"Gash","floor":54}],"player_experience":162404,"relics_obtained":[{"floor":6,"key":"Tiny Chest"},{"floor":9,"key":"Orichalcum"},{"floor":10,"key":"Matryoshka"},{"floor":19,"key":"Smiling Mask"},{"floor":26,"key":"Anchor"},{"floor":26,"key":"Letter Opener"},{"floor":38,"key":"Kunai"},{"floor":43,"key":"Potion Belt"},{"floor":54,"key":"Gremlin Horn"}],"event_choices":[{"cards_removed":["Strike_B"],"damage_healed":0,"gold_gain":0,"player_choice":"Card Removal","damage_taken":0,"max_hp_gain":0,"max_hp_loss":0,"event_name":"The Cleric","floor":2,"gold_loss":50},{"damage_healed":0,"gold_gain":0,"player_choice":"Upgraded","damage_taken":0,"max_hp_gain":0,"max_hp_loss":0,"event_name":"Upgrade Shrine","floor":13,"gold_loss":0,"cards_upgraded":["Buffer"]},{"cards_removed":["Strike_B"],"damage_healed":0,"gold_gain":0,"player_choice":"Gave Gold","damage_taken":0,"max_hp_gain":0,"max_hp_loss":0,"event_name":"Beggar","floor":20,"gold_loss":75},{"damage_healed":0,"gold_gain":0,"player_choice":"Opened","damage_taken":0,"relics_obtained":["Juzu Bracelet"],"max_hp_gain":0,"max_hp_loss":0,"event_name":"The Mausoleum","floor":21,"gold_loss":0},{"damage_healed":0,"gold_gain":0,"player_choice":"Obtained Relic","damage_taken":0,"relics_obtained":["Regal Pillow"],"max_hp_gain":0,"max_hp_loss":0,"event_name":"Addict","floor":22,"gold_loss":85},{"damage_healed":0,"gold_gain":0,"player_choice":"Got Potions","damage_taken":0,"max_hp_gain":0,"max_hp_loss":0,"event_name":"Lab","floor":29,"gold_loss":0},{"damage_healed":0,"gold_gain":0,"player_choice":"Embrace Madness","damage_taken":9,"max_hp_gain":0,"max_hp_loss":0,"event_name":"Winding Halls","floor":37,"gold_loss":0,"cards_obtained":["Madness","Madness"]},{"cards_removed":["Go for the Eyes"],"damage_healed":0,"gold_gain":0,"player_choice":"Removed Attack","damage_taken":0,"max_hp_gain":0,"max_hp_loss":0,"event_name":"Falling","floor":39,"gold_loss":0},{"damage_healed":0,"gold_gain":0,"player_choice":"Upgrade","damage_taken":0,"relics_obtained":["Mark of the Bloom"],"max_hp_gain":0,"max_hp_loss":0,"event_name":"MindBloom","floor":48,"gold_loss":0,"cards_upgraded":["Dualcast","Chill","Beam Cell","Gash","Steam","BootSequence","Go for the Eyes","Gash","Gash","Compile Driver","FTL","Trip","Seek","Seek","Streamline","Core Surge","Leap","Madness","Madness","Madness","Steam","Sweeping Beam"]}],"is_beta":false,"boss_relics":[{"not_picked":["Lizard Tail","White Beast Statue"],"picked":"FrozenCore"},{"not_picked":["Velvet Choker","Calling Bell"],"picked":"Pandora\u0027s Box"}],"items_purged_floors":[],"is_endless":false,"potions_floor_spawned":[3,4,5,6,11,12,24,27,35,45,46],"killed_by":"The Heart","ascension_level":0}