{"gold_per_floor":[114,127,141,160,170,190,219,219,219,219,229,229,264,12,12,114,114,126,142,158,158,176,204,204,221,300,300,316,316],"floor_reached":29,"playtime":2456,"items_purged":[],"score":261,"play_id":"9bcad893-2288-468c-83ac-b3879c510ca0","local_time":"20190825193350","is_ascension_mode":false,"campfire_choices":[{"data":"Redo","floor":8,"key":"SMITH"},{"floor":10,"key":"REST"},{"data":"Echo Form","floor":12,"key":"SMITH"},{"floor":15,"key":"REST"},{"floor":24,"key":"RECALL"}],"neow_cost":"NONE","seed_source_timestamp":590395680200,"circlet_count":0,"master_deck":["Strike_B+1","Strike_B","Strike_B+1","Strike_B","Defend_B","Defend_B","Defend_B","Defend_B","Zap+1","Dualcast","Redo+1","Turbo","BootSequence","Defragment","Conserve Battery","Rebound","Cold Snap","Echo Form+1","Sunder","Electrodynamics","Stack","Hologram","Conserve Battery","Heatsinks","Undo+1","Force Field","Go for the Eyes","Doubt","Creative AI"],"relics":["Cracked Core","Centennial Puzzle","Ginger","Mummified Hand","Cursed Key","Whetstone","Question Card"],"potions_floor_usage":[7,7,16,16,28],"damage_taken":[{"damage":1,"enemies":"Cultist","floor":1,"turns":4},{"damage":15,"enemies":"Jaw Worm","floor":2,"turns":4},{"damage":0,"enemies":"Small Slimes","floor":3,"turns":3},{"damage":1,"enemies":"Exordium Thugs","floor":4,"turns":4},{"damage":6,"enemies":"3 Louse","floor":5,"turns":3},{"damage":2,"enemies":"Blue Slaver","floor":6,"turns":3},{"damage":23,"enemies":"3 Sentries","floor":7,"turns":7},{"damage":1,"enemies":"Exordium Wildlife","floor":11,"turns":3},{"damage":17,"enemies":"Lagavulin","floor":13,"turns":8},{"damage":17,"enemies":"Slime Boss","floor":16,"turns":8},{"damage":7,"enemies":"2 Thieves","floor":18,"turns":3},{"damage":0,"enemies":"Chosen","floor":19,"turns":3},{"damage":17,"enemies":"Snake Plant","floor":20,"turns":3},{"damage":0,"enemies":"Chosen and Byrds","floor":22,"turns":4},{"damage":19,"enemies":"Slavers","floor":23,"turns":3},{"damage":22,"enemies":"Snecko","floor":25,"turns":6},{"damage":5,"enemies":"Snake Plant","floor":28,"turns":4},{"damage":5,"enemies":"Cultist and Chosen","floor":29,"turns":4}],"seed_played":"-6643017663338605583","potions_obtained":[{"floor":2,"key":"SpeedPotion"},{"floor":4,"key":"Regen Potion"},{"floor":6,"key":"Block Potion"},{"floor":13,"key":"EssenceOfSteel"},{"floor":22,"key":"Strength Potion"},{"floor":23,"key":"Dexterity Potion"},{"floor":27,"key":"Energy Potion"},{"floor":27,"key":"SkillPotion"}],"is_trial":false,"path_per_floor":["M","M","M","M","M","M","E","R","T","R","M","R","E","$","R","B",null,"M","M","M","?","M","E","R","M","T","?","M","M"],"character_chosen":"DEFECT","items_purchased":["Mummified Hand"],"campfire_rested":2,"item_purchase_floors":[14],"current_hp_per_floor":[74,59,59,58,52,50,42,42,42,64,63,63,46,46,68,51,75,68,68,51,51,51,32,32,10,10,10,5,0],"gold":316,"neow_bonus":"UPGRADE_CARD","is_prod":false,"is_daily":false,"chose_seed":false,"campfire_upgraded":2,"win_rate":0,"timestamp":1566776030,"path_taken":["M","M","M","M","M","M","E","R","T","R","?","R","E","$","R","BOSS","M","M","M","?","M","E","R","M","T","?","M","M"],"build_version":"2019-07-17","purchased_purges":0,"victory":false,"max_hp_per_floor":[75,75,75,75,75,75,75,75,75,75,75,75,75,75,75,75,75,75,75,75,75,75,75,75,75,75,75,75,75],"card_choices":[{"not_picked":["Gash","Ball Lightning"],"picked":"Redo","floor":1},{"not_picked":["Hologram","Ball Lightning"],"picked":"Turbo","floor":2},{"not_picked":["Reprogram","Beam Cell"],"picked":"BootSequence","floor":3},{"not_picked":["Storm","Undo"],"picked":"Defragment","floor":4},{"not_picked":["Gash","Barrage"],"picked":"Conserve Battery","floor":5},{"not_picked":["Static Discharge","Melter"],"picked":"Rebound","floor":6},{"not_picked":["Gash","Coolheaded"],"picked":"Cold Snap","floor":7},{"not_picked":["Hologram","FTL"],"picked":"Echo Form","floor":11},{"not_picked":["Barrage","Skim"],"picked":"Sunder","floor":13},{"not_picked":["Buffer","Machine Learning"],"picked":"Electrodynamics","floor":16},{"not_picked":["Defragment","Reprogram"],"picked":"Stack","floor":18},{"not_picked":["Stack","Conserve Battery"],"picked":"Hologram","floor":19},{"not_picked":["Turbo","Redo"],"picked":"Conserve Battery","floor":20},{"not_picked":["Compile Driver+1","Conserve Battery"],"picked":"Undo+1","floor":22},{"not_picked":["Multi-Cast","Hologram+1"],"picked":"Force Field","floor":23},{"not_picked":["Doom and Gloom","Barrage"],"picked":"Go for the Eyes","floor":25},{"not_picked":["Chaos+1","Hologram+1","Sweeping Beam+1"],"picked":"Creative AI","floor":28}],"player_experience":102667,"relics_obtained":[{"floor":7,"key":"Centennial Puzzle"},{"floor":13,"key":"Ginger"},{"floor":23,"key":"Whetstone"},{"floor":26,"key":"Question Card"}],"event_choices":[{"damage_healed":0,"gold_gain":0,"player_choice":"Read","damage_taken":0,"max_hp_gain":0,"max_hp_loss":0,"event_name":"The Library","floor":21,"gold_loss":0,"cards_obtained":["Heatsinks"]},{"damage_healed":0,"gold_gain":0,"player_choice":"Got Potions","damage_taken":0,"max_hp_gain":0,"max_hp_loss":0,"event_name":"Lab","floor":27,"gold_loss":0}],"is_beta":false,"boss_relics":[{"not_picked":["Empty Cage","Ectoplasm"],"picked":"Cursed Key"}],"items_purged_floors":[],"is_endless":false,"potions_floor_spawned":[2,4,6,13,22,23],"killed_by":"Cultist and Chosen","ascension_level":0}