{"gold_per_floor":[369,544,11,28,28,59,72,72,72,83,93,22,55,55,55,157,157,147,160,100,118,19,49,49,62,117,117,33,63,63,63,63,158,158,170,190,206,206],"floor_reached":38,"playtime":2921,"items_purged":["Doubt"],"score":474,"play_id":"31c3cf7f-0e14-4767-94a1-c65898e365b0","local_time":"20190821160649","is_ascension_mode":false,"campfire_choices":[{"floor":8,"key":"REST"},{"floor":15,"key":"REST"},{"floor":24,"key":"REST"},{"floor":27,"key":"REST"},{"floor":32,"key":"REST"}],"neow_cost":"PERCENT_DAMAGE","seed_source_timestamp":34110348163381,"circlet_count":0,"master_deck":["Strike_G","Strike_G","Defend_G","Defend_G","Defend_G","Defend_G","Defend_G","Survivor","Neutralize","Infinite Blades+1","The Bomb","Backflip","Dagger Spray","Outmaneuver","Poisoned Stab+1","Wraith Form v2","Footwork","Bane","Footwork","Backflip","A Thousand Cuts","Sucker Punch+1","Masterful Stab","Crippling Poison","Unload","Distraction+1","Blur","Dagger Spray+1","Blade Dance+1","Backstab","Acrobatics","Noxious Fumes","Blur","Corpse Explosion","Bullet Time","Infinite Blades+1","Footwork+1","Endless Agony+1"],"relics":["Ring of the Snake","Sling","Anchor","Bottled Flame","Bottled Lightning","Sozu","Dodecahedron","Potion Belt","Whetstone","Molten Egg 2","WristBlade"],"potions_floor_usage":[6,11,16],"damage_taken":[{"damage":0,"enemies":"2 Louse","floor":1,"turns":3},{"damage":2,"enemies":"Jaw Worm","floor":4,"turns":5},{"damage":21,"enemies":"Gremlin Nob","floor":6,"turns":4},{"damage":1,"enemies":"Cultist","floor":7,"turns":4},{"damage":0,"enemies":"3 Louse","floor":10,"turns":3},{"damage":0,"enemies":"Exordium Wildlife","floor":11,"turns":4},{"damage":9,"enemies":"3 Sentries","floor":13,"turns":5},{"damage":19,"enemies":"Hexaghost","floor":16,"turns":12},{"damage":20,"enemies":"2 Thieves","floor":18,"turns":4},{"damage":9,"enemies":"3 Byrds","floor":19,"turns":5},{"damage":11,"enemies":"3 Cultists","floor":21,"turns":3},{"damage":17,"enemies":"Book of Stabbing","floor":23,"turns":6},{"damage":1,"enemies":"Snake Plant","floor":25,"turns":5},{"damage":1,"enemies":"Gremlin Leader","floor":29,"turns":4},{"damage":5,"enemies":"Automaton","floor":33,"turns":9},{"damage":7,"enemies":"3 Darklings","floor":35,"turns":3},{"damage":6,"enemies":"3 Shapes","floor":36,"turns":5},{"damage":30,"enemies":"Transient","floor":37,"turns":5},{"damage":36,"enemies":"Spire Growth","floor":38,"turns":3}],"seed_played":"-5685471839172070974","potions_obtained":[{"floor":1,"key":"EssenceOfSteel"},{"floor":4,"key":"Swift Potion"},{"floor":10,"key":"Energy Potion"}],"is_trial":false,"path_per_floor":["M","?","$","M","?","E","M","R","T","M","M","$","E","?","R","B",null,"M","M","?","M","$","E","R","M","T","R","$","E","?","T","R","B",null,"M","M","M","M"],"character_chosen":"THE_SILENT","items_purchased":["The Bomb","Sling","Backflip","Dagger Spray","Footwork","Blur","Dagger Spray","Acrobatics","Noxious Fumes"],"campfire_rested":5,"item_purchase_floors":[3,3,3,3,12,22,22,28,28],"current_hp_per_floor":[49,49,49,47,47,26,25,46,46,46,46,46,37,30,51,32,70,50,41,41,30,30,13,34,33,33,54,54,53,53,53,70,65,70,63,57,27,0],"gold":206,"neow_bonus":"TWO_FIFTY_GOLD","is_prod":false,"is_daily":false,"chose_seed":false,"campfire_upgraded":0,"win_rate":0.0,"timestamp":1566418009,"path_taken":["M","?","$","M","?","E","M","R","T","M","M","$","E","?","R","BOSS","M","M","?","M","$","E","R","?","T","R","$","E","?","?","R","BOSS","M","M","?","M"],"build_version":"2019-07-17","purchased_purges":1,"victory":false,"max_hp_per_floor":[70,70,70,70,70,70,70,70,70,70,70,70,70,70,70,70,70,70,70,70,70,70,70,70,70,70,70,70,70,70,70,70,70,70,70,70,70,70],"card_choices":[{"not_picked":["Prepared","Acrobatics"],"picked":"Infinite Blades","floor":1},{"not_picked":["Backflip","Quick Slash"],"picked":"Outmaneuver","floor":4},{"not_picked":["Deadly Poison","Bouncing Flask"],"picked":"Poisoned Stab","floor":6},{"not_picked":["PiercingWail","Flying Knee"],"picked":"Wraith Form v2","floor":7},{"not_picked":["Dash","Underhanded Strike"],"picked":"Footwork","floor":10},{"not_picked":["Poisoned Stab","Quick Slash"],"picked":"Bane","floor":11},{"not_picked":["Dodge and Roll","Outmaneuver"],"picked":"Backflip","floor":13},{"not_picked":["Bullet Time","Unload"],"picked":"A Thousand Cuts","floor":16},{"not_picked":["Quick Slash","Deadly Poison"],"picked":"Sucker Punch+1","floor":18},{"not_picked":["Calculated Gamble","Flying Knee"],"picked":"Masterful Stab","floor":19},{"not_picked":["Well Laid Plans","Skewer"],"picked":"Distraction+1","floor":21},{"not_picked":["Deadly Poison+1","Tools of the Trade"],"picked":"Blade Dance+1","floor":23},{"not_picked":["Quick Slash","Backflip"],"picked":"Backstab","floor":25},{"not_picked":["Dodge and Roll","Deflect"],"picked":"Blur","floor":29},{"not_picked":["Unload+1","Venomology"],"picked":"Bullet Time","floor":33},{"not_picked":["Dagger Spray+1","Tactician"],"picked":"Infinite Blades+1","floor":35},{"not_picked":["Slice+1","Predator+1"],"picked":"Footwork+1","floor":36},{"not_picked":["Quick Slash+1","Dagger Spray+1"],"picked":"Endless Agony+1","floor":37}],"player_experience":68440,"relics_obtained":[{"floor":6,"key":"Anchor"},{"floor":9,"key":"Bottled Flame"},{"floor":13,"key":"Bottled Lightning"},{"floor":23,"key":"Dodecahedron"},{"floor":26,"key":"Potion Belt"},{"floor":29,"key":"Whetstone"},{"floor":31,"key":"Molten Egg 2"}],"event_choices":[{"damage_healed":0,"gold_gain":175,"player_choice":"AGREE","damage_taken":0,"max_hp_gain":0,"max_hp_loss":0,"event_name":"Liars Game","floor":2,"gold_loss":0,"cards_obtained":["Doubt"]},{"damage_healed":0,"gold_gain":0,"player_choice":"Grow","damage_taken":0,"max_hp_gain":0,"max_hp_loss":0,"event_name":"Living Wall","floor":5,"gold_loss":0,"cards_upgraded":["Infinite Blades"]},{"cards_removed":["Strike_G"],"damage_healed":0,"gold_gain":0,"player_choice":"Card Removal","damage_taken":7,"max_hp_gain":0,"max_hp_loss":0,"event_name":"Golden Wing","floor":14,"gold_loss":0},{"damage_healed":0,"gold_gain":0,"cards_transformed":["Strike_G","Strike_G"],"player_choice":"Transformed Cards","damage_taken":0,"max_hp_gain":0,"max_hp_loss":0,"event_name":"Designer","floor":20,"gold_loss":60,"cards_obtained":["Crippling Poison","Unload"]},{"damage_healed":0,"gold_gain":0,"player_choice":"Read","damage_taken":0,"max_hp_gain":0,"max_hp_loss":0,"event_name":"The Library","floor":30,"gold_loss":0,"cards_obtained":["Corpse Explosion"]}],"is_beta":false,"boss_relics":[{"not_picked":["Ectoplasm","Runic Dome"],"picked":"Sozu"},{"not_picked":["Lizard Tail","Snecko Eye"],"picked":"WristBlade"}],"items_purged_floors":[3],"is_endless":false,"potions_floor_spawned":[1,4,10,21,23,33,35],"killed_by":"Spire Growth","ascension_level":0}