{"gold_per_floor":[111,125,135,135,135,135,163,179,179,179,195,79,95,95,95,216,216,235,235,248,38,54,54,54,54,54,54,54,69,100,118,118,223,223,237,237,237,282,382,382,408,408,431,431,451,451,465,31,31,31],"floor_reached":51,"playtime":4904,"items_purged":["Strike_B","Strike_B"],"score":1079,"play_id":"a8f9c70d-b9c5-49f0-8e93-b5d4ceaed570","local_time":"20190825163610","is_ascension_mode":true,"campfire_choices":[{"data":"Fission","floor":6,"key":"SMITH"},{"floor":15,"key":"REST"},{"floor":23,"key":"DIG"},{"floor":25,"key":"DIG"},{"floor":28,"key":"DIG"},{"floor":32,"key":"DIG"},{"floor":40,"key":"DIG"},{"floor":42,"key":"DIG"},{"floor":44,"key":"DIG"},{"floor":49,"key":"DIG"}],"neow_cost":"NONE","seed_source_timestamp":688692936057326,"circlet_count":0,"master_deck":["AscendersBane","Strike_B","Strike_B+1","Defend_B+1","Defend_B","Defend_B","Defend_B","Zap","Dualcast","Fission+1","Glacier","Go for the Eyes","Hologram","Cold Snap","Conserve Battery","Sunder","Coolheaded","Creative AI","BootSequence","Conserve Battery","Self Repair","Doom and Gloom+1","Echo Form","Leap","Double Energy","Capacitor","Seek","Hologram","Enlightenment","Sweeping Beam","Go for the Eyes","Thunder Strike+1","Darkness+1","Heatsinks+1","Blizzard","Apotheosis","Ball Lightning","BootSequence"],"relics":["Cracked Core","Shovel","Ice Cream","Bloody Idol","Nuclear Battery","Calipers","MutagenicStrength","Lantern","Singing Bowl","Letter Opener","Torii","Omamori","Snecko Eye","StoneCalendar","Pocketwatch","Bottled Flame","Symbiotic Virus","DataDisk","Blood Vial","Whetstone"],"potions_floor_usage":[16,30,31,33,50,50],"damage_taken":[{"damage":12,"enemies":"Small Slimes","floor":1,"turns":4},{"damage":1,"enemies":"2 Louse","floor":2,"turns":3},{"damage":0,"enemies":"Jaw Worm","floor":3,"turns":4},{"damage":18,"enemies":"3 Sentries","floor":7,"turns":9},{"damage":0,"enemies":"Large Slime","floor":8,"turns":5},{"damage":10,"enemies":"Blue Slaver","floor":11,"turns":4},{"damage":0,"enemies":"Exordium Wildlife","floor":13,"turns":3},{"damage":17,"enemies":"The Guardian","floor":16,"turns":16},{"damage":10,"enemies":"Spheric Guardian","floor":18,"turns":7},{"damage":0,"enemies":"Chosen","floor":20,"turns":4},{"damage":3,"enemies":"Centurion and Healer","floor":22,"turns":12},{"damage":5,"enemies":"Sentry and Sphere","floor":29,"turns":6},{"damage":11,"enemies":"Gremlin Leader","floor":30,"turns":10},{"damage":9,"enemies":"Snake Plant","floor":31,"turns":5},{"damage":42,"enemies":"Automaton","floor":33,"turns":10},{"damage":0,"enemies":"3 Shapes","floor":35,"turns":3},{"damage":34,"enemies":"2 Orb Walkers","floor":38,"turns":5},{"damage":1,"enemies":"Mind Bloom Boss Battle","floor":39,"turns":8},{"damage":6,"enemies":"Nemesis","floor":41,"turns":11},{"damage":7,"enemies":"3 Darklings","floor":45,"turns":4},{"damage":3,"enemies":"Sphere and 2 Shapes","floor":47,"turns":4},{"damage":18,"enemies":"Donu and Deca","floor":50,"turns":8}],"seed_played":"-7372997988630171058","potions_obtained":[{"floor":1,"key":"FocusPotion"},{"floor":3,"key":"FocusPotion"},{"floor":29,"key":"FairyPotion"},{"floor":30,"key":"Fruit Juice"},{"floor":31,"key":"LiquidBronze"},{"floor":33,"key":"SteroidPotion"},{"floor":39,"key":"FocusPotion"},{"floor":45,"key":"Swift Potion"}],"is_trial":false,"path_per_floor":["M","M","M","?","?","R","E","M","T","?","M","$","M","?","R","B",null,"M","?","M","$","M","R","?","R","T","$","R","M","E","M","R","B",null,"M","?","?","?","?","R","E","R","T","R","M","?","M","$","R","B",null],"character_chosen":"DEFECT","items_purchased":["Sunder","Self Repair","Doom and Gloom","Blizzard","Apotheosis","Ball Lightning","Dexterity Potion","BootSequence"],"campfire_rested":1,"item_purchase_floors":[12,21,21,48,48,48,48,48],"current_hp_per_floor":[56,55,55,40,45,45,27,27,27,27,17,17,17,17,39,22,61,51,51,56,56,65,65,65,65,65,65,65,72,73,79,79,42,70,79,79,73,51,62,62,68,68,73,73,80,79,79,79,79,61],"gold":31,"neow_bonus":"ONE_RANDOM_RARE_CARD","is_prod":false,"is_daily":false,"chose_seed":false,"campfire_upgraded":1,"win_rate":0,"timestamp":1566765370,"path_taken":["M","M","M","?","?","R","E","M","T","?","M","?","M","?","R","BOSS","M","?","M","$","M","R","?","R","T","?","R","?","E","M","R","BOSS","M","?","?","?","?","R","E","R","T","R","?","?","M","$","R","BOSS"],"build_version":"2019-07-17","purchased_purges":2,"victory":true,"max_hp_per_floor":[75,75,75,75,80,80,80,80,80,80,80,80,80,74,74,74,74,74,74,74,74,74,74,74,74,74,74,74,74,74,79,79,79,79,79,79,83,83,83,83,83,83,83,83,83,79,79,79,79,79],"card_choices":[{"not_picked":["White Noise","Streamline"],"picked":"Glacier","floor":1},{"not_picked":["Barrage","Stack"],"picked":"Go for the Eyes","floor":2},{"not_picked":["Darkness","Hologram"],"picked":"Compile Driver","floor":3},{"not_picked":["Chaos","Amplify"],"picked":"Hologram","floor":7},{"not_picked":["Steam","Conserve Battery"],"picked":"Cold Snap","floor":8},{"not_picked":["Fusion","Force Field"],"picked":"Conserve Battery","floor":11},{"not_picked":["Steam","Gash"],"picked":"Coolheaded","floor":13},{"not_picked":["Seek","Amplify"],"picked":"Creative AI","floor":16},{"not_picked":["Hologram","Sweeping Beam"],"picked":"BootSequence","floor":18},{"not_picked":["Go for the Eyes","Auto Shields"],"picked":"Conserve Battery","floor":20},{"not_picked":["Rebound","Go for the Eyes"],"picked":"Echo Form","floor":22},{"not_picked":["Heatsinks","Chill"],"picked":"Leap","floor":29},{"not_picked":["Rebound","Gash"],"picked":"Double Energy","floor":30},{"not_picked":["Turbo","Leap"],"picked":"Capacitor","floor":31},{"not_picked":["Thunder Strike","Core Surge"],"picked":"Seek","floor":33},{"not_picked":["Turbo+1","Auto Shields"],"picked":"Hologram","floor":35},{"not_picked":["Discovery","The Bomb"],"picked":"Enlightenment","floor":37},{"not_picked":["Secret Technique","Deep Breath","Sadistic Nature"],"picked":"Singing Bowl","floor":37},{"not_picked":["Secret Weapon","Good Instincts","Finesse"],"picked":"Singing Bowl","floor":37},{"not_picked":["Loop","Capacitor"],"picked":"Sweeping Beam","floor":38},{"not_picked":["Rebound","Beam Cell"],"picked":"Go for the Eyes","floor":39},{"not_picked":["Steam Power","Sweeping Beam"],"picked":"Thunder Strike","floor":41},{"not_picked":["Rebound+1","Streamline"],"picked":"Darkness+1","floor":45},{"not_picked":["Sweeping Beam","Static Discharge"],"picked":"Heatsinks+1","floor":47}],"player_experience":492473,"relics_obtained":[{"floor":7,"key":"Shovel"},{"floor":9,"key":"Ice Cream"},{"floor":23,"key":"Calipers"},{"floor":25,"key":"Lantern"},{"floor":26,"key":"Singing Bowl"},{"floor":28,"key":"Letter Opener"},{"floor":30,"key":"Torii"},{"floor":32,"key":"Omamori"},{"floor":38,"key":"StoneCalendar"},{"floor":39,"key":"Pocketwatch"},{"floor":40,"key":"Bottled Flame"},{"floor":41,"key":"Symbiotic Virus"},{"floor":42,"key":"DataDisk"},{"floor":43,"key":"Blood Vial"},{"floor":49,"key":"Whetstone"}],"event_choices":[{"damage_healed":0,"gold_gain":0,"player_choice":"Entered Light","damage_taken":15,"max_hp_gain":0,"max_hp_loss":0,"event_name":"Shining Light","floor":4,"gold_loss":0,"cards_upgraded":["Defend_B","Strike_B"]},{"damage_healed":0,"gold_gain":0,"player_choice":"Donut","damage_taken":0,"max_hp_gain":5,"max_hp_loss":0,"event_name":"Big Fish","floor":5,"gold_loss":0},{"damage_healed":0,"gold_gain":0,"player_choice":"Ignored","damage_taken":0,"max_hp_gain":0,"max_hp_loss":0,"event_name":"Golden Wing","floor":10,"gold_loss":0},{"damage_healed":0,"gold_gain":0,"player_choice":"Lose Max HP","damage_taken":0,"relics_obtained":["Golden Idol"],"max_hp_gain":0,"max_hp_loss":6,"event_name":"Golden Idol","floor":14,"gold_loss":0},{"damage_healed":0,"gold_gain":0,"player_choice":"Gave Idol","damage_taken":0,"relics_obtained":["Bloody Idol"],"max_hp_gain":0,"max_hp_loss":0,"event_name":"Forgotten Altar","floor":19,"relics_lost":["Golden Idol"],"gold_loss":0},{"damage_healed":0,"gold_gain":0,"player_choice":"Inject Mutagens","damage_taken":0,"relics_obtained":["MutagenicStrength"],"max_hp_gain":0,"max_hp_loss":0,"event_name":"Drug Dealer","floor":24,"gold_loss":0},{"cards_removed":["Compile Driver"],"damage_healed":0,"gold_gain":0,"player_choice":"Removed Attack","damage_taken":0,"max_hp_gain":0,"max_hp_loss":0,"event_name":"Falling","floor":36,"gold_loss":0},{"damage_healed":0,"gold_gain":0,"player_choice":"Memory 3","damage_taken":10,"max_hp_gain":0,"max_hp_loss":0,"event_name":"SensoryStone","floor":37,"gold_loss":0},{"damage_healed":0,"gold_gain":0,"player_choice":"Fight","damage_taken":0,"max_hp_gain":0,"max_hp_loss":0,"event_name":"Mysterious Sphere","floor":38,"gold_loss":0},{"damage_healed":0,"gold_gain":0,"player_choice":"Fight","damage_taken":0,"max_hp_gain":0,"max_hp_loss":0,"event_name":"MindBloom","floor":39,"gold_loss":0},{"damage_healed":0,"gold_gain":0,"player_choice":"Max HP","damage_taken":0,"max_hp_gain":0,"max_hp_loss":4,"event_name":"Winding Halls","floor":46,"gold_loss":0}],"is_beta":false,"boss_relics":[{"not_picked":["Eternal Feather","Busted Crown"],"picked":"Nuclear Battery"},{"not_picked":["Empty Cage","Tiny House"],"picked":"Snecko Eye"}],"items_purged_floors":[12,21],"is_endless":false,"potions_floor_spawned":[1,3,11,29,30,31,33,39,45],"ascension_level":12}