{"gold_per_floor":[112,129,129,147,147,147,178,192,192,192,210,221,21,36,36,134,134,152,170,22,33,33,33,45,74,74,74,85,85,110,122,122,223,223,234,0,0,17,27,27,59,59,59,59,59,76,76,91,91,91],"floor_reached":51,"playtime":7762,"items_purged":["Pain","Strike_G"],"score":926,"play_id":"75c0db0f-f129-4db9-8e8b-64240045c2c3","local_time":"20190725041957","is_ascension_mode":true,"campfire_choices":[{"data":"Noxious Fumes","floor":6,"key":"SMITH"},{"floor":10,"key":"REST"},{"floor":15,"key":"REST"},{"data":"Bullet Time","floor":23,"key":"SMITH"},{"floor":27,"key":"REST"},{"floor":29,"key":"REST"},{"floor":32,"key":"REST"},{"floor":40,"key":"REST"},{"data":"Footwork","floor":45,"key":"SMITH"},{"data":"Footwork","floor":47,"key":"SMITH"},{"floor":49,"key":"REST"}],"neow_cost":"TEN_PERCENT_HP_LOSS","seed_source_timestamp":118990260193402,"circlet_count":0,"master_deck":["Strike_G","Strike_G","Strike_G","Defend_G","Defend_G","Defend_G","Defend_G","Defend_G","Survivor","Neutralize","Noxious Fumes+1","PiercingWail","Escape Plan","Bullet Time+1","Backflip","Blur","Dagger Spray","Cloak And Dagger","Dagger Spray","Dodge and Roll","Sucker Punch","Malaise","Deflect+1","Quick Slash+1","Poisoned Stab","Leg Sweep","Storm of Steel","Flechettes+1","Slice+1","Footwork+1","Sucker Punch+1","Envenom","Calculated Gamble","Footwork+1","Dagger Throw","Burst","PiercingWail+1","Deflect+1"],"relics":["Ring of the Snake","Turnip","The Specimen","WarpedTongs","Torii","Ginger","Lizard Tail","Art of War","Singing Bowl","Pear","Runic Pyramid","Vajra","Juzu Bracelet","Toxic Egg 2"],"potions_floor_usage":[18,25,31,31,33,46,48,50,50,50],"damage_taken":[{"damage":6,"enemies":"Cultist","floor":1,"turns":5},{"damage":0,"enemies":"Small Slimes","floor":2,"turns":3},{"damage":0,"enemies":"Jaw Worm","floor":4,"turns":5},{"damage":21,"enemies":"3 Sentries","floor":7,"turns":7},{"damage":23,"enemies":"Gremlin Gang","floor":8,"turns":4},{"damage":3,"enemies":"3 Louse","floor":11,"turns":4},{"damage":0,"enemies":"Red Slaver","floor":12,"turns":4},{"damage":0,"enemies":"Large Slime","floor":14,"turns":6},{"damage":0,"enemies":"The Guardian","floor":16,"turns":13},{"damage":6,"enemies":"Spheric Guardian","floor":18,"turns":7},{"damage":0,"enemies":"3 Byrds","floor":19,"turns":7},{"damage":2,"enemies":"Snake Plant","floor":21,"turns":6},{"damage":0,"enemies":"Centurion and Healer","floor":24,"turns":11},{"damage":29,"enemies":"Slavers","floor":25,"turns":6},{"damage":1,"enemies":"Chosen and Byrds","floor":28,"turns":5},{"damage":11,"enemies":"Gremlin Leader","floor":30,"turns":8},{"damage":11,"enemies":"3 Cultists","floor":31,"turns":5},{"damage":60,"enemies":"Champ","floor":33,"turns":17},{"damage":16,"enemies":"3 Shapes","floor":35,"turns":8},{"damage":8,"enemies":"3 Darklings","floor":38,"turns":5},{"damage":2,"enemies":"Writhing Mass","floor":39,"turns":9},{"damage":2,"enemies":"Nemesis","floor":41,"turns":9},{"damage":3,"enemies":"Transient","floor":46,"turns":5},{"damage":12,"enemies":"Maw","floor":48,"turns":7},{"damage":51,"enemies":"Donu and Deca","floor":50,"turns":11}],"seed_played":"-4558765278799905382","potions_obtained":[{"floor":1,"key":"Energy Potion"},{"floor":8,"key":"SteroidPotion"},{"floor":12,"key":"GhostInAJar"},{"floor":18,"key":"FairyPotion"},{"floor":19,"key":"Ancient Potion"},{"floor":28,"key":"Swift Potion"},{"floor":31,"key":"FearPotion"},{"floor":38,"key":"Poison Potion"},{"floor":41,"key":"FearPotion"},{"floor":44,"key":"SteroidPotion"},{"floor":44,"key":"Block Potion"},{"floor":46,"key":"Regen Potion"},{"floor":48,"key":"FearPotion"}],"is_trial":false,"path_per_floor":["M","M","?","M","?","R","E","M","T","R","M","M","$","M","R","B",null,"M","M","$","M","?","R","M","E","T","R","M","R","E","M","R","B",null,"M","$","?","M","M","R","E","?","T","?","R","M","R","M","R","B",null],"character_chosen":"THE_SILENT","items_purchased":["Cloak And Dagger","Dagger Spray","Dodge and Roll","Poisoned Stab","Footwork","Vajra","Dagger Throw"],"campfire_rested":7,"item_purchase_floors":[13,13,13,20,36,36,36],"current_hp_per_floor":[57,57,50,50,50,50,29,6,6,24,21,21,21,21,39,39,57,51,51,51,49,49,49,49,20,20,38,37,55,54,43,64,4,56,40,40,40,34,34,57,57,57,57,57,57,54,54,54,77,26],"gold":91,"neow_bonus":"ONE_RARE_RELIC","is_prod":false,"is_daily":false,"chose_seed":false,"campfire_upgraded":4,"win_rate":0,"timestamp":1564042797,"path_taken":["M","?","?","M","?","R","E","M","T","R","M","M","$","M","R","BOSS","M","M","$","M","?","R","?","E","T","R","M","R","E","M","R","BOSS","M","$","?","?","M","R","E","?","T","?","R","M","R","M","R","BOSS"],"build_version":"2019-07-17","purchased_purges":2,"victory":true,"max_hp_per_floor":[63,63,63,63,63,63,63,63,63,63,63,63,63,63,63,63,63,63,63,63,63,63,63,63,63,63,63,63,63,73,73,73,73,73,73,73,73,75,77,77,79,79,79,79,79,79,79,79,79,79],"card_choices":[{"not_picked":["Dagger Throw","Cloak And Dagger"],"picked":"Noxious Fumes","floor":1},{"not_picked":["Setup","Calculated Gamble"],"picked":"PiercingWail","floor":2},{"not_picked":["Prepared","Deflect"],"picked":"Escape Plan","floor":4},{"not_picked":["Deflect","Deadly Poison"],"picked":"Bullet Time","floor":7},{"not_picked":["Flying Knee","Sucker Punch"],"picked":"Backflip","floor":8},{"not_picked":["Unload","Accuracy"],"picked":"Blur","floor":11},{"not_picked":["Endless Agony","Eviscerate"],"picked":"Dagger Spray","floor":12},{"not_picked":["Expertise","Acrobatics"],"picked":"Sucker Punch","floor":14},{"not_picked":["Venomology","Storm of Steel"],"picked":"Malaise","floor":16},{"not_picked":["Dodge and Roll","Acrobatics"],"picked":"Deflect+1","floor":18},{"not_picked":["Dodge and Roll","Blade Dance"],"picked":"Quick Slash+1","floor":19},{"not_picked":["Prepared+1","Finisher"],"picked":"Leg Sweep","floor":21},{"not_picked":["Slice","Backflip"],"picked":"Flechettes+1","floor":24},{"not_picked":["Tools of the Trade","PiercingWail+1"],"picked":"Well Laid Plans","floor":25},{"not_picked":["Deflect","Deadly Poison"],"picked":"Slice+1","floor":28},{"not_picked":["PiercingWail","Blade Dance"],"picked":"Footwork","floor":30},{"not_picked":["Venomology","Deadly Poison"],"picked":"Sucker Punch+1","floor":31},{"not_picked":["Storm of Steel","Malaise"],"picked":"Envenom","floor":33},{"not_picked":["Prepared+1","Backstab"],"picked":"Calculated Gamble","floor":35},{"not_picked":["All Out Attack","PiercingWail+1","Deflect"],"picked":"Singing Bowl","floor":38},{"not_picked":["Flying Knee","Setup","Masterful Stab"],"picked":"Singing Bowl","floor":39},{"not_picked":["Flying Knee","Acrobatics+1","Cloak And Dagger"],"picked":"Singing Bowl","floor":41},{"not_picked":["Doppelganger+1","Heel Hook+1"],"picked":"PiercingWail+1","floor":46},{"not_picked":["Blade Dance+1","Slice+1"],"picked":"Deflect+1","floor":48}],"player_experience":315460,"relics_obtained":[{"floor":7,"key":"Torii"},{"floor":9,"key":"Ginger"},{"floor":25,"key":"Art of War"},{"floor":26,"key":"Singing Bowl"},{"floor":30,"key":"Pear"},{"floor":41,"key":"Juzu Bracelet"},{"floor":43,"key":"Toxic Egg 2"}],"event_choices":[{"damage_healed":0,"gold_gain":0,"player_choice":"Success","damage_taken":7,"relics_obtained":["The Specimen"],"max_hp_gain":0,"max_hp_loss":0,"event_name":"Scrap Ooze","floor":3,"gold_loss":0},{"damage_healed":0,"gold_gain":0,"player_choice":"Rummage","damage_taken":0,"relics_obtained":["WarpedTongs"],"max_hp_gain":0,"max_hp_loss":0,"event_name":"Accursed Blacksmith","floor":5,"gold_loss":0,"cards_obtained":["Pain"]},{"damage_healed":0,"gold_gain":0,"cards_transformed":["Strike_G"],"player_choice":"Transformed","damage_taken":0,"max_hp_gain":0,"max_hp_loss":0,"event_name":"Transmorgrifier","floor":22,"gold_loss":0,"cards_obtained":["Storm of Steel"]},{"damage_healed":0,"gold_gain":0,"cards_transformed":["Well Laid Plans"],"player_choice":"Transformed","damage_taken":0,"max_hp_gain":0,"max_hp_loss":0,"event_name":"Transmorgrifier","floor":37,"gold_loss":0,"cards_obtained":["Burst"]},{"damage_healed":0,"gold_gain":0,"player_choice":"Ignored","damage_taken":0,"max_hp_gain":0,"max_hp_loss":0,"event_name":"Mysterious Sphere","floor":42,"gold_loss":0},{"damage_healed":0,"gold_gain":0,"player_choice":"Got Potions","damage_taken":0,"max_hp_gain":0,"max_hp_loss":0,"event_name":"Lab","floor":44,"gold_loss":0}],"is_beta":false,"boss_relics":[{"not_picked":["Sozu","Fusion Hammer"],"picked":"Lizard Tail"},{"not_picked":["Coffee Dripper","Astrolabe"],"picked":"Runic Pyramid"}],"items_purged_floors":[13,20],"is_endless":false,"potions_floor_spawned":[1,8,12,18,19,28,31,38,41,46,48],"ascension_level":5}