{"gold_per_floor":[115,130,130,155,169,203,216,216,292,319,319,338,338,353,353,457,487,499,499,499],"floor_reached":20,"playtime":1861,"items_purged":[],"score":230,"play_id":"e0ac7b73-b013-40a1-9c98-2112936e80b1","local_time":"20190718195429","is_ascension_mode":true,"campfire_choices":[{"data":"True Grit","floor":8,"key":"SMITH"},{"data":"Feel No Pain","floor":15,"key":"SMITH"}],"neow_cost":"NONE","seed_source_timestamp":285924168616030,"circlet_count":0,"master_deck":["Strike_R","Strike_R","Strike_R","Strike_R","Strike_R","Defend_R+1","Defend_R","Defend_R+1","Defend_R","Bash","Corruption+1","Rampage","Feel No Pain+1","True Grit+1","Intimidate","Burning Pact","Immolate","Shame","Decay","Pain","Shockwave+1","Writhe"],"relics":["Burning Blood","Happy Flower","War Paint","Ancient Tea Set","Magic Flower","Singing Bowl","Boot","Calling Bell","Tiny Chest","Pantograph","Prayer Wheel","Peace Pipe"],"potions_floor_usage":[6,18],"damage_taken":[{"damage":13,"enemies":"Jaw Worm","floor":1,"turns":4},{"damage":0,"enemies":"2 Louse","floor":2,"turns":3},{"damage":0,"enemies":"Cultist","floor":5,"turns":3},{"damage":35,"enemies":"Lagavulin","floor":6,"turns":8},{"damage":2,"enemies":"Looter","floor":7,"turns":4},{"damage":14,"enemies":"3 Sentries","floor":10,"turns":8},{"damage":3,"enemies":"Blue Slaver","floor":12,"turns":4},{"damage":2,"enemies":"Exordium Wildlife","floor":14,"turns":4},{"damage":59,"enemies":"The Guardian","floor":16,"turns":10},{"damage":27,"enemies":"Shell Parasite","floor":18,"turns":9},{"damage":53,"enemies":"3 Byrds","floor":20,"turns":7}],"seed_played":"7080065373102038267","potions_obtained":[{"floor":2,"key":"Weak Potion"},{"floor":6,"key":"Ancient Potion"},{"floor":14,"key":"SpeedPotion"},{"floor":16,"key":"PowerPotion"}],"is_trial":false,"path_per_floor":["M","M","?","T","M","E","M","R","T","E","?","M","?","M","R","B",null,"M","?","M"],"character_chosen":"IRONCLAD","items_purchased":[],"campfire_rested":0,"item_purchase_floors":[],"current_hp_per_floor":[73,79,79,79,80,51,58,58,58,55,55,61,61,68,68,18,66,50,50,0],"gold":499,"neow_bonus":"RANDOM_COMMON_RELIC","is_prod":false,"is_daily":false,"chose_seed":false,"campfire_upgraded":2,"win_rate":0,"timestamp":1563494069,"path_taken":["M","M","?","?","M","E","M","R","T","E","?","?","?","M","R","BOSS","M","?","M"],"build_version":"2019-07-17","purchased_purges":0,"victory":false,"max_hp_per_floor":[80,80,80,80,80,80,80,80,80,82,82,82,82,82,82,82,82,84,84,84],"card_choices":[{"not_picked":["True Grit","Anger"],"picked":"Corruption","floor":1},{"not_picked":["Rupture","Sword Boomerang"],"picked":"Rampage","floor":2},{"not_picked":["Combust","Sever Soul"],"picked":"Feel No Pain","floor":5},{"not_picked":["Infernal Blade","Armaments"],"picked":"True Grit","floor":6},{"not_picked":["Barricade","Flex","True Grit"],"picked":"SKIP","floor":7},{"not_picked":["Dual Wield","Second Wind","Sever Soul"],"picked":"Singing Bowl","floor":10},{"not_picked":["Sword Boomerang","True Grit"],"picked":"Intimidate","floor":12},{"not_picked":["Havoc","Flex"],"picked":"Burning Pact","floor":14},{"not_picked":["Double Tap","Limit Break"],"picked":"Immolate","floor":16},{"not_picked":["Flex","Battle Trance"],"picked":"Shockwave+1","floor":18},{"not_picked":["Thunderclap","Anger","Wild Strike"],"picked":"Singing Bowl","floor":18}],"player_experience":240142,"relics_obtained":[{"floor":4,"key":"Ancient Tea Set"},{"floor":6,"key":"Magic Flower"},{"floor":9,"key":"Singing Bowl"},{"floor":10,"key":"Boot"},{"floor":17,"key":"Tiny Chest"},{"floor":17,"key":"Pantograph"},{"floor":17,"key":"Prayer Wheel"}],"event_choices":[{"damage_healed":0,"gold_gain":0,"player_choice":"Box","damage_taken":0,"relics_obtained":["War Paint"],"max_hp_gain":0,"max_hp_loss":0,"event_name":"Big Fish","floor":3,"gold_loss":0,"cards_obtained":["Regret"]},{"cards_removed":["Regret"],"damage_healed":0,"gold_gain":0,"player_choice":"Purged","damage_taken":0,"max_hp_gain":0,"max_hp_loss":0,"event_name":"Purifier","floor":11,"gold_loss":0},{"damage_healed":0,"gold_gain":0,"player_choice":"Grow","damage_taken":0,"max_hp_gain":0,"max_hp_loss":0,"event_name":"Living Wall","floor":13,"gold_loss":0,"cards_upgraded":["Corruption"]},{"damage_healed":0,"gold_gain":0,"player_choice":"Opened","damage_taken":0,"relics_obtained":["Peace Pipe"],"max_hp_gain":0,"max_hp_loss":0,"event_name":"The Mausoleum","floor":19,"gold_loss":0,"cards_obtained":["Writhe"]}],"is_beta":false,"boss_relics":[{"not_picked":["White Beast Statue","Fusion Hammer"],"picked":"Calling Bell"}],"items_purged_floors":[],"is_endless":false,"potions_floor_spawned":[2,6,14,16],"killed_by":"3 Byrds","ascension_level":5}