{"gold_per_floor":[16,29,42,42,42,74,85,162,174,186,218,53,80,90,90,190,190,206,206,223,223,223,223,236,249,249,266,266],"floor_reached":28,"playtime":1570,"items_purged":[],"score":314,"play_id":"6004f09c-2b96-4751-9ab3-e2896efca110","local_time":"20181005124256","is_ascension_mode":true,"campfire_choices":[{"data":"Armaments","floor":10,"key":"SMITH"},{"floor":15,"key":"REST"},{"floor":23,"key":"REST"}],"neow_cost":"NO_GOLD","seed_source_timestamp":665223916458198,"circlet_count":0,"master_deck":["Bash","Carnage","Headbutt","Metallicize","Wild Strike","Double Tap","Armaments+1","Shrug It Off","Inflame+1","Limit Break","Twin Strike","Havoc","Sever Soul","Shockwave","Clash","Clash","Fire Breathing+1","Uppercut","Armaments+1"],"relics":["Burning Blood","Matryoshka","MawBank","Tiny Chest","Happy Flower","Frozen Egg 2","Strawberry","Ancient Tea Set","Pandora\u0027s Box","Nilry\u0027s Codex","Red Skull"],"potions_floor_usage":[20,27,27,27,28],"damage_taken":[{"damage":1,"enemies":"Cultist","floor":1,"turns":4},{"damage":15,"enemies":"Small Slimes","floor":2,"turns":3},{"damage":3,"enemies":"2 Louse","floor":3,"turns":3},{"damage":34,"enemies":"Lagavulin","floor":6,"turns":5},{"damage":11,"enemies":"Looter","floor":7,"turns":2},{"damage":0,"enemies":"Gremlin Gang","floor":11,"turns":6},{"damage":10,"enemies":"Red Slaver","floor":14,"turns":4},{"damage":65,"enemies":"Hexaghost","floor":16,"turns":8},{"damage":25,"enemies":"3 Byrds","floor":18,"turns":5},{"damage":12,"enemies":"Chosen","floor":20,"turns":3},{"damage":16,"enemies":"Colosseum Slavers","floor":22,"turns":4},{"damage":8,"enemies":"Snecko","floor":24,"turns":3},{"damage":37,"enemies":"Cultist and Chosen","floor":25,"turns":7},{"damage":4,"enemies":"Centurion and Healer","floor":27,"turns":4},{"damage":16,"enemies":"3 Cultists","floor":28,"turns":4}],"seed_played":"6503486247730314666","potions_obtained":[{"floor":2,"key":"Poison Potion"},{"floor":6,"key":"Fire Potion"},{"floor":11,"key":"FearPotion"},{"floor":25,"key":"Fire Potion"},{"floor":27,"key":"SkillPotion"}],"is_trial":false,"path_per_floor":["M","M","M","?","?","E","M","T","T","R","M","$","T","M","R","B",null,"M","?","M","?","?","R","M","M","T","M"],"character_chosen":"IRONCLAD","items_purchased":["Strawberry","Shrug It Off"],"campfire_rested":2,"item_purchase_floors":[12,12],"current_hp_per_floor":[77,68,71,90,90,62,57,57,57,57,63,70,70,66,95,36,82,63,44,38,22,12,42,40,9,9,11,0],"gold":266,"neow_bonus":"TRANSFORM_TWO_CARDS","is_prod":false,"is_daily":false,"chose_seed":false,"campfire_upgraded":1,"win_rate":0,"timestamp":1538761376,"path_taken":["M","M","?","?","?","E","?","?","T","R","M","$","?","M","R","BOSS","M","?","M","?","?","R","M","?","T","M","?"],"build_version":"2018-10-04","purchased_purges":0,"victory":false,"max_hp_per_floor":[80,80,80,90,90,90,90,90,90,90,90,97,97,97,97,97,97,97,102,102,102,102,102,102,102,102,102,102],"card_choices":[{"not_picked":["Iron Wave","Twin Strike"],"picked":"Carnage","floor":1},{"not_picked":["Infernal Blade","Entrench"],"picked":"Headbutt","floor":2},{"not_picked":["Twin Strike","Flex"],"picked":"Metallicize","floor":3},{"not_picked":["Body Slam","Warcry"],"picked":"Double Tap","floor":6},{"not_picked":["Shockwave","Clash"],"picked":"Armaments","floor":7},{"not_picked":["Headbutt","Infernal Blade","Warcry"],"picked":"SKIP","floor":11},{"not_picked":["Infernal Blade","Sword Boomerang"],"picked":"Inflame+1","floor":14},{"not_picked":["Dark Embrace+1","Exhume"],"picked":"Limit Break","floor":16},{"not_picked":["Headbutt","Havoc","Evolve+1"],"picked":"SKIP","floor":18},{"not_picked":["Dropkick","Disarm"],"picked":"Uppercut","floor":20},{"not_picked":["Twin Strike","True Grit"],"picked":"Armaments+1","floor":24},{"not_picked":["Wild Strike","Flex","Perfected Strike+1"],"picked":"SKIP","floor":25},{"not_picked":["Second Wind","Infernal Blade","Entrench"],"picked":"SKIP","floor":27}],"player_experience":200088,"relics_obtained":[{"floor":6,"key":"Matryoshka"},{"floor":8,"key":"MawBank"},{"floor":8,"key":"Tiny Chest"},{"floor":9,"key":"Happy Flower"},{"floor":9,"key":"Frozen Egg 2"},{"floor":13,"key":"Ancient Tea Set"},{"floor":21,"key":"Nilry\u0027s Codex"},{"floor":26,"key":"Red Skull"}],"event_choices":[{"event_name":"Bonfire Elementals","player_choice":"RARE","floor":4,"damage_taken":0},{"event_name":"Living Wall","player_choice":"Change","floor":5,"damage_taken":0},{"event_name":"Forgotten Altar","player_choice":"Shed Blood","floor":19,"damage_taken":0},{"event_name":"Cursed Tome","player_choice":"Obtained Book","floor":21,"damage_taken":0},{"event_name":"Colosseum","player_choice":"Fight","floor":22,"damage_taken":0},{"event_name":"Colosseum","player_choice":"Fled From Nobs","floor":22,"damage_taken":0}],"is_beta":false,"boss_relics":[{"not_picked":["Black Star","Runic Dome"],"picked":"Pandora\u0027s Box"}],"items_purged_floors":[],"is_endless":false,"potions_floor_spawned":[2,6,11,16,22,25,27],"killed_by":"3 Cultists","ascension_level":6}