{"gold_per_floor":[113,113,132,59,24,24,54,54,54,81,93,130,161,191,203,316,328,353,378,390,416,440,452,497,509,576,618,105,105,136,136,136,136],"floor_reached":33,"playtime":3224,"items_purged":["Decay"],"score":490,"play_id":"f751a10a-e52f-4fe0-9e1c-a501927dd7e2","local_time":"20190731062752","is_ascension_mode":true,"campfire_choices":[{"data":"Perfected Strike","floor":6,"key":"SMITH"},{"data":"Intimidate","floor":8,"key":"SMITH"},{"data":"Dual Wield","floor":11,"key":"SMITH"},{"data":"Iron Wave","floor":15,"key":"SMITH"},{"data":"Feed","floor":23,"key":"SMITH"},{"data":"Dark Embrace","floor":25,"key":"SMITH"},{"data":"Infernal Blade","floor":29,"key":"SMITH"},{"floor":32,"key":"REST"}],"neow_cost":"NONE","seed_source_timestamp":424518326252940,"circlet_count":0,"master_deck":["Strike_R","Strike_R","Strike_R","Strike_R","Strike_R+1","Defend_R","Defend_R","Defend_R","Defend_R+1","Bash","Twin Strike","Intimidate+1","Perfected Strike+1","Shrug It Off","Twin Strike","Dual Wield+1","Reaper","Iron Wave+1","Second Wind","Feed+1","Disarm","Flame Barrier","Pommel Strike","Infernal Blade+1","Ghostly Armor+1","Dark Embrace+1","Headbutt","Intimidate","Headbutt","Flash of Steel","Twin Strike","Clumsy"],"relics":["Burning Blood","Bag of Marbles","Charon\u0027s Ashes","Darkstone Periapt","MawBank","Centennial Puzzle","Cursed Key","Oddly Smooth Stone","Tiny Chest","Strawberry","Pantograph","Pen Nib","Bottled Lightning"],"potions_floor_usage":[12,18,22,24,27,27],"damage_taken":[{"damage":0,"enemies":"2 Louse","floor":1,"turns":4},{"damage":6,"enemies":"Jaw Worm","floor":3,"turns":4},{"damage":19,"enemies":"Gremlin Nob","floor":7,"turns":4},{"damage":11,"enemies":"3 Sentries","floor":10,"turns":6},{"damage":15,"enemies":"Lagavulin","floor":12,"turns":3},{"damage":0,"enemies":"Cultist","floor":13,"turns":2},{"damage":0,"enemies":"Red Slaver","floor":14,"turns":1},{"damage":38,"enemies":"The Guardian","floor":16,"turns":11},{"damage":0,"enemies":"3 Byrds","floor":18,"turns":4},{"damage":9,"enemies":"Chosen","floor":19,"turns":5},{"damage":21,"enemies":"Centurion and Healer","floor":21,"turns":5},{"damage":15,"enemies":"Shelled Parasite and Fungi","floor":22,"turns":8},{"damage":12,"enemies":"Book of Stabbing","floor":24,"turns":3},{"damage":37,"enemies":"Gremlin Leader","floor":27,"turns":12},{"damage":31,"enemies":"Book of Stabbing","floor":30,"turns":6},{"damage":92,"enemies":"Champ","floor":33,"turns":8}],"seed_played":"8509628721961214544","potions_obtained":[{"floor":3,"key":"Energy Potion"},{"floor":7,"key":"SteroidPotion"},{"floor":12,"key":"Energy Potion"},{"floor":14,"key":"EssenceOfSteel"},{"floor":21,"key":"AttackPotion"},{"floor":22,"key":"SneckoOil"}],"is_trial":false,"path_per_floor":["M","?","M","$","?","R","E","R","T","E","R","E","M","M","R","B",null,"M","M","?","M","M","R","E","R","T","E","$","R","E","T","R","B"],"character_chosen":"IRONCLAD","items_purchased":["Perfected Strike","Shrug It Off","Pantograph","Intimidate","Headbutt","Flash of Steel"],"campfire_rested":1,"item_purchase_floors":[4,4,28,28,28,28],"current_hp_per_floor":[78,62,62,62,80,80,67,67,67,62,62,53,65,71,71,39,70,83,80,80,65,65,65,59,59,65,46,46,46,29,35,67,0],"gold":136,"neow_bonus":"RANDOM_COMMON_RELIC","is_prod":false,"is_daily":false,"chose_seed":false,"campfire_upgraded":7,"win_rate":0,"timestamp":1564568872,"path_taken":["M","?","M","$","?","R","E","R","T","E","R","E","M","M","R","BOSS","M","M","?","M","M","R","E","R","T","E","$","R","E","?","R","BOSS"],"build_version":"2019-07-17","purchased_purges":1,"victory":false,"max_hp_per_floor":[80,80,80,80,80,80,80,80,80,80,80,80,80,80,80,80,80,83,83,83,83,86,86,86,86,92,99,99,99,103,109,109,109],"card_choices":[{"not_picked":["Ghostly Armor","Sword Boomerang"],"picked":"Twin Strike","floor":1},{"not_picked":["Hemokinesis","Clash"],"picked":"Intimidate","floor":3},{"not_picked":["Fire Breathing","Body Slam"],"picked":"Twin Strike","floor":7},{"not_picked":["Evolve","Shockwave"],"picked":"Dual Wield","floor":10},{"not_picked":["Searing Blow","Twin Strike"],"picked":"Reaper","floor":12},{"not_picked":["Thunderclap","Flex"],"picked":"Iron Wave","floor":13},{"not_picked":["Iron Wave","Twin Strike"],"picked":"Second Wind","floor":14},{"not_picked":["Limit Break","Immolate"],"picked":"Feed","floor":16},{"not_picked":["Second Wind+1","Shrug It Off"],"picked":"Disarm","floor":18},{"not_picked":["Wild Strike","Twin Strike"],"picked":"Flame Barrier","floor":19},{"not_picked":["Thunderclap","Pummel+1"],"picked":"Infernal Blade","floor":21},{"not_picked":["Searing Blow+1","Flex"],"picked":"Ghostly Armor+1","floor":22},{"not_picked":["Inflame+1","Evolve"],"picked":"Dark Embrace","floor":24},{"not_picked":["Rupture+1","Warcry"],"picked":"Headbutt","floor":27},{"not_picked":["Carnage","Shockwave"],"picked":"Twin Strike","floor":30}],"player_experience":368709,"relics_obtained":[{"floor":7,"key":"Charon\u0027s Ashes"},{"floor":9,"key":"Darkstone Periapt"},{"floor":10,"key":"MawBank"},{"floor":12,"key":"Centennial Puzzle"},{"floor":24,"key":"Oddly Smooth Stone"},{"floor":26,"key":"Tiny Chest"},{"floor":27,"key":"Strawberry"},{"floor":30,"key":"Pen Nib"},{"floor":31,"key":"Bottled Lightning"}],"event_choices":[{"damage_healed":0,"gold_gain":0,"player_choice":"Entered Light","damage_taken":16,"max_hp_gain":0,"max_hp_loss":0,"event_name":"Shining Light","floor":2,"gold_loss":0,"cards_upgraded":["Defend_R","Strike_R"]},{"damage_healed":20,"gold_gain":0,"player_choice":"Healed","damage_taken":0,"max_hp_gain":0,"max_hp_loss":0,"event_name":"The Cleric","floor":5,"gold_loss":35},{"damage_healed":0,"gold_gain":0,"player_choice":"Read","damage_taken":0,"max_hp_gain":0,"max_hp_loss":0,"event_name":"The Library","floor":20,"gold_loss":0,"cards_obtained":["Pommel Strike"]}],"is_beta":false,"boss_relics":[{"not_picked":["Philosopher\u0027s Stone","Astrolabe"],"picked":"Cursed Key"}],"items_purged_floors":[28],"is_endless":false,"potions_floor_spawned":[3,7,12,14,21,22],"killed_by":"Champ","ascension_level":9}