{"gold_per_floor":[110,285,158,168,168,168,195,215,262,262,294,294,304,314,314,417,417,435,446,446,446,459,459,494,506,506,541,558,558,122,197,197,292,292,304,304,320,161,161,161,193,204,204,204,223,223,14,83,83,83],"floor_reached":51,"playtime":4557,"items_purged":["Doubt"],"score":1110,"play_id":"63d2f17b-71ee-4cfc-bcaf-d79edf7421d6","local_time":"20190730235411","is_ascension_mode":true,"campfire_choices":[{"data":"Zap","floor":6,"key":"SMITH"},{"floor":10,"key":"REST"},{"data":"Dualcast","floor":12,"key":"SMITH"},{"data":"Beam Cell","floor":15,"key":"SMITH"},{"data":"Barrage","floor":23,"key":"SMITH"},{"data":"Defragment","floor":29,"key":"SMITH"},{"floor":32,"key":"REST"},{"floor":40,"key":"DIG"},{"floor":44,"key":"DIG"},{"floor":46,"key":"DIG"},{"floor":49,"key":"DIG"}],"neow_cost":"NONE","seed_source_timestamp":399555328286648,"circlet_count":0,"master_deck":["Strike_B+1","Strike_B+1","Strike_B+1","Defend_B+1","Defend_B+1","Defend_B+1","Defend_B+1","Zap+1","Dualcast+1","All For One","BootSequence+1","Barrage+1","Go for the Eyes+1","Beam Cell+1","Gash","Conserve Battery","Glacier","Gash","Buffer+1","Double Energy+1","Leap+1","Ball Lightning+1","Coolheaded","Defragment+1","Seek","Loop+1","Turbo","Compile Driver","BootSequence","Seek","Coolheaded+1","All For One","Stack","FTL","Bandage Up","Blizzard+1","Cold Snap+1","Thunder Strike","Madness","Stack"],"relics":["Cracked Core","Regal Pillow","Whetstone","Blood Vial","Runic Pyramid","Shuriken","Bird Faced Urn","Matryoshka","Shovel","Nuclear Battery","Dream Catcher","Bottled Tornado","Lantern","Cables","Art of War","Ice Cream","War Paint","Bottled Lightning","Torii"],"potions_floor_usage":[16,50,50],"damage_taken":[{"damage":5,"enemies":"Small Slimes","floor":1,"turns":2},{"damage":0,"enemies":"Cultist","floor":4,"turns":4},{"damage":19,"enemies":"3 Sentries","floor":7,"turns":7},{"damage":0,"enemies":"Jaw Worm","floor":8,"turns":2},{"damage":15,"enemies":"Lagavulin","floor":11,"turns":6},{"damage":11,"enemies":"Exordium Wildlife","floor":13,"turns":3},{"damage":0,"enemies":"Blue Slaver","floor":14,"turns":3},{"damage":3,"enemies":"Hexaghost","floor":16,"turns":9},{"damage":8,"enemies":"Spheric Guardian","floor":18,"turns":4},{"damage":0,"enemies":"Chosen","floor":19,"turns":4},{"damage":2,"enemies":"Centurion and Healer","floor":22,"turns":7},{"damage":33,"enemies":"Book of Stabbing","floor":24,"turns":5},{"damage":12,"enemies":"Shelled Parasite and Fungi","floor":25,"turns":4},{"damage":0,"enemies":"Gremlin Leader","floor":27,"turns":5},{"damage":8,"enemies":"Snake Plant","floor":28,"turns":3},{"damage":7,"enemies":"Collector","floor":33,"turns":9},{"damage":15,"enemies":"3 Darklings","floor":35,"turns":6},{"damage":1,"enemies":"Orb Walker","floor":37,"turns":3},{"damage":0,"enemies":"Giant Head","floor":41,"turns":8},{"damage":2,"enemies":"Maw","floor":42,"turns":7},{"damage":4,"enemies":"Transient","floor":45,"turns":5},{"damage":2,"enemies":"Donu and Deca","floor":50,"turns":9}],"seed_played":"-5980550069778979289","potions_obtained":[{"floor":1,"key":"Dexterity Potion"},{"floor":14,"key":"SpeedPotion"},{"floor":16,"key":"FearPotion"},{"floor":18,"key":"Energy Potion"},{"floor":33,"key":"Strength Potion"}],"is_trial":false,"path_per_floor":["M","?","$","M","?","R","E","M","T","R","E","R","M","M","R","B",null,"M","M","?","?","M","R","E","M","T","E","M","R","$","?","R","B",null,"M","?","M","$","?","R","E","M","T","R","M","R","$","T","R","B",null],"character_chosen":"DEFECT","items_purchased":["Barrage","Shovel","Turbo","Compile Driver","BootSequence","FTL","Bandage Up","Thunder Strike","Madness","Stack"],"campfire_rested":2,"item_purchase_floors":[3,30,30,30,30,38,38,47,47,47],"current_hp_per_floor":[63,63,63,63,48,48,29,29,29,66,51,51,42,44,44,43,67,61,63,63,63,63,63,32,22,22,28,24,24,24,17,54,55,70,63,63,66,66,66,66,75,75,75,75,75,75,75,75,75,75],"gold":83,"neow_bonus":"ONE_RANDOM_RARE_CARD","is_prod":false,"is_daily":false,"chose_seed":false,"campfire_upgraded":5,"win_rate":0,"timestamp":1564545251,"path_taken":["M","?","$","M","?","R","E","M","T","R","E","R","M","M","R","BOSS","M","M","?","?","M","R","E","M","T","E","?","R","$","?","R","BOSS","M","?","?","?","?","R","E","M","T","R","M","R","?","?","R","BOSS"],"build_version":"2019-07-17","purchased_purges":1,"victory":true,"max_hp_per_floor":[75,75,75,75,75,75,75,75,75,75,75,75,75,75,75,75,75,75,75,75,75,75,75,75,75,75,75,75,75,75,75,75,75,75,75,75,75,75,75,75,75,75,75,75,75,75,75,75,75,75],"card_choices":[{"not_picked":["Doom and Gloom","Streamline"],"picked":"BootSequence","floor":1},{"not_picked":["Rebound","Cold Snap"],"picked":"Go for the Eyes","floor":4},{"not_picked":["Hologram","Storm"],"picked":"Beam Cell","floor":7},{"not_picked":["Sweeping Beam","Reboot"],"picked":"Gash","floor":8},{"not_picked":["Go for the Eyes","Beam Cell"],"picked":"Conserve Battery","floor":11},{"not_picked":["Storm","Reprogram"],"picked":"Glacier","floor":13},{"not_picked":["Cold Snap","Leap"],"picked":"Gash","floor":14},{"not_picked":["Hyperbeam","Amplify"],"picked":"Buffer","floor":16},{"not_picked":["Sweeping Beam","Turbo"],"picked":"Double Energy+1","floor":18},{"not_picked":["Conserve Battery","Rebound"],"picked":"Leap+1","floor":19},{"not_picked":["White Noise+1","Blizzard"],"picked":"Ball Lightning+1","floor":22},{"not_picked":["Static Discharge","BootSequence"],"picked":"Coolheaded","floor":24},{"not_picked":["Genetic Algorithm+1","Sweeping Beam"],"picked":"Defragment","floor":25},{"not_picked":["Conserve Battery+1","Consume+1"],"picked":"Seek","floor":27},{"not_picked":["Aggregate+1","Sunder"],"picked":"Loop+1","floor":28},{"not_picked":["Amplify","Reboot"],"picked":"Seek","floor":33},{"not_picked":["Recycle+1","Sweeping Beam"],"picked":"Coolheaded","floor":35},{"not_picked":["Rebound+1","Buffer"],"picked":"Stack","floor":37},{"not_picked":["Barrage","Self Repair"],"picked":"Blizzard+1","floor":41},{"not_picked":["Redo","Go for the Eyes"],"picked":"Cold Snap+1","floor":42},{"not_picked":["Rebound+1","Sunder","Force Field+1"],"picked":"SKIP","floor":45}],"player_experience":364152,"relics_obtained":[{"floor":7,"key":"Regal Pillow"},{"floor":9,"key":"Whetstone"},{"floor":11,"key":"Blood Vial"},{"floor":24,"key":"Shuriken"},{"floor":26,"key":"Bird Faced Urn"},{"floor":27,"key":"Matryoshka"},{"floor":40,"key":"Dream Catcher"},{"floor":41,"key":"Bottled Tornado"},{"floor":43,"key":"Lantern"},{"floor":43,"key":"Cables"},{"floor":44,"key":"Art of War"},{"floor":46,"key":"Ice Cream"},{"floor":48,"key":"War Paint"},{"floor":48,"key":"Bottled Lightning"},{"floor":49,"key":"Torii"}],"event_choices":[{"damage_healed":0,"gold_gain":175,"player_choice":"AGREE","damage_taken":0,"max_hp_gain":0,"max_hp_loss":0,"event_name":"Liars Game","floor":2,"gold_loss":0,"cards_obtained":["Doubt"]},{"damage_healed":0,"gold_gain":0,"player_choice":"Entered Light","damage_taken":15,"max_hp_gain":0,"max_hp_loss":0,"event_name":"Shining Light","floor":5,"gold_loss":0,"cards_upgraded":["Defend_B","Defend_B"]},{"damage_healed":0,"gold_gain":0,"player_choice":"Simplicity","damage_taken":0,"max_hp_gain":0,"max_hp_loss":0,"event_name":"Back to Basics","floor":20,"gold_loss":0,"cards_upgraded":["Strike_B","Strike_B","Strike_B","Defend_B","Defend_B"]},{"damage_healed":0,"gold_gain":0,"player_choice":"Upgraded","damage_taken":0,"max_hp_gain":0,"max_hp_loss":0,"event_name":"Upgrade Shrine","floor":21,"gold_loss":0,"cards_upgraded":["Buffer"]},{"damage_healed":0,"gold_gain":75,"player_choice":"Touch","damage_taken":7,"max_hp_gain":0,"max_hp_loss":0,"event_name":"FaceTrader","floor":31,"gold_loss":0},{"damage_healed":0,"gold_gain":0,"player_choice":"Copied","damage_taken":0,"max_hp_gain":0,"max_hp_loss":0,"event_name":"Duplicator","floor":36,"gold_loss":0,"cards_obtained":["All For One"]},{"cards_removed":["Strike_B"],"damage_healed":0,"gold_gain":0,"player_choice":"Removed Attack","damage_taken":0,"max_hp_gain":0,"max_hp_loss":0,"event_name":"Falling","floor":39,"gold_loss":0}],"is_beta":false,"boss_relics":[{"not_picked":["Lizard Tail","Astrolabe"],"picked":"Runic Pyramid"},{"not_picked":["Philosopher\u0027s Stone","Busted Crown"],"picked":"Nuclear Battery"}],"items_purged_floors":[3],"is_endless":false,"potions_floor_spawned":[1,14,16,18,28,33,37,41,45],"ascension_level":9}