{"gold_per_floor":[116,129,144,144,68,68,68,68,144,144,144,69,103,179,179,300,300,315,415,315,339,214,214,235,235,235,85,105,146,161,161,161,280,280,298,631,631,456,470,470,470,270,270,270,210,241,241,266,266,266],"floor_reached":51,"playtime":2115,"items_purged":["Riddle With Holes","Bane","Dagger Throw","Predator","Leg Sweep","Neutralize"],"score":905,"play_id":"694f2b7c-377f-4c7b-bddc-bdb9a5381856","local_time":"20190828215953","is_ascension_mode":true,"campfire_choices":[{"data":"Reflex","floor":10.0,"key":"SMITH"},{"data":"Tactician","floor":15.0,"key":"SMITH"},{"data":"Reflex","floor":23.0,"key":"SMITH"},{"data":"Well Laid Plans","floor":25.0,"key":"SMITH"},{"floor":32.0,"key":"REST"},{"data":"Storm of Steel","floor":40.0,"key":"SMITH"},{"data":"Footwork","floor":41.0,"key":"SMITH"},{"data":"1","floor":44.0,"key":"LIFT"},{"data":"2","floor":47.0,"key":"LIFT"},{"data":"3","floor":49,"key":"LIFT"}],"neow_cost":"NONE","seed_source_timestamp":0,"circlet_count":0,"master_deck":["Well Laid Plans+1","Footwork+1","Crippling Poison+1","Reflex+1","Tactician+1","Reflex+1","Storm of Steel+1"],"special_seed":0,"relics":["Pandora\u0027s Box","Du-Vu Doll","Darkstone Periapt","WingedGreaves","Happy Flower","Bag of Preparation","HoveringKite","Mango","Snake Skull","Black Star","Girya","Smiling Mask","Letter Opener","Turnip","Frozen Egg 2"],"potions_floor_usage":[],"damage_taken":[{"damage":4.0,"enemies":"Cultist","floor":1.0,"turns":3.0},{"damage":7.0,"enemies":"2 Louse","floor":2.0,"turns":2.0},{"damage":0.0,"enemies":"Small Slimes","floor":3.0,"turns":3.0},{"damage":19.0,"enemies":"Gremlin Nob","floor":13.0,"turns":4.0},{"damage":7.0,"enemies":"Gremlin Nob","floor":14.0,"turns":4.0},{"damage":7.0,"enemies":"Slime Boss","floor":16.0,"turns":11.0},{"damage":0.0,"enemies":"Spheric Guardian","floor":18.0,"turns":3.0},{"damage":2.0,"enemies":"2 Thieves","floor":21.0,"turns":3.0},{"damage":0.0,"enemies":"Snecko","floor":24.0,"turns":3.0},{"damage":0.0,"enemies":"Cultist and Chosen","floor":28.0,"turns":5.0},{"damage":26.0,"enemies":"Slavers","floor":29.0,"turns":9.0},{"damage":0.0,"enemies":"3 Cultists","floor":30.0,"turns":4.0},{"damage":8.0,"enemies":"Collector","floor":33.0,"turns":8.0},{"damage":8.0,"enemies":"Orb Walker","floor":35.0,"turns":5.0},{"damage":0.0,"enemies":"3 Shapes","floor":39.0,"turns":7.0},{"damage":0.0,"enemies":"Nemesis","floor":46.0,"turns":1.0},{"damage":0,"enemies":"Giant Head","floor":48,"turns":1},{"damage":0,"enemies":"Awakened One","floor":50,"turns":2}],"seed_played":"2771","potions_obtained":[{"floor":1.0,"key":"GhostInAJar"},{"floor":13.0,"key":"LiquidBronze"},{"floor":14.0,"key":"Block Potion"},{"floor":28.0,"key":"GamblersBrew"},{"floor":29.0,"key":"Strength Potion"},{"floor":33.0,"key":"SneckoOil"},{"floor":46.0,"key":"Block Potion"}],"is_trial":false,"path_per_floor":["M","M","M","?","$","?","?","T","T","R","?","$","E","?","R","B",null,"M","?","$","M","$","R","M","R","T","$","M","E","M","?","R","B",null,"M","?","?","$","M","R","R","$","T","R","?","E","R","E","R","B",null],"character_chosen":"THE_SILENT","items_purchased":["Tactician"],"campfire_rested":1,"item_purchase_floors":[5],"current_hp_per_floor":[66,59,59,59,59,64,64,64,64,64,61,61,42,35,35,28,69,69,69,69,67,67,67,67,67,81,81,81,55,55,55,79,71,83,75,75,75,75,75,75,75,75,75,75,75,75,75,75,75,75],"gold":266,"neow_bonus":"BOSS_RELIC","is_prod":false,"is_daily":false,"chose_seed":false,"campfire_upgraded":6,"win_rate":0,"timestamp":1567054793,"path_taken":["M","M","?","?","$","?","?","?","T","R","?","$","E","?","R","BOSS","M","?","$","M","$","R","M","R","T","$","M","E","?","?","R","BOSS","M","?","?","$","M","R","R","$","T","R","?","E","R","E","R","BOSS"],"build_version":"2019-08-26","purchased_purges":6,"victory":true,"max_hp_per_floor":[70,70,70,70,70,75,69,69,69,69,69,69,69,69,69,69,69,69,69,69,69,69,69,69,69,83,83,83,83,83,83,83,83,83,83,83,83,83,83,83,83,83,83,83,83,83,83,83,83,83],"card_choices":[{"not_picked":["Concentrate","Calculated Gamble","Deflect"],"picked":"SKIP","floor":1.0},{"not_picked":["Bane","Dagger Throw"],"picked":"Reflex","floor":2.0},{"not_picked":["Finisher","Footwork","Expertise"],"picked":"SKIP","floor":13.0},{"not_picked":["Outmaneuver","Slice"],"picked":"Reflex","floor":14.0},{"not_picked":["Die Die Die","Adrenaline"],"picked":"Storm of Steel","floor":16.0},{"not_picked":["Infinite Blades+1","Blade Dance+1","Footwork"],"picked":"SKIP","floor":18.0},{"not_picked":["Deadly Poison","Blur","Backflip"],"picked":"SKIP","floor":21.0},{"not_picked":["Acrobatics+1","Dagger Spray","Die Die Die"],"picked":"SKIP","floor":24.0},{"not_picked":["Slice","Deflect","Flechettes"],"picked":"SKIP","floor":28.0},{"not_picked":["Slice","Flying Knee","Dagger Throw"],"picked":"SKIP","floor":29.0},{"not_picked":["Endless Agony","Bouncing Flask","Slice"],"picked":"SKIP","floor":30.0},{"not_picked":["Distraction+1","Dagger Throw+1","Prepared+1"],"picked":"SKIP","floor":35.0},{"not_picked":["Deadly Poison","Deflect+1","Flying Knee"],"picked":"SKIP","floor":39.0},{"not_picked":["Flying Knee+1","Finisher","Acrobatics+1"],"picked":"SKIP","floor":46.0},{"not_picked":["Poisoned Stab","Dagger Throw+1","Predator"],"picked":"SKIP","floor":48}],"player_experience":1472024,"relics_obtained":[{"floor":8.0,"key":"Du-Vu Doll"},{"floor":9.0,"key":"Darkstone Periapt"},{"floor":13.0,"key":"Happy Flower"},{"floor":14.0,"key":"Bag of Preparation"},{"floor":26.0,"key":"Mango"},{"floor":29.0,"key":"Snake Skull"},{"floor":43.0,"key":"Girya"},{"floor":46.0,"key":"Smiling Mask"},{"floor":46.0,"key":"Letter Opener"},{"floor":48,"key":"Turnip"},{"floor":48,"key":"Frozen Egg 2"}],"event_choices":[{"cards_removed":["Caltrops"],"damage_healed":0.0,"max_hp_gain":0.0,"max_hp_loss":0.0,"gold_gain":0.0,"event_name":"Living Wall","player_choice":"Forget","floor":4.0,"gold_loss":0.0,"damage_taken":0.0},{"damage_healed":0.0,"max_hp_gain":5.0,"max_hp_loss":0.0,"gold_gain":0.0,"event_name":"Big Fish","player_choice":"Donut","floor":6.0,"gold_loss":0.0,"damage_taken":0.0},{"damage_healed":0.0,"max_hp_gain":0.0,"max_hp_loss":6.0,"gold_gain":0.0,"event_name":"Golden Idol","player_choice":"Lose Max HP","floor":7.0,"gold_loss":0.0,"damage_taken":0.0,"relics_obtained":["Golden Idol"]},{"damage_healed":0.0,"max_hp_gain":0.0,"max_hp_loss":0.0,"gold_gain":0.0,"event_name":"Scrap Ooze","player_choice":"Success","floor":11.0,"gold_loss":0.0,"damage_taken":3.0,"relics_obtained":["WingedGreaves"]},{"damage_healed":0.0,"max_hp_gain":0.0,"max_hp_loss":0.0,"gold_gain":0.0,"event_name":"Dead Adventurer","player_choice":"Searched \u00271\u0027 times","floor":14.0,"gold_loss":0.0,"damage_taken":0.0},{"damage_healed":0.0,"max_hp_gain":0.0,"max_hp_loss":0.0,"gold_gain":100.0,"event_name":"Golden Shrine","player_choice":"Pray","floor":19.0,"gold_loss":0.0,"damage_taken":0.0},{"damage_healed":0.0,"max_hp_gain":0.0,"max_hp_loss":0.0,"gold_gain":0.0,"event_name":"Accursed Blacksmith","player_choice":"Forge","floor":31.0,"gold_loss":0.0,"damage_taken":0.0,"cards_upgraded":["Crippling Poison"]},{"damage_healed":0.0,"max_hp_gain":0.0,"max_hp_loss":0.0,"gold_gain":333.0,"event_name":"The Moai Head","player_choice":"Gave Idol","floor":36.0,"relics_lost":["Golden Idol"],"gold_loss":0.0,"damage_taken":0.0},{"cards_removed":["Flying Knee"],"damage_healed":0.0,"max_hp_gain":0.0,"max_hp_loss":0.0,"gold_gain":0.0,"event_name":"Falling","player_choice":"Removed Attack","floor":37.0,"gold_loss":0.0,"damage_taken":0.0},{"cards_removed":["Survivor"],"damage_healed":0.0,"max_hp_gain":0.0,"max_hp_loss":0.0,"gold_gain":0.0,"event_name":"Designer","player_choice":"Single Remove","floor":45.0,"gold_loss":60.0,"damage_taken":0.0}],"is_beta":true,"boss_relics":[{"not_picked":["Calling Bell","Orrery"],"picked":"HoveringKite"},{"not_picked":["Fusion Hammer","Cursed Key"],"picked":"Black Star"}],"items_purged_floors":[12,20,22,27,38,42],"is_endless":false,"potions_floor_spawned":[1,13,14,28,29,33,46],"ascension_level":1}