{"gold_per_floor":[118,118,118,141,18,18,37,37,61,86,86,130,130,154,154,252,252,277,277,79,102,123,123,123,156,156,206,206,221,221,245,245,340,403,419,444,777,797,813,813,846,865,938,938,938,950,964,914,914,914],"floor_reached":51,"playtime":4294,"items_purged":["Strike_B","Defend_B","Strike_B"],"score":1118,"play_id":"5c381914-62ef-4df2-828b-b219bb962add","local_time":"20190801091414","is_ascension_mode":true,"campfire_choices":[{"data":"Dualcast","floor":6,"key":"SMITH"},{"data":"Glacier","floor":8,"key":"SMITH"},{"floor":11,"key":"REST"},{"data":"Capacitor","floor":13,"key":"SMITH"},{"floor":15,"key":"REST"},{"data":"Hologram","floor":23,"key":"SMITH"},{"data":"Reinforced Body","floor":28,"key":"SMITH"},{"floor":30,"key":"REST"},{"floor":32,"key":"REST"},{"floor":40,"key":"REST"},{"floor":45,"key":"REST"},{"floor":49,"key":"REST"}],"neow_cost":"NONE","seed_source_timestamp":2188558304881487,"circlet_count":0,"master_deck":["AscendersBane","Strike_B+1","Defend_B","Defend_B","Defend_B+1","Zap+1","Dualcast+1","Beam Cell","Gash","Coolheaded","Glacier+1","Capacitor+1","Streamline","Reinforced Body+1","Machine Learning+1","Hologram+1","Conserve Battery+1","Buffer+1","Gash","Gash","Gash+1","Rebound"],"relics":["Cracked Core","Smiling Mask","Symbiotic Virus","Runic Dome","Oddly Smooth Stone","Bag of Preparation","Frozen Egg 2","Orichalcum","Cables","Tiny House","Darkstone Periapt","Singing Bowl"],"potions_floor_usage":[12,18,25,33,50,50],"damage_taken":[{"damage":0,"enemies":"2 Louse","floor":1,"turns":1},{"damage":4,"enemies":"Jaw Worm","floor":4,"turns":2},{"damage":0,"enemies":"Cultist","floor":7,"turns":3},{"damage":18,"enemies":"Exordium Thugs","floor":10,"turns":6},{"damage":10,"enemies":"Lagavulin","floor":12,"turns":7},{"damage":0,"enemies":"3 Louse","floor":14,"turns":3},{"damage":10,"enemies":"Slime Boss","floor":16,"turns":10},{"damage":11,"enemies":"2 Thieves","floor":18,"turns":4},{"damage":9,"enemies":"3 Byrds","floor":22,"turns":6},{"damage":9,"enemies":"Book of Stabbing","floor":25,"turns":7},{"damage":16,"enemies":"Snake Plant","floor":29,"turns":4},{"damage":0,"enemies":"3 Cultists","floor":31,"turns":7},{"damage":63,"enemies":"Automaton","floor":33,"turns":17},{"damage":1,"enemies":"3 Shapes","floor":35,"turns":7},{"damage":1,"enemies":"Orb Walker","floor":36,"turns":4},{"damage":2,"enemies":"Transient","floor":38,"turns":5},{"damage":19,"enemies":"4 Shapes","floor":39,"turns":10},{"damage":38,"enemies":"Reptomancer","floor":41,"turns":12},{"damage":0,"enemies":"Maw","floor":42,"turns":8},{"damage":16,"enemies":"Jaw Worm Horde","floor":46,"turns":6},{"damage":20,"enemies":"Transient","floor":47,"turns":5},{"damage":32,"enemies":"Awakened One","floor":50,"turns":15}],"seed_played":"-6922445072290689573","potions_obtained":[{"floor":1,"key":"Poison Potion"},{"floor":10,"key":"FearPotion"},{"floor":16,"key":"Weak Potion"},{"floor":22,"key":"GamblersBrew"},{"floor":25,"key":"Block Potion"},{"floor":34,"key":"Dexterity Potion"},{"floor":39,"key":"LiquidBronze"}],"is_trial":false,"path_per_floor":["M","?","?","M","$","R","M","R","T","M","R","E","R","M","R","B",null,"M","?","$","T","M","R","?","E","T","?","R","M","R","M","R","B",null,"M","M","?","M","M","R","E","M","T","?","R","M","M","$","R","B",null],"character_chosen":"DEFECT","items_purchased":["Coolheaded","Oddly Smooth Stone"],"campfire_rested":7,"item_purchase_floors":[5,20],"current_hp_per_floor":[68,53,35,31,31,31,31,31,31,13,35,25,25,25,47,37,66,55,55,55,55,46,46,46,37,37,37,37,21,43,43,65,2,62,61,60,60,58,39,63,25,25,25,25,49,35,17,17,42,10],"gold":914,"neow_bonus":"UPGRADE_CARD","is_prod":false,"is_daily":false,"chose_seed":false,"campfire_upgraded":5,"win_rate":0,"timestamp":1564618454,"path_taken":["M","?","?","M","?","R","M","R","T","?","R","E","R","M","R","BOSS","M","?","$","?","M","R","?","E","T","?","R","?","R","M","R","BOSS","M","M","?","M","M","R","E","M","T","?","R","M","M","$","R","BOSS"],"build_version":"2019-07-17","purchased_purges":3,"victory":true,"max_hp_per_floor":[75,75,75,75,75,75,75,75,75,75,75,75,75,75,75,75,75,75,75,75,75,75,75,75,75,75,75,75,75,75,75,75,75,80,80,80,80,80,80,80,80,80,80,80,80,82,84,84,84,84],"card_choices":[{"not_picked":["Auto Shields","Ball Lightning"],"picked":"Beam Cell","floor":1},{"not_picked":["Turbo","Genetic Algorithm"],"picked":"Gash","floor":4},{"not_picked":["Storm","Barrage"],"picked":"Glacier","floor":7},{"not_picked":["Melter","Compile Driver"],"picked":"Capacitor","floor":10},{"not_picked":["Ball Lightning","White Noise"],"picked":"Streamline","floor":12},{"not_picked":["Redo","Leap"],"picked":"Reinforced Body","floor":14},{"not_picked":["Rainbow","Creative AI"],"picked":"Machine Learning","floor":16},{"not_picked":["Leap","Steam","White Noise"],"picked":"SKIP","floor":18},{"not_picked":["Go for the Eyes","Ball Lightning"],"picked":"Hologram","floor":22},{"not_picked":["Loop+1","White Noise+1","Steam Power"],"picked":"SKIP","floor":25},{"not_picked":["Rebound","Barrage"],"picked":"Conserve Battery+1","floor":29},{"not_picked":["Sweeping Beam","Force Field","Rebound"],"picked":"SKIP","floor":31},{"not_picked":["Rainbow","Core Surge"],"picked":"Buffer+1","floor":33},{"not_picked":["Go for the Eyes","Cold Snap+1"],"picked":"Gash","floor":35},{"not_picked":["Streamline","Glacier","Reinforced Body"],"picked":"SKIP","floor":36},{"not_picked":["Ball Lightning+1","Lockon"],"picked":"Gash","floor":38},{"not_picked":["Steam Power","Gash","Scrape+1"],"picked":"SKIP","floor":39},{"not_picked":["Doom and Gloom","Glacier"],"picked":"Gash+1","floor":41},{"not_picked":["BootSequence","Tempest","Coolheaded"],"picked":"SKIP","floor":42},{"not_picked":["Rebound+1","Tempest","Chill"],"picked":"Singing Bowl","floor":46},{"not_picked":["Steam Power","Genetic Algorithm","Beam Cell+1"],"picked":"Singing Bowl","floor":47}],"player_experience":431355,"relics_obtained":[{"floor":9,"key":"Smiling Mask"},{"floor":12,"key":"Symbiotic Virus"},{"floor":21,"key":"Bag of Preparation"},{"floor":25,"key":"Orichalcum"},{"floor":26,"key":"Cables"},{"floor":41,"key":"Darkstone Periapt"},{"floor":43,"key":"Singing Bowl"}],"event_choices":[{"damage_healed":0,"gold_gain":0,"player_choice":"Entered Light","damage_taken":15,"max_hp_gain":0,"max_hp_loss":0,"event_name":"Shining Light","floor":2,"gold_loss":0,"cards_upgraded":["Strike_B","Defend_B"]},{"damage_healed":0,"gold_gain":0,"player_choice":"Take Damage","damage_taken":18,"relics_obtained":["Golden Idol"],"max_hp_gain":0,"max_hp_loss":0,"event_name":"Golden Idol","floor":3,"gold_loss":0},{"damage_healed":0,"gold_gain":0,"player_choice":"Bought 0 Potions","damage_taken":0,"max_hp_gain":0,"max_hp_loss":0,"event_name":"The Woman in Blue","floor":19,"gold_loss":0},{"damage_healed":0,"gold_gain":0,"player_choice":"Opened","damage_taken":0,"relics_obtained":["Frozen Egg 2"],"max_hp_gain":0,"max_hp_loss":0,"event_name":"The Mausoleum","floor":24,"gold_loss":0},{"damage_healed":0,"gold_gain":100,"player_choice":"Bet on Murderer","damage_taken":0,"max_hp_gain":0,"max_hp_loss":0,"event_name":"The Joust","floor":27,"gold_loss":50},{"damage_healed":0,"gold_gain":333,"player_choice":"Gave Idol","damage_taken":0,"max_hp_gain":0,"max_hp_loss":0,"event_name":"The Moai Head","floor":37,"relics_lost":["Golden Idol"],"gold_loss":0},{"damage_healed":0,"gold_gain":0,"cards_transformed":["Strike_B"],"player_choice":"Transformed","damage_taken":0,"max_hp_gain":0,"max_hp_loss":0,"event_name":"Transmorgrifier","floor":44,"gold_loss":0,"cards_obtained":["Rebound"]}],"is_beta":false,"boss_relics":[{"not_picked":["Orrery","White Beast Statue"],"picked":"Runic Dome"},{"not_picked":["Coffee Dripper","Philosopher\u0027s Stone"],"picked":"Tiny House"}],"items_purged_floors":[5,20,48],"is_endless":false,"potions_floor_spawned":[1,10,16,22,25,35,39,42],"ascension_level":13}