{"gold_per_floor":[210,210,55,66,85,110,33,51,100,144,171,183,221,243,255,370,382,410,440,377,389],"floor_reached":21,"playtime":1411,"items_purged":[],"score":201,"play_id":"88d1e472-d415-4c79-8906-f30096bd86cf","local_time":"20190824213409","is_ascension_mode":false,"campfire_choices":[{"floor":12,"key":"REST"},{"data":"Armaments","floor":15,"key":"SMITH"}],"neow_cost":"NONE","seed_source_timestamp":8263700997927,"circlet_count":0,"master_deck":["Strike_R","Strike_R","Strike_R","Defend_R","Defend_R","Defend_R","Defend_R","Spot Weakness","Metallicize","Uppercut","Armaments+1","Iron Wave","Bludgeon","Limit Break","Double Tap"],"relics":["Burning Blood","Blood Vial","Pear","MawBank","Ancient Tea Set","Lantern","Empty Cage"],"potions_floor_usage":[5,13,16,16,19,21],"damage_taken":[{"damage":5,"enemies":"Cultist","floor":1,"turns":4},{"damage":8,"enemies":"Small Slimes","floor":4,"turns":4},{"damage":11,"enemies":"Jaw Worm","floor":5,"turns":4},{"damage":24,"enemies":"Lagavulin","floor":6,"turns":11},{"damage":6,"enemies":"Exordium Wildlife","floor":8,"turns":4},{"damage":45,"enemies":"3 Sentries","floor":10,"turns":12},{"damage":9,"enemies":"Blue Slaver","floor":11,"turns":5},{"damage":15,"enemies":"Lagavulin","floor":13,"turns":8},{"damage":5,"enemies":"3 Louse","floor":14,"turns":3},{"damage":31,"enemies":"Hexaghost","floor":16,"turns":9},{"damage":12,"enemies":"2 Thieves","floor":18,"turns":4},{"damage":61,"enemies":"3 Byrds","floor":19,"turns":10},{"damage":40,"enemies":"Cultist and Chosen","floor":21,"turns":10}],"seed_played":"-3367966041964567980","potions_obtained":[{"floor":1,"key":"SpeedPotion"},{"floor":4,"key":"SteroidPotion"},{"floor":8,"key":"FearPotion"},{"floor":13,"key":"Fire Potion"},{"floor":16,"key":"FearPotion"},{"floor":19,"key":"SkillPotion"}],"is_trial":false,"path_per_floor":["M","?","$","M","M","E","$","M","T","E","M","R","E","M","R","B",null,"M","M","?","M"],"character_chosen":"IRONCLAD","items_purchased":["Blood Vial","Bludgeon"],"campfire_rested":1,"item_purchase_floors":[3,7],"current_hp_per_floor":[80,80,80,78,75,69,69,71,71,34,33,60,53,56,56,33,90,84,31,31,0],"gold":389,"neow_bonus":"HUNDRED_GOLD","is_prod":false,"is_daily":false,"chose_seed":false,"campfire_upgraded":1,"win_rate":0,"timestamp":1566653649,"path_taken":["M","?","$","?","M","E","$","M","T","E","M","R","E","M","R","BOSS","M","M","?","M"],"build_version":"2019-07-17","purchased_purges":0,"victory":false,"max_hp_per_floor":[80,80,80,80,80,90,90,90,90,90,90,90,90,90,90,90,90,90,90,90,90],"card_choices":[{"not_picked":["Feel No Pain","Twin Strike"],"picked":"Spot Weakness","floor":1},{"not_picked":["Headbutt","Shrug It Off"],"picked":"Uppercut","floor":4},{"not_picked":["Power Through","Anger"],"picked":"Armaments","floor":5},{"not_picked":["Havoc","Armaments"],"picked":"Iron Wave","floor":6},{"not_picked":["Anger","Sentinel","Immolate"],"picked":"SKIP","floor":8},{"not_picked":["Juggernaut","Body Slam","Wild Strike"],"picked":"SKIP","floor":10},{"not_picked":["Clash","Sword Boomerang"],"picked":"Limit Break","floor":11},{"not_picked":["Anger","Blood for Blood","Sever Soul"],"picked":"SKIP","floor":13},{"not_picked":["Flex","True Grit","Armaments"],"picked":"SKIP","floor":14},{"not_picked":["Exhume","Limit Break"],"picked":"Double Tap","floor":16},{"not_picked":["Body Slam","Clash","Thunderclap"],"picked":"SKIP","floor":18},{"not_picked":["Rupture+1","Spot Weakness","Clothesline+1"],"picked":"SKIP","floor":19}],"player_experience":231415,"relics_obtained":[{"floor":6,"key":"Pear"},{"floor":9,"key":"MawBank"},{"floor":10,"key":"Ancient Tea Set"},{"floor":13,"key":"Lantern"}],"event_choices":[{"damage_healed":0,"gold_gain":0,"player_choice":"1 cards matched","damage_taken":0,"max_hp_gain":0,"max_hp_loss":0,"event_name":"Match and Keep!","floor":2,"gold_loss":0,"cards_obtained":["Metallicize"]},{"cards_removed":["Strike_R"],"damage_healed":0,"gold_gain":0,"player_choice":"Gave Gold","damage_taken":0,"max_hp_gain":0,"max_hp_loss":0,"event_name":"Beggar","floor":20,"gold_loss":75}],"is_beta":false,"boss_relics":[{"not_picked":["Tiny House","Coffee Dripper"],"picked":"Empty Cage"}],"items_purged_floors":[],"is_endless":false,"potions_floor_spawned":[1,4,8,13,16,19],"killed_by":"Cultist and Chosen","ascension_level":0}