{"gold_per_floor":[118,118,118,129,55,55,69,85,85,102,112,112,125,71,71,167,167,184,194,213,213],"floor_reached":21,"playtime":1049,"items_purged":[],"score":271,"play_id":"12736995-8c78-4d42-b696-5b056a408d20","local_time":"20190730174418","is_ascension_mode":true,"campfire_choices":[{"data":"Zap","floor":6,"key":"SMITH"},{"data":"Defragment","floor":12,"key":"SMITH"},{"floor":15,"key":"REST"}],"neow_cost":"NONE","seed_source_timestamp":2049620420152542,"circlet_count":0,"master_deck":["AscendersBane","Strike_B","Strike_B","Strike_B","Defend_B","Defend_B","Defend_B","Defend_B","Zap+1","Dualcast","Go for the Eyes","Defragment+1","Cold Snap","Capacitor","Streamline","Hologram","Gash","Biased Cognition","Reinforced Body"],"relics":["Cracked Core","Cables","Nuclear Battery"],"potions_floor_usage":[16,16],"damage_taken":[{"damage":4,"enemies":"Jaw Worm","floor":1,"turns":3},{"damage":2,"enemies":"2 Louse","floor":4,"turns":2},{"damage":1,"enemies":"Cultist","floor":7,"turns":3},{"damage":10,"enemies":"3 Louse","floor":8,"turns":4},{"damage":14,"enemies":"Lots of Slimes","floor":10,"turns":5},{"damage":8,"enemies":"Large Slime","floor":11,"turns":5},{"damage":9,"enemies":"2 Fungi Beasts","floor":13,"turns":3},{"damage":6,"enemies":"The Guardian","floor":16,"turns":9},{"damage":29,"enemies":"Spheric Guardian","floor":18,"turns":5},{"damage":14,"enemies":"Shell Parasite","floor":19,"turns":6},{"damage":25,"enemies":"Cultist and Chosen","floor":20,"turns":8},{"damage":16,"enemies":"Centurion and Healer","floor":21,"turns":1}],"seed_played":"6264029524435776629","potions_obtained":[{"floor":4,"key":"FearPotion"},{"floor":7,"key":"Swift Potion"},{"floor":10,"key":"Poison Potion"},{"floor":19,"key":"SteroidPotion"},{"floor":20,"key":"SkillPotion"}],"is_trial":false,"path_per_floor":["M","?","?","M","$","R","M","M","T","M","M","R","M","$","R","B",null,"M","M","M","M"],"character_chosen":"DEFECT","items_purchased":["Defragment","Gash"],"campfire_rested":1,"item_purchase_floors":[5,14],"current_hp_per_floor":[71,76,69,67,67,67,66,56,56,42,34,34,25,25,51,45,77,48,34,9,0],"gold":213,"neow_bonus":"TEN_PERCENT_HP_BONUS","is_prod":false,"is_daily":false,"chose_seed":false,"campfire_upgraded":2,"win_rate":0,"timestamp":1564476258,"path_taken":["M","?","?","M","?","R","M","M","T","M","M","R","M","?","R","BOSS","M","M","M","M"],"build_version":"2019-07-17","purchased_purges":0,"victory":false,"max_hp_per_floor":[82,87,87,87,87,87,87,87,87,87,87,87,87,87,87,87,87,87,87,87,87],"card_choices":[{"not_picked":["Stack","Reprogram"],"picked":"Go for the Eyes","floor":1},{"not_picked":["Aggregate","Auto Shields","Undo"],"picked":"SKIP","floor":4},{"not_picked":["Static Discharge","Steam","Genetic Algorithm"],"picked":"SKIP","floor":7},{"not_picked":["Beam Cell","Barrage"],"picked":"Cold Snap","floor":8},{"not_picked":["Redo","Stack"],"picked":"Capacitor","floor":10},{"not_picked":["Scrape","Go for the Eyes"],"picked":"Streamline","floor":11},{"not_picked":["Fission","Barrage"],"picked":"Hologram","floor":13},{"not_picked":["Reboot","Seek"],"picked":"Biased Cognition","floor":16},{"not_picked":["Streamline","Steam+1","Force Field"],"picked":"SKIP","floor":18},{"not_picked":["Turbo","FTL"],"picked":"Reinforced Body","floor":19},{"not_picked":["Compile Driver","Steam+1","Beam Cell"],"picked":"SKIP","floor":20}],"player_experience":418329,"relics_obtained":[{"floor":9,"key":"Cables"}],"event_choices":[{"damage_healed":0,"gold_gain":0,"player_choice":"Donut","damage_taken":0,"max_hp_gain":5,"max_hp_loss":0,"event_name":"Big Fish","floor":2,"gold_loss":0},{"cards_removed":["Strike_B"],"damage_healed":0,"gold_gain":0,"player_choice":"Card Removal","damage_taken":7,"max_hp_gain":0,"max_hp_loss":0,"event_name":"Golden Wing","floor":3,"gold_loss":0}],"is_beta":false,"boss_relics":[{"not_picked":["Lizard Tail","Busted Crown"],"picked":"Nuclear Battery"}],"items_purged_floors":[],"is_endless":false,"potions_floor_spawned":[4,7,8,10,19,20],"killed_by":"Centurion and Healer","ascension_level":11}