{"gold_per_floor":[213,213,213,226,16,47,73,116,139,139,162,201,201,225,225,355,355,378,378,20,20,40,40,75,75,100,100,119,153,178,202,202,326,326,339,9,35,35,49,49,90,103,129,141,174,186,198,235,247,259],"floor_reached":51,"playtime":6017,"items_purged":["Shame"],"score":845,"play_id":"e26c242f-7f5c-4e99-90d6-0722ce4b0d28","local_time":"20190719025021","is_ascension_mode":true,"campfire_choices":[{"floor":10,"key":"REST"},{"data":"Footwork","floor":13,"key":"SMITH"},{"data":"Noxious Fumes","floor":15,"key":"SMITH"},{"data":"Burst","floor":23,"key":"SMITH"},{"data":"Outmaneuver","floor":25,"key":"SMITH"},{"data":"Bouncing Flask","floor":32,"key":"SMITH"},{"data":"Adrenaline","floor":40,"key":"SMITH"},{"data":"PiercingWail","floor":44,"key":"SMITH"},{"data":"Acrobatics","floor":47,"key":"SMITH"},{"data":"Sucker Punch","floor":49,"key":"SMITH"}],"neow_cost":"NONE","seed_source_timestamp":289226189021723,"circlet_count":0,"master_deck":["Strike_G+1","Strike_G+1","Strike_G","Strike_G","Defend_G","Defend_G","Defend_G","Defend_G","Defend_G","Survivor","Neutralize","Noxious Fumes+1","Bane","Die Die Die","Footwork+1","Backflip","PiercingWail+1","Burst+1","Slice","After Image+1","Poisoned Stab+1","Infinite Blades+1","Outmaneuver+1","Predator","Well Laid Plans+1","Bouncing Flask+1","Noxious Fumes+1","All Out Attack+1","Adrenaline+1","Sucker Punch+1","Acrobatics+1","Deadly Poison+1","Bane+1","Backflip"],"relics":["Ring of the Snake","Golden Idol","Lee\u0027s Waffle","Art of War","Odd Mushroom","Frozen Egg 2","Smiling Mask","Mummified Hand","Eternal Feather","The Courier","TwistedFunnel","Snake Skull","MutagenicStrength","Omamori","Lantern","Anchor","Busted Crown","Bag of Marbles","Potion Belt","Oddly Smooth Stone","Happy Flower","MawBank"],"potions_floor_usage":[6,12,16,18,30,42,50,50,50,50,50,50,50,50,50],"damage_taken":[{"damage":0,"enemies":"2 Louse","floor":1,"turns":3},{"damage":2,"enemies":"Small Slimes","floor":4,"turns":4},{"damage":30,"enemies":"3 Sentries","floor":6,"turns":9},{"damage":7,"enemies":"The Mushroom Lair","floor":7,"turns":4},{"damage":13,"enemies":"Gremlin Nob","floor":8,"turns":5},{"damage":0,"enemies":"Cultist","floor":11,"turns":3},{"damage":18,"enemies":"3 Sentries","floor":12,"turns":9},{"damage":0,"enemies":"Exordium Thugs","floor":14,"turns":4},{"damage":6,"enemies":"Slime Boss","floor":16,"turns":10},{"damage":4,"enemies":"3 Byrds","floor":18,"turns":6},{"damage":9,"enemies":"2 Thieves","floor":22,"turns":4},{"damage":4,"enemies":"Slavers","floor":24,"turns":4},{"damage":14,"enemies":"Snecko","floor":28,"turns":4},{"damage":4,"enemies":"Gremlin Leader","floor":29,"turns":5},{"damage":0,"enemies":"Snake Plant","floor":30,"turns":3},{"damage":0,"enemies":"Shelled Parasite and Fungi","floor":31,"turns":5},{"damage":2,"enemies":"Automaton","floor":33,"turns":8},{"damage":4,"enemies":"Orb Walker","floor":35,"turns":4},{"damage":0,"enemies":"3 Shapes","floor":39,"turns":3},{"damage":2,"enemies":"Giant Head","floor":41,"turns":6},{"damage":0,"enemies":"Maw","floor":42,"turns":6},{"damage":6,"enemies":"3 Darklings","floor":45,"turns":2},{"damage":0,"enemies":"Jaw Worm Horde","floor":48,"turns":2},{"damage":9,"enemies":"Awakened One","floor":50,"turns":11}],"seed_played":"5350099443067347473","potions_obtained":[{"floor":4,"key":"SteroidPotion"},{"floor":6,"key":"GhostInAJar"},{"floor":8,"key":"Explosive Potion"},{"floor":12,"key":"GamblersBrew"},{"floor":14,"key":"Dexterity Potion"},{"floor":28,"key":"SkillPotion"},{"floor":29,"key":"SpeedPotion"},{"floor":35,"key":"FearPotion"},{"floor":39,"key":"Dexterity Potion"},{"floor":48,"key":"GhostInAJar"}],"is_trial":false,"path_per_floor":["M","?","?","M","$","E","?","E","T","R","M","E","R","M","R","B",null,"M","?","$","?","M","R","E","R","T","?","M","E","M","M","R","B",null,"M","$","T","$","M","R","E","M","T","R","M","?","R","M","R","B",null],"character_chosen":"THE_SILENT","items_purchased":["Lee\u0027s Waffle","TwistedFunnel","Snake Skull","Dagger Throw","Bag of Marbles","Potion Belt","EntropicBrew","Acrobatics"],"campfire_rested":1,"item_purchase_floors":[5,20,20,20,36,36,36,36],"current_hp_per_floor":[70,56,39,37,77,47,40,27,27,50,50,32,32,32,32,26,77,73,73,73,73,64,76,72,77,77,77,63,59,59,59,74,72,77,73,73,73,73,73,77,75,75,75,77,71,71,77,77,77,68],"gold":271,"neow_bonus":"HUNDRED_GOLD","is_prod":false,"is_daily":false,"chose_seed":false,"campfire_upgraded":9,"win_rate":0,"timestamp":1563519021,"path_taken":["M","?","?","M","$","E","?","E","T","R","M","E","R","M","R","BOSS","M","?","$","?","M","R","E","R","T","?","M","E","M","M","R","BOSS","M","?","?","$","?","R","E","M","T","R","M","?","R","M","R","BOSS"],"build_version":"2019-07-17","purchased_purges":1,"victory":true,"max_hp_per_floor":[70,70,70,70,77,77,77,77,77,77,77,77,77,77,77,77,77,77,77,77,77,77,77,77,77,77,77,77,77,77,77,77,77,77,77,77,77,77,77,77,77,77,77,77,77,77,77,77,77,77],"card_choices":[{"not_picked":["Prepared","Backflip"],"picked":"Noxious Fumes","floor":1},{"not_picked":["Setup","Outmaneuver"],"picked":"Bane","floor":4},{"not_picked":["Riddle With Holes","Choke"],"picked":"Die Die Die","floor":6},{"not_picked":["Underhanded Strike","Caltrops"],"picked":"Footwork","floor":7},{"not_picked":["Riddle With Holes","Heel Hook"],"picked":"Backflip","floor":8},{"not_picked":["Slice","Crippling Poison"],"picked":"PiercingWail","floor":11},{"not_picked":["Skewer","Underhanded Strike"],"picked":"Burst","floor":12},{"not_picked":["Blade Dance","Prepared"],"picked":"Slice","floor":14},{"not_picked":["Glass Knife","Storm of Steel"],"picked":"After Image+1","floor":16},{"not_picked":["Deadly Poison","Prepared"],"picked":"Poisoned Stab+1","floor":18},{"not_picked":["Quick Slash","Terror"],"picked":"Infinite Blades+1","floor":22},{"not_picked":["Finisher","Choke"],"picked":"Outmaneuver","floor":24},{"not_picked":["Tactician","Prepared"],"picked":"Well Laid Plans+1","floor":28},{"not_picked":["Heel Hook","Quick Slash"],"picked":"Bouncing Flask","floor":29},{"not_picked":["Bane","Catalyst"],"picked":"Noxious Fumes+1","floor":30},{"not_picked":["Sucker Punch","Tactician"],"picked":"All Out Attack+1","floor":31},{"not_picked":["Burst","Die Die Die"],"picked":"Adrenaline","floor":33},{"not_picked":[],"picked":"Sucker Punch","floor":35},{"not_picked":[],"picked":"Deadly Poison+1","floor":39},{"not_picked":[],"picked":"Bane+1","floor":41},{"not_picked":[],"picked":"Backflip","floor":42},{"not_picked":["Flying Knee"],"picked":"SKIP","floor":45},{"not_picked":["Bane"],"picked":"SKIP","floor":48}],"player_experience":242003,"relics_obtained":[{"floor":6,"key":"Art of War"},{"floor":7,"key":"Odd Mushroom"},{"floor":8,"key":"Frozen Egg 2"},{"floor":9,"key":"Smiling Mask"},{"floor":12,"key":"Mummified Hand"},{"floor":24,"key":"Omamori"},{"floor":26,"key":"Lantern"},{"floor":29,"key":"Anchor"},{"floor":37,"key":"Oddly Smooth Stone"},{"floor":41,"key":"Happy Flower"},{"floor":43,"key":"MawBank"}],"event_choices":[{"damage_healed":0,"gold_gain":0,"player_choice":"Entered Light","damage_taken":14,"max_hp_gain":0,"max_hp_loss":0,"event_name":"Shining Light","floor":2,"gold_loss":0,"cards_upgraded":["Strike_G","Strike_G"]},{"damage_healed":0,"gold_gain":0,"player_choice":"Take Damage","damage_taken":17,"relics_obtained":["Golden Idol"],"max_hp_gain":0,"max_hp_loss":0,"event_name":"Golden Idol","floor":3,"gold_loss":0},{"damage_healed":0,"gold_gain":0,"player_choice":"Fought Mushrooms","damage_taken":0,"max_hp_gain":0,"max_hp_loss":0,"event_name":"Mushrooms","floor":7,"gold_loss":0},{"damage_healed":0,"gold_gain":0,"player_choice":"Stole Relic","damage_taken":0,"relics_obtained":["The Courier"],"max_hp_gain":0,"max_hp_loss":0,"event_name":"Addict","floor":19,"gold_loss":0,"cards_obtained":["Shame"]},{"damage_healed":0,"gold_gain":0,"player_choice":"Inject Mutagens","damage_taken":0,"relics_obtained":["MutagenicStrength"],"max_hp_gain":0,"max_hp_loss":0,"event_name":"Drug Dealer","floor":21,"gold_loss":0},{"damage_healed":0,"gold_gain":0,"cards_transformed":["Strike_G"],"player_choice":"Transformed","damage_taken":0,"max_hp_gain":0,"max_hp_loss":0,"event_name":"Transmorgrifier","floor":27,"gold_loss":0,"cards_obtained":["Predator"]},{"cards_removed":["Dagger Throw"],"damage_healed":0,"gold_gain":0,"player_choice":"Removed Attack","damage_taken":0,"max_hp_gain":0,"max_hp_loss":0,"event_name":"Falling","floor":46,"gold_loss":0}],"is_beta":false,"boss_relics":[{"not_picked":["Ectoplasm","Black Star"],"picked":"Eternal Feather"},{"not_picked":["Astrolabe","Fusion Hammer"],"picked":"Busted Crown"}],"items_purged_floors":[20],"is_endless":false,"potions_floor_spawned":[4,6,8,12,14,28,29,35,39,48],"ascension_level":4}