{"gold_per_floor":[111,121,141,66,77,77,77,102,102,102,433,433,449,464,464,561,561,577,593,345,364,378,410,410,410,435,435,446,546,421,434,434,530,530,543,558,31,50,65,65,65,65,91,125,147,175,219,242,254,266],"floor_reached":51,"playtime":7029,"items_purged":["Strike_B","Defend_B","Strike_B","Defend_B"],"score":753,"play_id":"f23addb2-9a12-4e14-834f-fffb5cf72be1","local_time":"20190703213342","is_ascension_mode":true,"campfire_choices":[{"data":"Zap","floor":6,"key":"SMITH"},{"data":"Rip and Tear","floor":10,"key":"SMITH"},{"data":"Decay","floor":15,"key":"PURGE"},{"data":"Dualcast","floor":24,"key":"SMITH"},{"data":"Reinforced Body","floor":27,"key":"SMITH"},{"data":"Buffer","floor":32,"key":"SMITH"},{"data":"Defragment","floor":40,"key":"SMITH"},{"data":"Defragment","floor":42,"key":"SMITH"},{"floor":49,"key":"REST"}],"neow_cost":"NONE","seed_source_timestamp":508635098595040,"circlet_count":0,"master_deck":["Strike_B+1","Strike_B","Defend_B+1","Defend_B","Zap+1","Dualcast+1","Capacitor","Rip and Tear+1","Melter","Steam","Doom and Gloom+1","Core Surge+1","Chaos","Leap","Static Discharge+1","Reinforced Body+1","Buffer+1","Streamline","Buffer","Defragment+1","Defragment+1","Barrage+1"],"relics":["FrozenCore","Mercury Hourglass","Peace Pipe","Old Coin","Sozu","Whetstone","Lantern","Ancient Tea Set","StoneCalendar","Meat on the Bone","FossilizedHelix","Pen Nib","MawBank","Strawberry"],"potions_floor_usage":[11,16,16],"damage_taken":[{"damage":0,"enemies":"Small Slimes","floor":1,"turns":3},{"damage":5,"enemies":"Cultist","floor":2,"turns":4},{"damage":1,"enemies":"2 Louse","floor":3,"turns":2},{"damage":10,"enemies":"Large Slime","floor":5,"turns":5},{"damage":18,"enemies":"Lagavulin","floor":8,"turns":6},{"damage":7,"enemies":"Gremlin Nob","floor":11,"turns":3},{"damage":12,"enemies":"Looter","floor":13,"turns":3},{"damage":0,"enemies":"3 Louse","floor":14,"turns":1},{"damage":7,"enemies":"Hexaghost","floor":16,"turns":9},{"damage":0,"enemies":"Spheric Guardian","floor":18,"turns":1},{"damage":5,"enemies":"Chosen","floor":19,"turns":4},{"damage":18,"enemies":"Centurion and Healer","floor":21,"turns":4},{"damage":6,"enemies":"Sentry and Sphere","floor":22,"turns":3},{"damage":32,"enemies":"Slavers","floor":23,"turns":4},{"damage":10,"enemies":"Snecko","floor":28,"turns":5},{"damage":6,"enemies":"Colosseum Slavers","floor":29,"turns":4},{"damage":7,"enemies":"Colosseum Nobs","floor":29,"turns":4},{"damage":5,"enemies":"Chosen and Byrds","floor":31,"turns":4},{"damage":34,"enemies":"Automaton","floor":33,"turns":8},{"damage":0,"enemies":"3 Darklings","floor":35,"turns":6},{"damage":0,"enemies":"Orb Walker","floor":36,"turns":6},{"damage":12,"enemies":"Transient","floor":38,"turns":5},{"damage":11,"enemies":"4 Shapes","floor":39,"turns":7},{"damage":16,"enemies":"Nemesis","floor":44,"turns":7},{"damage":0,"enemies":"Maw","floor":45,"turns":7},{"damage":9,"enemies":"3 Darklings","floor":46,"turns":4},{"damage":1,"enemies":"Reptomancer","floor":47,"turns":7},{"damage":0,"enemies":"Sphere and 2 Shapes","floor":48,"turns":4},{"damage":63,"enemies":"Donu and Deca","floor":50,"turns":9}],"seed_played":"-7353068832442746904","potions_obtained":[{"floor":1,"key":"Explosive Potion"},{"floor":3,"key":"Weak Potion"},{"floor":13,"key":"FairyPotion"},{"floor":14,"key":"PowerPotion"}],"is_trial":false,"path_per_floor":["M","M","M","$","M","R","?","E","T","R","E","?","M","M","R","B",null,"M","M","$","M","M","E","R","?","T","R","M","?","$","M","R","B",null,"M","M","$","M","M","R","?","R","T","E","M","M","E","M","R","B",null],"character_chosen":"DEFECT","items_purchased":["Whetstone","FossilizedHelix","Defragment"],"campfire_rested":1,"item_purchase_floors":[20,37,37],"current_hp_per_floor":[82,77,76,76,66,66,50,32,32,32,25,25,13,13,13,6,82,82,77,77,59,53,21,21,48,48,48,38,25,25,32,32,20,82,82,82,82,70,59,59,59,59,59,43,43,46,52,52,78,27],"gold":278,"neow_bonus":"TEN_PERCENT_HP_BONUS","is_prod":false,"is_daily":false,"chose_seed":false,"campfire_upgraded":7,"win_rate":0,"timestamp":1562157222,"path_taken":["M","M","M","$","M","R","?","E","T","R","E","?","M","M","R","BOSS","M","M","$","?","M","E","R","?","T","R","M","?","$","M","R","BOSS","M","M","$","M","M","R","?","R","T","E","M","M","E","M","R","BOSS"],"build_version":"2019-07-01","purchased_purges":4,"victory":true,"max_hp_per_floor":[82,82,82,82,82,82,82,82,82,82,82,82,82,82,82,82,82,82,82,82,82,82,82,82,82,82,82,82,82,82,82,82,82,82,82,82,82,82,82,82,82,82,82,82,82,82,89,89,89,89],"card_choices":[{"not_picked":["Reinforced Body","Sweeping Beam"],"picked":"Capacitor","floor":1},{"not_picked":["Ball Lightning","Redo"],"picked":"Rip and Tear","floor":2},{"not_picked":["Sweeping Beam","Skim"],"picked":"Melter","floor":3},{"not_picked":["Redo","Rip and Tear","Conserve Battery"],"picked":"SKIP","floor":5},{"not_picked":["Reboot","Heatsinks","Go for the Eyes"],"picked":"SKIP","floor":8},{"not_picked":["Compile Driver","Barrage"],"picked":"Steam","floor":11},{"not_picked":["Tempest","Double Energy"],"picked":"Doom and Gloom","floor":13},{"not_picked":["Rebound","Cold Snap","Barrage"],"picked":"SKIP","floor":14},{"not_picked":["Meteor Strike","Hyperbeam"],"picked":"Core Surge","floor":16},{"not_picked":["Redo","Stack"],"picked":"Chaos","floor":18},{"not_picked":["Cold Snap","Gash","Steam"],"picked":"SKIP","floor":19},{"not_picked":["Turbo","Steam Power"],"picked":"Leap","floor":21},{"not_picked":["Rebound+1","Chaos"],"picked":"Static Discharge+1","floor":22},{"not_picked":["Storm","Chill"],"picked":"Reinforced Body","floor":23},{"not_picked":["Stack","Skim"],"picked":"Buffer","floor":28},{"not_picked":["Gash","Leap+1"],"picked":"Streamline","floor":29},{"not_picked":["Turbo","Conserve Battery","Skim"],"picked":"SKIP","floor":31},{"not_picked":["Core Surge","Rainbow"],"picked":"Buffer","floor":33},{"not_picked":["Redo","Lockon+1","Gash"],"picked":"SKIP","floor":35},{"not_picked":["Scrape","Turbo+1"],"picked":"Defragment","floor":36},{"not_picked":["Conserve Battery","Loop"],"picked":"Barrage+1","floor":38},{"not_picked":["Streamline+1","Scrape+1","Sweeping Beam"],"picked":"SKIP","floor":39},{"not_picked":["Blizzard+1","Streamline+1","Seek"],"picked":"SKIP","floor":44},{"not_picked":["Hello World+1","Auto Shields+1","Compile Driver"],"picked":"SKIP","floor":45},{"not_picked":["Hologram+1","Sweeping Beam+1","Rebound"],"picked":"SKIP","floor":46},{"not_picked":["Go for the Eyes+1","Biased Cognition","Scrape+1"],"picked":"SKIP","floor":47},{"not_picked":["Redo+1","Coolheaded","Storm+1"],"picked":"SKIP","floor":48}],"player_experience":132606,"relics_obtained":[{"floor":8,"key":"Mercury Hourglass"},{"floor":9,"key":"Peace Pipe"},{"floor":11,"key":"Old Coin"},{"floor":23,"key":"Lantern"},{"floor":26,"key":"Ancient Tea Set"},{"floor":29,"key":"StoneCalendar"},{"floor":29,"key":"Meat on the Bone"},{"floor":43,"key":"Pen Nib"},{"floor":44,"key":"MawBank"},{"floor":47,"key":"Strawberry"}],"event_choices":[{"damage_healed":0,"gold_gain":0,"player_choice":"Entered Light","damage_taken":16,"max_hp_gain":0,"max_hp_loss":0,"event_name":"Shining Light","floor":7,"gold_loss":0,"cards_upgraded":["Strike_B","Defend_B"]},{"damage_healed":0,"gold_gain":0,"player_choice":"Cursed","damage_taken":0,"max_hp_gain":0,"max_hp_loss":0,"event_name":"Wheel of Change","floor":12,"gold_loss":0,"cards_obtained":["Decay"]},{"damage_healed":27,"gold_gain":0,"player_choice":"Heal","damage_taken":0,"max_hp_gain":0,"max_hp_loss":0,"event_name":"The Library","floor":25,"gold_loss":0},{"damage_healed":0,"gold_gain":0,"player_choice":"Fight","damage_taken":0,"max_hp_gain":0,"max_hp_loss":0,"event_name":"Colosseum","floor":29,"gold_loss":0},{"damage_healed":0,"gold_gain":0,"player_choice":"Fought Nobs","damage_taken":0,"max_hp_gain":0,"max_hp_loss":0,"event_name":"Colosseum","floor":29,"gold_loss":0},{"damage_healed":0,"gold_gain":0,"player_choice":"Ignored","damage_taken":0,"max_hp_gain":0,"max_hp_loss":0,"event_name":"Tomb of Lord Red Mask","floor":41,"gold_loss":0}],"is_beta":false,"boss_relics":[{"not_picked":["Ectoplasm","Philosopher\u0027s Stone"],"picked":"Sozu"},{"not_picked":["Cursed Key","Tiny House"],"picked":"FrozenCore"}],"items_purged_floors":[4,20,30,37],"is_endless":false,"potions_floor_spawned":[1,3,13,14,19,21,28,31,36,39,44,46,48],"ascension_level":1}