{"gold_per_floor":[142,142,112,140,140,170,198,286,286,286],"floor_reached":10,"playtime":579,"items_purged":[],"score":68,"play_id":"ea81959e-80f1-44c3-81e7-7fac9ca2466e","local_time":"20181005083101","daily_mods":["Heirloom","Uncertain Future","MonsterHunter"],"is_ascension_mode":false,"campfire_choices":[],"neow_cost":"","seed_source_timestamp":0,"circlet_count":0,"master_deck":["Strike_R+1","Strike_R","Strike_R","Strike_R+1","Strike_R+1","Defend_R","Defend_R","Defend_R","Defend_R+1","Bash","Flame Barrier","Pommel Strike","True Grit","Whirlwind"],"relics":["Burning Blood","StoneCalendar","Whetstone","Juzu Bracelet"],"potions_floor_usage":[6,8,8,10],"damage_taken":[{"damage":4,"enemies":"2 Louse","floor":1,"turns":5},{"damage":15,"enemies":"Jaw Worm","floor":4,"turns":7},{"damage":15,"enemies":"Cultist","floor":6,"turns":5},{"damage":12,"enemies":"Large Slime","floor":7,"turns":7},{"damage":26,"enemies":"Gremlin Nob","floor":8,"turns":5},{"damage":31,"enemies":"Exordium Thugs","floor":10,"turns":6}],"seed_played":"-6760935311091276199","potions_obtained":[{"floor":1,"key":"BloodPotion"},{"floor":3,"key":"Swift Potion"},{"floor":3,"key":"Fire Potion"},{"floor":4,"key":"Dexterity Potion"},{"floor":6,"key":"Strength Potion"}],"is_trial":true,"path_per_floor":["M","?","?","M","?","M","M","E","T"],"character_chosen":"IRONCLAD","items_purchased":[],"campfire_rested":0,"item_purchase_floors":[],"current_hp_per_floor":[80,80,80,71,55,54,48,28,28,0],"gold":286,"neow_bonus":"","is_prod":false,"is_daily":false,"chose_seed":false,"campfire_upgraded":0,"win_rate":0,"timestamp":1538746261,"path_taken":["M","?","?","M","?","M","M","E","T","M"],"build_version":"2018-10-04","purchased_purges":0,"victory":false,"max_hp_per_floor":[80,80,80,80,80,80,80,80,80,80],"card_choices":[{"not_picked":["Headbutt","Sword Boomerang"],"picked":"Flame Barrier","floor":1},{"not_picked":["Havoc","Anger","Body Slam"],"picked":"SKIP","floor":4},{"not_picked":["Intimidate","Armaments"],"picked":"Pommel Strike","floor":6},{"not_picked":["Warcry","Body Slam"],"picked":"True Grit","floor":7},{"not_picked":["Rupture","Cleave"],"picked":"Whirlwind","floor":8}],"player_experience":186196,"relics_obtained":[{"floor":8,"key":"Whetstone"},{"floor":9,"key":"Juzu Bracelet"}],"event_choices":[{"event_name":"Liars Game","player_choice":"disagreed","floor":2,"damage_taken":0},{"event_name":"The Woman in Blue","player_choice":"Bought 2 Potions","floor":3,"damage_taken":0},{"event_name":"Shining Light","player_choice":"Entered Light","floor":5,"damage_taken":0}],"is_beta":false,"boss_relics":[],"items_purged_floors":[],"is_endless":false,"potions_floor_spawned":[1,4,6],"killed_by":"Exordium Thugs","ascension_level":0}