{"gold_per_floor":[213,108,127,1,76,108,108,108,108,127,138,138,163,163,163,240,240,256,256,274,59,73,73,73],"floor_reached":24,"playtime":2182,"items_purged":["Strike_B","Strike_B"],"score":349,"play_id":"cd547ca3-09d6-45e0-a208-55f6d71251bd","local_time":"20190816233845","is_ascension_mode":true,"campfire_choices":[{"floor":7,"key":"REST"},{"data":"Zap","floor":12,"key":"SMITH"},{"floor":15,"key":"REST"},{"data":"Hologram","floor":23,"key":"SMITH"}],"neow_cost":"NONE","seed_source_timestamp":1325722481577418,"circlet_count":0,"master_deck":["AscendersBane","Strike_B","Defend_B","Defend_B","Defend_B","Defend_B","Zap+1","Dualcast","Go for the Eyes","Streamline","Conserve Battery","Hologram+1","Gash","White Noise+1","Electrodynamics","Steam+1","Gash","Leap+1","FTL","Tempest+1"],"relics":["Cracked Core","Lantern","Toxic Egg 2","Bronze Scales","Eternal Feather","Regal Pillow"],"potions_floor_usage":[16,24,24],"damage_taken":[{"damage":3,"enemies":"2 Louse","floor":1,"turns":3},{"damage":5,"enemies":"Small Slimes","floor":3,"turns":3},{"damage":40,"enemies":"3 Sentries","floor":6,"turns":10},{"damage":0,"enemies":"Cultist","floor":10,"turns":3},{"damage":10,"enemies":"Exordium Thugs","floor":11,"turns":6},{"damage":11,"enemies":"Hexaghost","floor":16,"turns":9},{"damage":6,"enemies":"Shell Parasite","floor":18,"turns":7},{"damage":40,"enemies":"Chosen","floor":20,"turns":5},{"damage":1,"enemies":"Snecko","floor":22,"turns":5},{"damage":30,"enemies":"Gremlin Leader","floor":24,"turns":5}],"seed_played":"238762174126705680","potions_obtained":[{"floor":3,"key":"SteroidPotion"},{"floor":10,"key":"Poison Potion"},{"floor":20,"key":"EssenceOfSteel"}],"is_trial":false,"path_per_floor":["M","$","M","$","?","E","R","?","T","M","M","R","T","?","R","B",null,"M","?","M","$","M","R","E"],"character_chosen":"DEFECT","items_purchased":["Streamline","Hologram","Regal Pillow","FTL"],"campfire_rested":2,"item_purchase_floors":[2,4,21,21],"current_hp_per_floor":[61,61,56,56,45,5,26,26,26,26,16,16,16,21,43,32,65,59,59,19,19,18,30,0],"gold":73,"neow_bonus":"HUNDRED_GOLD","is_prod":false,"is_daily":false,"chose_seed":false,"campfire_upgraded":2,"win_rate":0,"timestamp":1565966325,"path_taken":["M","$","M","$","?","E","R","?","T","M","?","R","?","?","R","BOSS","M","?","?","$","M","R","E"],"build_version":"2019-07-17","purchased_purges":2,"victory":false,"max_hp_per_floor":[71,71,71,71,71,71,71,71,71,71,71,71,71,76,76,76,76,76,76,76,76,76,76,76],"card_choices":[{"not_picked":["Rebound","Reprogram"],"picked":"Go for the Eyes","floor":1},{"not_picked":["Leap","Beam Cell"],"picked":"Conserve Battery","floor":3},{"not_picked":["Multi-Cast","Undo"],"picked":"Gash","floor":6},{"not_picked":["Ball Lightning","Sweeping Beam","Compile Driver"],"picked":"SKIP","floor":10},{"not_picked":["Go for the Eyes","Barrage"],"picked":"White Noise+1","floor":11},{"not_picked":["Rainbow+1","Creative AI"],"picked":"Electrodynamics","floor":16},{"not_picked":["Sweeping Beam","Turbo+1"],"picked":"Steam+1","floor":18},{"not_picked":["Go for the Eyes","Compile Driver"],"picked":"Leap+1","floor":20},{"not_picked":["Streamline","Scrape"],"picked":"Tempest+1","floor":22}],"player_experience":501837,"relics_obtained":[{"floor":6,"key":"Lantern"},{"floor":9,"key":"Toxic Egg 2"},{"floor":13,"key":"Bronze Scales"}],"event_choices":[{"damage_healed":0,"gold_gain":75,"player_choice":"Gather Gold","damage_taken":11,"max_hp_gain":0,"max_hp_loss":0,"event_name":"World of Goop","floor":5,"gold_loss":0},{"cards_removed":["Strike_B"],"damage_healed":0,"gold_gain":0,"player_choice":"Purged","damage_taken":0,"max_hp_gain":0,"max_hp_loss":0,"event_name":"Purifier","floor":8,"gold_loss":0},{"damage_healed":0,"gold_gain":0,"player_choice":"Donut","damage_taken":0,"max_hp_gain":5,"max_hp_loss":0,"event_name":"Big Fish","floor":14,"gold_loss":0},{"damage_healed":0,"gold_gain":0,"player_choice":"Copied","damage_taken":0,"max_hp_gain":0,"max_hp_loss":0,"event_name":"Duplicator","floor":19,"gold_loss":0,"cards_obtained":["Gash"]}],"is_beta":false,"boss_relics":[{"not_picked":["Orrery","Nuclear Battery"],"picked":"Eternal Feather"}],"items_purged_floors":[2,4],"is_endless":false,"potions_floor_spawned":[3,10,20,22],"killed_by":"Gremlin Leader","ascension_level":16}