{"gold_per_floor":[112,131,147,68,85,85,116,128,181,281,300,300,20,39,39,136,136,149,180,195,205,205],"floor_reached":22,"playtime":1729,"items_purged":[],"score":190,"play_id":"8a277e68-9ff0-495d-be40-beec0fc4b972","local_time":"20190627111000","is_ascension_mode":false,"campfire_choices":[{"data":"Feed","floor":6,"key":"SMITH"},{"floor":12,"key":"REST"},{"data":"Seeing Red","floor":15,"key":"SMITH"}],"neow_cost":"NONE","seed_source_timestamp":314292519580,"circlet_count":0,"master_deck":["Strike_R","Strike_R","Strike_R","Strike_R","Strike_R","Defend_R","Defend_R","Defend_R","Defend_R","Bash","Juggernaut","Clothesline","Clothesline","Cleave","Feed+1","Pommel Strike","Sever Soul","Perfected Strike","Warcry","Trip","Sever Soul","Seeing Red+1","Searing Blow","Warcry","Reaper","Twin Strike+1","Shrug It Off","Iron Wave","Pommel Strike"],"special_seed":0,"relics":["Burning Blood","Darkstone Periapt","Ancient Tea Set","Lizard Tail","Red Mask"],"potions_floor_usage":[7,18],"damage_taken":[{"damage":14,"enemies":"Small Slimes","floor":1,"turns":4},{"damage":0,"enemies":"Cultist","floor":2,"turns":4},{"damage":3,"enemies":"Jaw Worm","floor":3,"turns":6},{"damage":13,"enemies":"2 Fungi Beasts","floor":5,"turns":5},{"damage":22,"enemies":"3 Sentries","floor":7,"turns":6},{"damage":24,"enemies":"Exordium Wildlife","floor":8,"turns":6},{"damage":2,"enemies":"Looter","floor":11,"turns":4},{"damage":0,"enemies":"Blue Slaver","floor":14,"turns":1},{"damage":54,"enemies":"Slime Boss","floor":16,"turns":12},{"damage":38,"enemies":"Spheric Guardian","floor":18,"turns":6},{"damage":81,"enemies":"Masked Bandits","floor":19,"turns":6},{"damage":33,"enemies":"Shell Parasite","floor":20,"turns":7},{"damage":23,"enemies":"Snake Plant","floor":21,"turns":4},{"damage":22,"enemies":"Colosseum Slavers","floor":22,"turns":3}],"seed_played":"-8129753644434987035","potions_obtained":[{"floor":1,"key":"SteroidPotion"},{"floor":2,"key":"SkillPotion"},{"floor":11,"key":"Block Potion"},{"floor":14,"key":"Swift Potion"},{"floor":18,"key":"Explosive Potion"}],"is_trial":false,"path_per_floor":["M","M","M","$","M","R","E","M","T","?","M","R","$","M","R","B",null,"M","?","M","M","?"],"character_chosen":"IRONCLAD","items_purchased":["Feed","Trip","Sever Soul","Seeing Red","Searing Blow"],"campfire_rested":1,"item_purchase_floors":[4,13,13,13,13],"current_hp_per_floor":[72,78,80,80,76,76,64,50,50,50,54,81,81,87,87,39,91,59,51,30,13,0],"gold":205,"neow_bonus":"ONE_RANDOM_RARE_CARD","is_prod":false,"is_daily":false,"chose_seed":false,"campfire_upgraded":2,"win_rate":0.0,"timestamp":1561626600,"path_taken":["M","M","M","$","M","R","E","M","T","?","?","R","$","M","R","BOSS","M","?","M","M","?"],"build_version":"2019-01-23","purchased_purges":0,"victory":false,"max_hp_per_floor":[80,80,80,80,83,83,87,91,91,91,91,91,91,91,91,91,91,91,91,91,91,91],"card_choices":[{"not_picked":["Metallicize","Shockwave"],"picked":"Clothesline","floor":1},{"not_picked":["Body Slam","Thunderclap"],"picked":"Clothesline","floor":2},{"not_picked":["Twin Strike","Armaments"],"picked":"Cleave","floor":3},{"not_picked":["Thunderclap","Warcry"],"picked":"Pommel Strike","floor":5},{"not_picked":["True Grit","Brutality"],"picked":"Sever Soul","floor":7},{"not_picked":["Sword Boomerang","Clothesline"],"picked":"Perfected Strike","floor":8},{"not_picked":["Heavy Blade","Thunderclap"],"picked":"Warcry","floor":11},{"not_picked":["Heavy Blade","Dual Wield"],"picked":"Warcry","floor":14},{"not_picked":["Feed","Impervious"],"picked":"Reaper","floor":16},{"not_picked":["Shockwave","Warcry"],"picked":"Twin Strike+1","floor":18},{"not_picked":["Sword Boomerang","Anger"],"picked":"Shrug It Off","floor":19},{"not_picked":["Cleave","Metallicize+1"],"picked":"Iron Wave","floor":20},{"not_picked":["Feel No Pain","Heavy Blade"],"picked":"Pommel Strike","floor":21}],"player_experience":9582,"relics_obtained":[{"floor":7,"key":"Darkstone Periapt"},{"floor":9,"key":"Ancient Tea Set"},{"floor":19,"key":"Red Mask"}],"event_choices":[{"damage_healed":0,"gold_gain":100,"player_choice":"Pray","damage_taken":0,"max_hp_gain":0,"max_hp_loss":0,"event_name":"Golden Shrine","floor":10,"gold_loss":0},{"damage_healed":0,"gold_gain":0,"player_choice":"Fought Bandits","damage_taken":0,"max_hp_gain":0,"max_hp_loss":0,"event_name":"Masked Bandits","floor":19,"gold_loss":0},{"damage_healed":0,"gold_gain":0,"player_choice":"Fight","damage_taken":0,"max_hp_gain":0,"max_hp_loss":0,"event_name":"Colosseum","floor":22,"gold_loss":0}],"is_beta":false,"boss_relics":[{"not_picked":["Astrolabe","Runic Cube"],"picked":"Lizard Tail"}],"items_purged_floors":[],"is_endless":false,"potions_floor_spawned":[1,2,11,14,18,20],"killed_by":"Colosseum Slavers","ascension_level":0}