{"gold_per_floor":[116,116,136,149,21,21,20,64,91,170,170,95,95,136,136,255,255,269,284,384,407,426,469,490,490],"floor_reached":25,"playtime":2105,"items_purged":["Strike_G"],"score":338,"play_id":"3dd6775d-82e9-4966-97d9-8ce1e1fdab9f","local_time":"20190817121021","is_ascension_mode":true,"campfire_choices":[{"data":"Well Laid Plans","floor":6.0,"key":"SMITH"},{"floor":11.0,"key":"REST"},{"floor":15.0,"key":"REST"}],"neow_cost":"NONE","seed_source_timestamp":0,"circlet_count":0,"master_deck":["Strike_G","Strike_G","Strike_G","Defend_G","Defend_G","Defend_G","Defend_G","Defend_G","Survivor","Neutralize","Backstab","Terror","Quick Slash","Well Laid Plans+1","Dagger Throw","Unload","Noxious Fumes","Bullet Time","Die Die Die","Cloak And Dagger","Prepared+1","Calculated Gamble+1","After Image","Escape Plan","Footwork"],"special_seed":0,"relics":["Ring of the Snake","Art of War","Golden Idol","Regal Pillow","Bag of Marbles","Snake Skull","Runic Pyramid","The Courier"],"potions_floor_usage":[24,24],"damage_taken":[{"damage":1.0,"enemies":"Small Slimes","floor":1.0,"turns":4.0},{"damage":9.0,"enemies":"Jaw Worm","floor":3.0,"turns":8.0},{"damage":2.0,"enemies":"2 Louse","floor":4.0,"turns":4.0},{"damage":3.0,"enemies":"Exordium Thugs","floor":7.0,"turns":4.0},{"damage":25.0,"enemies":"Lagavulin","floor":8.0,"turns":7.0},{"damage":19.0,"enemies":"Gremlin Nob","floor":14.0,"turns":4.0},{"damage":9.0,"enemies":"Hexaghost","floor":16.0,"turns":8.0},{"damage":13.0,"enemies":"Spheric Guardian","floor":18.0,"turns":4.0},{"damage":0.0,"enemies":"Chosen","floor":19.0,"turns":3.0},{"damage":29.0,"enemies":"Sentry and Sphere","floor":21.0,"turns":7.0},{"damage":2.0,"enemies":"Snecko","floor":22.0,"turns":5.0},{"damage":14.0,"enemies":"Slavers","floor":23.0,"turns":6.0},{"damage":4,"enemies":"Centurion and Healer","floor":24,"turns":6},{"damage":7,"enemies":"Gremlin Leader","floor":25,"turns":1}],"seed_played":"5920185591207072705","potions_obtained":[{"floor":3.0,"key":"FearPotion"},{"floor":4.0,"key":"Fire Potion"},{"floor":14.0,"key":"PowerPotion"},{"floor":18.0,"key":"Ancient Potion"},{"floor":22.0,"key":"LiquidBronze"},{"floor":23.0,"key":"EssenceOfSteel"}],"is_trial":false,"path_per_floor":["M","?","M","M","$","R","M","E","T","?","R","$","?","E","R","B",null,"M","M","?","M","M","E","M","E"],"character_chosen":"THE_SILENT","items_purchased":["Well Laid Plans","Dagger Throw"],"campfire_rested":2,"item_purchase_floors":[5,5],"current_hp_per_floor":[62,45,36,34,34,34,31,6,6,6,42,42,42,23,59,50,65,52,52,52,23,21,7,3,0],"gold":490,"neow_bonus":"RANDOM_COMMON_RELIC","is_prod":false,"is_daily":false,"chose_seed":false,"campfire_upgraded":1,"win_rate":0,"timestamp":1566058221,"path_taken":["M","?","M","M","$","R","M","E","T","?","R","?","?","E","R","BOSS","M","M","?","M","M","E","M","E"],"build_version":"2019-07-17","purchased_purges":1,"victory":false,"max_hp_per_floor":[70,70,70,70,70,70,70,70,70,70,70,70,70,70,70,70,70,70,70,70,70,70,70,70,70],"card_choices":[{"not_picked":["Blade Dance","Heel Hook"],"picked":"Backstab","floor":1.0},{"not_picked":["Escape Plan","Poisoned Stab"],"picked":"Terror","floor":3.0},{"not_picked":["Accuracy","Deflect"],"picked":"Quick Slash","floor":4.0},{"not_picked":["Reflex","Bane"],"picked":"Unload","floor":7.0},{"not_picked":["Dash","Bullet Time"],"picked":"Noxious Fumes","floor":8.0},{"not_picked":["Heel Hook","Flechettes","Acrobatics"],"picked":"SKIP","floor":14.0},{"not_picked":["Venomology","Bullet Time"],"picked":"Die Die Die","floor":16.0},{"not_picked":["Slice","Acrobatics+1"],"picked":"Cloak And Dagger","floor":18.0},{"not_picked":["All Out Attack","Sucker Punch"],"picked":"Prepared+1","floor":19.0},{"not_picked":["Flying Knee","Cloak And Dagger"],"picked":"Calculated Gamble+1","floor":21.0},{"not_picked":["Riddle With Holes+1","Outmaneuver"],"picked":"After Image","floor":22.0},{"not_picked":["Bouncing Flask","Caltrops"],"picked":"Escape Plan","floor":23.0},{"not_picked":["Dagger Throw","Noxious Fumes"],"picked":"Footwork","floor":24}],"player_experience":410819,"relics_obtained":[{"floor":8.0,"key":"Regal Pillow"},{"floor":9.0,"key":"Bag of Marbles"},{"floor":14.0,"key":"Snake Skull"},{"floor":23.0,"key":"The Courier"}],"event_choices":[{"damage_healed":0.0,"max_hp_gain":0.0,"max_hp_loss":0.0,"gold_gain":0.0,"event_name":"Golden Idol","player_choice":"Take Damage","floor":2.0,"gold_loss":0.0,"damage_taken":17.0,"relics_obtained":["Golden Idol"]},{"damage_healed":0.0,"max_hp_gain":0.0,"max_hp_loss":0.0,"gold_gain":79.0,"event_name":"Golden Wing","player_choice":"Gained Gold","floor":10.0,"gold_loss":0.0,"damage_taken":0.0},{"damage_healed":0.0,"max_hp_gain":0.0,"max_hp_loss":0.0,"gold_gain":0.0,"cards_transformed":["Strike_G"],"event_name":"Living Wall","player_choice":"Change","floor":13.0,"gold_loss":0.0,"damage_taken":0.0,"cards_obtained":["Bullet Time"]},{"damage_healed":0.0,"max_hp_gain":0.0,"max_hp_loss":0.0,"gold_gain":100.0,"event_name":"Golden Shrine","player_choice":"Pray","floor":20.0,"gold_loss":0.0,"damage_taken":0.0}],"is_beta":false,"boss_relics":[{"not_picked":["Astrolabe","Tiny House"],"picked":"Runic Pyramid"}],"items_purged_floors":[12],"is_endless":false,"potions_floor_spawned":[3,4,14,18,22,23],"killed_by":"Gremlin Leader","ascension_level":9}