{"gold_per_floor":[110,70,87,99,111,111,145,145,145,145,159,218,108,120,120,224,224,241,241,241,101,120,151,151,164,164,164,195,195,211,230,230,325,325,340,357,402,415,217,217,217,235,260,279,294,294,313,329,329,329],"floor_reached":51,"playtime":4688,"items_purged":["Strike_B","Strike_B+1","Darkness"],"score":797,"play_id":"c8159504-d521-4dee-ae77-29b9432c35fd","local_time":"20190709191323","is_ascension_mode":true,"campfire_choices":[{"data":"Reinforced Body","floor":6.0,"key":"SMITH"},{"data":"Zap","floor":8.0,"key":"SMITH"},{"data":"Dualcast","floor":10.0,"key":"SMITH"},{"data":"Streamline","floor":15.0,"key":"SMITH"},{"data":"Echo Form","floor":24.0,"key":"SMITH"},{"data":"Coolheaded","floor":29.0,"key":"SMITH"},{"data":"Loop","floor":32.0,"key":"SMITH"},{"data":"Defragment","floor":40,"key":"SMITH"},{"data":"Electrodynamics","floor":46,"key":"SMITH"},{"floor":49,"key":"REST"}],"neow_cost":"NONE","seed_source_timestamp":0,"circlet_count":0,"master_deck":["Strike_B+1","Defend_B+1","Defend_B+1","Defend_B+1","Zap+1","Dualcast+1","Reinforced Body+1","Streamline+1","FTL","Coolheaded+1","Echo Form+1","Self Repair","Ball Lightning+1","Doom and Gloom+1","Loop+1","Electrodynamics+1","Defragment+1","Defragment+1","Steam+1","Conserve Battery+1"],"special_seed":0,"relics":["Cracked Core","Mango","Incense Burner","Bird Faced Urn","Busted Crown","Bottled Flame","Bottled Tornado","Art of War","Whetstone","Sozu","Turnip","War Paint"],"potions_floor_usage":[50,50],"damage_taken":[{"damage":1.0,"enemies":"Cultist","floor":1.0,"turns":3.0},{"damage":12.0,"enemies":"Jaw Worm","floor":3.0,"turns":4.0},{"damage":7.0,"enemies":"Small Slimes","floor":4.0,"turns":2.0},{"damage":0.0,"enemies":"3 Louse","floor":5.0,"turns":2.0},{"damage":35.0,"enemies":"Gremlin Nob","floor":7.0,"turns":4.0},{"damage":0.0,"enemies":"Blue Slaver","floor":11.0,"turns":3.0},{"damage":11.0,"enemies":"3 Sentries","floor":12.0,"turns":6.0},{"damage":0.0,"enemies":"Large Slime","floor":14.0,"turns":4.0},{"damage":10.0,"enemies":"Hexaghost","floor":16.0,"turns":11.0},{"damage":17.0,"enemies":"Spheric Guardian","floor":18.0,"turns":4.0},{"damage":0.0,"enemies":"Chosen","floor":22.0,"turns":4.0},{"damage":13.0,"enemies":"Book of Stabbing","floor":23.0,"turns":5.0},{"damage":19.0,"enemies":"Snecko","floor":25.0,"turns":5.0},{"damage":25.0,"enemies":"Gremlin Leader","floor":28.0,"turns":7.0},{"damage":3.0,"enemies":"Chosen and Byrds","floor":30.0,"turns":4.0},{"damage":0.0,"enemies":"Shelled Parasite and Fungi","floor":31.0,"turns":5.0},{"damage":33.0,"enemies":"Automaton","floor":33.0,"turns":7.0},{"damage":10,"enemies":"Orb Walker","floor":35,"turns":4},{"damage":13,"enemies":"3 Darklings","floor":36,"turns":3},{"damage":68,"enemies":"2 Orb Walkers","floor":37,"turns":6},{"damage":7,"enemies":"Sphere and 2 Shapes","floor":38,"turns":5},{"damage":18,"enemies":"4 Shapes","floor":42,"turns":2},{"damage":37,"enemies":"3 Darklings","floor":44,"turns":3},{"damage":10,"enemies":"Spire Growth","floor":45,"turns":5},{"damage":17,"enemies":"Maw","floor":47,"turns":6},{"damage":22,"enemies":"Jaw Worm Horde","floor":48,"turns":3},{"damage":54,"enemies":"Awakened One","floor":50,"turns":14}],"seed_played":"-3003544892515607395","potions_obtained":[{"floor":1.0,"key":"SteroidPotion"},{"floor":7.0,"key":"GamblersBrew"},{"floor":11.0,"key":"FocusPotion"},{"floor":14.0,"key":"Dexterity Potion"},{"floor":16.0,"key":"Strength Potion"},{"floor":22.0,"key":"Energy Potion"},{"floor":25.0,"key":"EssenceOfSteel"},{"floor":30.0,"key":"FearPotion"}],"is_trial":false,"path_per_floor":["M","$","M","M","M","R","E","R","T","R","M","?","$","M","R","B",null,"M","?","?","$","M","E","R","M","T","T","E","R","M","M","R","B",null,"M","M","?","M","$","R","?","M","T","M","M","R","M","M","R","B",null],"character_chosen":"DEFECT","items_purchased":["Reinforced Body","Darkness","Loop","Defragment"],"campfire_rested":1,"item_purchase_floors":[2,13,21,39],"current_hp_per_floor":[81,81,69,62,62,62,41,41,41,41,41,30,30,30,30,20,96,79,79,79,79,83,81,81,71,71,71,59,59,69,82,82,62,96,93,92,50,49,49,49,49,35,35,26,46,46,61,51,79,39],"gold":329,"neow_bonus":"TEN_PERCENT_HP_BONUS","is_prod":false,"is_daily":false,"chose_seed":false,"campfire_upgraded":9,"win_rate":0,"timestamp":1562667203,"path_taken":["M","$","?","M","M","R","E","R","T","R","M","?","$","M","R","BOSS","M","?","?","$","M","E","R","M","T","?","E","R","M","M","R","BOSS","M","M","?","M","$","R","?","M","T","M","M","R","M","?","R","BOSS"],"build_version":"2019-07-05","purchased_purges":3,"victory":true,"max_hp_per_floor":[82,82,82,82,82,82,96,96,96,96,96,96,96,96,96,96,96,96,96,96,96,96,96,96,96,96,96,96,96,96,96,96,96,96,96,96,96,96,96,96,96,96,96,96,96,96,96,96,96,96],"card_choices":[{"not_picked":["Aggregate","Stack","Compile Driver"],"picked":"SKIP","floor":1.0},{"not_picked":["Compile Driver","Cold Snap"],"picked":"Streamline","floor":3.0},{"not_picked":["Hologram","Stack","Ball Lightning"],"picked":"SKIP","floor":4.0},{"not_picked":["Darkness","Streamline"],"picked":"FTL","floor":5.0},{"not_picked":["Hologram","Turbo","Sweeping Beam"],"picked":"SKIP","floor":7.0},{"not_picked":["Stack","Compile Driver","Go for the Eyes"],"picked":"SKIP","floor":11.0},{"not_picked":["Meteor Strike","Rebound"],"picked":"Coolheaded","floor":14.0},{"not_picked":["Buffer","Hyperbeam"],"picked":"Echo Form","floor":16.0},{"not_picked":[],"picked":"Self Repair","floor":18.0},{"not_picked":["Cold Snap"],"picked":"SKIP","floor":22.0},{"not_picked":["Sunder"],"picked":"SKIP","floor":23.0},{"not_picked":["Sunder"],"picked":"SKIP","floor":23.0},{"not_picked":["Streamline"],"picked":"SKIP","floor":25.0},{"not_picked":["Turbo"],"picked":"SKIP","floor":28.0},{"not_picked":["Go for the Eyes"],"picked":"SKIP","floor":30.0},{"not_picked":["Turbo"],"picked":"SKIP","floor":31.0},{"not_picked":[],"picked":"Electrodynamics","floor":33.0},{"not_picked":["Cold Snap+1"],"picked":"SKIP","floor":35},{"not_picked":["Static Discharge+1"],"picked":"SKIP","floor":36},{"not_picked":["Beam Cell"],"picked":"SKIP","floor":38},{"not_picked":[],"picked":"Steam+1","floor":42},{"not_picked":["Steam"],"picked":"SKIP","floor":44},{"not_picked":["Self Repair"],"picked":"SKIP","floor":45},{"not_picked":["Self Repair"],"picked":"SKIP","floor":45},{"not_picked":[],"picked":"Conserve Battery+1","floor":47},{"not_picked":["Hologram"],"picked":"SKIP","floor":48}],"player_experience":209508,"relics_obtained":[{"floor":7.0,"key":"Mango"},{"floor":9.0,"key":"Incense Burner"},{"floor":23.0,"key":"Bottled Flame"},{"floor":26.0,"key":"Bottled Tornado"},{"floor":27.0,"key":"Art of War"},{"floor":28.0,"key":"Whetstone"},{"floor":37,"key":"Turnip"},{"floor":43,"key":"War Paint"}],"event_choices":[{"damage_healed":0.0,"max_hp_gain":0.0,"max_hp_loss":0.0,"gold_gain":0.0,"event_name":"Dead Adventurer","player_choice":"Searched \u00273\u0027 times","floor":12.0,"gold_loss":0.0,"damage_taken":0.0,"relics_obtained":["Bird Faced Urn"]},{"damage_healed":0.0,"max_hp_gain":0.0,"max_hp_loss":0.0,"gold_gain":0.0,"event_name":"Back to Basics","player_choice":"Simplicity","floor":19.0,"gold_loss":0.0,"damage_taken":0.0,"cards_upgraded":["Strike_B","Strike_B","Strike_B","Defend_B","Defend_B","Defend_B","Defend_B"]},{"damage_healed":0.0,"max_hp_gain":0.0,"max_hp_loss":0.0,"gold_gain":0.0,"cards_transformed":["Strike_B","Defend_B"],"event_name":"Drug Dealer","player_choice":"Became Test Subject","floor":20.0,"gold_loss":0.0,"damage_taken":0.0,"cards_obtained":["Ball Lightning","Doom and Gloom"]},{"damage_healed":0,"gold_gain":0,"player_choice":"Fight","damage_taken":0,"max_hp_gain":0,"max_hp_loss":0,"event_name":"Mysterious Sphere","floor":37,"gold_loss":0},{"damage_healed":0,"gold_gain":0,"player_choice":"Copied","damage_taken":0,"max_hp_gain":0,"max_hp_loss":0,"event_name":"Duplicator","floor":41,"gold_loss":0,"cards_obtained":["Defragment"]}],"is_beta":false,"boss_relics":[{"not_picked":["Black Star","Calling Bell"],"picked":"Busted Crown"},{"not_picked":["Orrery","Tiny House"],"picked":"Sozu"}],"items_purged_floors":[13,21,39],"is_endless":false,"potions_floor_spawned":[1,7,11,14,16,22,25,30,31,37,38,42,45,47,48],"ascension_level":4}