{"gold_per_floor":[118,136,61,74,59,59,69,69,69,107,119,159,171,183,195,207],"floor_reached":16,"playtime":1259,"items_purged":["Strike_R"],"score":138,"play_id":"e4ed7992-c516-4f97-aaf6-1bb01185314c","local_time":"20190719090936","is_ascension_mode":true,"campfire_choices":[{"data":"Searing Blow","floor":6,"key":"SMITH"},{"data":"Searing Blow+1","floor":8,"key":"SMITH"},{"data":"Armaments","floor":11,"key":"SMITH"},{"data":"Searing Blow+2","floor":13,"key":"SMITH"},{"floor":15,"key":"REST"}],"neow_cost":"NONE","seed_source_timestamp":316749443026133,"circlet_count":0,"master_deck":["Strike_R","Strike_R","Strike_R","Strike_R","Defend_R","Defend_R","Defend_R","Defend_R","Bash","Searing Blow+3","Warcry","Shrug It Off","Shrug It Off","Spot Weakness","Armaments+1"],"relics":["Burning Blood","MawBank","Blood Vial","Toxic Egg 2","Golden Idol"],"potions_floor_usage":[5,12],"damage_taken":[{"damage":7,"enemies":"Jaw Worm","floor":1,"turns":5},{"damage":0,"enemies":"2 Louse","floor":2,"turns":3},{"damage":0,"enemies":"Small Slimes","floor":4,"turns":3},{"damage":4,"enemies":"Exordium Thugs","floor":5,"turns":4},{"damage":6,"enemies":"Blue Slaver","floor":7,"turns":5},{"damage":28,"enemies":"3 Sentries","floor":10,"turns":12},{"damage":15,"enemies":"Lagavulin","floor":12,"turns":6},{"damage":65,"enemies":"Slime Boss","floor":16,"turns":8}],"seed_played":"6259205219448772686","potions_obtained":[{"floor":4,"key":"SkillPotion"},{"floor":5,"key":"SteroidPotion"},{"floor":7,"key":"Weak Potion"}],"is_trial":false,"path_per_floor":["M","M","$","M","M","R","M","R","T","E","R","E","R","?","R","B"],"character_chosen":"IRONCLAD","items_purchased":[],"campfire_rested":1,"item_purchase_floors":[],"current_hp_per_floor":[87,88,88,88,88,88,88,88,88,66,66,59,59,37,63,0],"gold":207,"neow_bonus":"TEN_PERCENT_HP_BONUS","is_prod":false,"is_daily":false,"chose_seed":false,"campfire_upgraded":4,"win_rate":0,"timestamp":1563541776,"path_taken":["M","M","$","M","M","R","M","R","T","E","R","E","R","?","R","BOSS"],"build_version":"2019-07-17","purchased_purges":1,"victory":false,"max_hp_per_floor":[88,88,88,88,88,88,88,88,88,88,88,88,88,88,88,88],"card_choices":[{"not_picked":["Sword Boomerang","Heavy Blade"],"picked":"Searing Blow","floor":1},{"not_picked":["Perfected Strike","Evolve"],"picked":"Warcry","floor":2},{"not_picked":["Sword Boomerang","Feel No Pain"],"picked":"Shrug It Off","floor":4},{"not_picked":["Havoc","Clash"],"picked":"Shrug It Off","floor":5},{"not_picked":["Wild Strike","Twin Strike"],"picked":"Spot Weakness","floor":7},{"not_picked":["Impervious","Perfected Strike"],"picked":"Armaments","floor":10},{"not_picked":["Perfected Strike","Twin Strike","Blood for Blood"],"picked":"SKIP","floor":12}],"player_experience":254179,"relics_obtained":[{"floor":9,"key":"MawBank"},{"floor":10,"key":"Blood Vial"},{"floor":12,"key":"Toxic Egg 2"}],"event_choices":[{"damage_healed":0,"gold_gain":0,"player_choice":"Take Damage","damage_taken":22,"relics_obtained":["Golden Idol"],"max_hp_gain":0,"max_hp_loss":0,"event_name":"Golden Idol","floor":14,"gold_loss":0}],"is_beta":false,"boss_relics":[],"items_purged_floors":[3],"is_endless":false,"potions_floor_spawned":[4,5,7],"killed_by":"Slime Boss","ascension_level":5}