{"gold_per_floor":[366,379,69,69,132,132,148,173,249,263,313,348,348,368,368,463,463,450,209,259,309,359,359,376,376,376,408,458,458,485,535,535,640,640,653,334,350,370,420,446,446,473,473,473,17,67,67,162,162,162],"floor_reached":51,"playtime":5443,"items_purged":["Strike_B"],"score":1463,"play_id":"63df818a-a2c2-4579-8be7-8f836fa15825","local_time":"20190818130340","is_ascension_mode":true,"campfire_choices":[{"data":"Loop","floor":6.0,"key":"SMITH"},{"data":"Turbo","floor":13.0,"key":"SMITH"},{"data":"Dualcast","floor":15.0,"key":"SMITH"},{"data":"Fission","floor":23.0,"key":"SMITH"},{"data":"Recycle","floor":25.0,"key":"SMITH"},{"data":"Blizzard","floor":29.0,"key":"SMITH"},{"floor":32.0,"key":"DIG"},{"floor":41,"key":"DIG"},{"floor":44,"key":"DIG"},{"floor":47,"key":"DIG"},{"floor":49,"key":"DIG"}],"neow_cost":"TEN_PERCENT_HP_LOSS","seed_source_timestamp":0,"circlet_count":0,"master_deck":["AscendersBane","Defend_B","Defend_B","Defend_B+1","Defend_B","Zap","Dualcast+1","Glacier","Loop+1","Blizzard+1","Glacier","Turbo+1","Echo Form","Leap","Ball Lightning","Compile Driver","Glacier","Fission+1","Cold Snap+1","BootSequence","Recycle+1","Go for the Eyes","Bite","Bite","Bite","Bite","Leap","Core Surge","Creative AI","Defragment+1","Glacier","Dark Shackles","Force Field+1","Parasite","Hologram+1","Madness","Madness","Undo+1","Stack+1","Blizzard+1","Capacitor","Hologram+1"],"special_seed":0,"relics":["Cracked Core","Sling","SsserpentHead","Meat on the Bone","Tiny Chest","Juzu Bracelet","Coffee Dripper","Sundial","Nilry\u0027s Codex","Du-Vu Doll","Orichalcum","Dodecahedron","Shovel","Bag of Preparation","Anchor","Nuclear Battery","DataDisk","War Paint","Molten Egg 2","Mummified Hand","Gremlin Horn","Kunai","Torii","Bottled Lightning","Ice Cream","Turnip"],"potions_floor_usage":[50],"damage_taken":[{"damage":0.0,"enemies":"2 Louse","floor":1.0,"turns":2.0},{"damage":0.0,"enemies":"Cultist","floor":2.0,"turns":5.0},{"damage":8.0,"enemies":"Jaw Worm","floor":5.0,"turns":5.0},{"damage":7.0,"enemies":"Lots of Slimes","floor":7.0,"turns":8.0},{"damage":0.0,"enemies":"Lagavulin","floor":8.0,"turns":9.0},{"damage":6.0,"enemies":"Exordium Thugs","floor":10.0,"turns":8.0},{"damage":1.0,"enemies":"3 Sentries","floor":12.0,"turns":9.0},{"damage":11.0,"enemies":"Looter","floor":14.0,"turns":3.0},{"damage":0.0,"enemies":"Hexaghost","floor":16.0,"turns":11.0},{"damage":4.0,"enemies":"2 Thieves","floor":18.0,"turns":4.0},{"damage":0.0,"enemies":"Chosen","floor":24.0,"turns":5.0},{"damage":11.0,"enemies":"Gremlin Leader","floor":27.0,"turns":8.0},{"damage":23.0,"enemies":"Book of Stabbing","floor":30.0,"turns":5.0},{"damage":0.0,"enemies":"Champ","floor":33.0,"turns":14.0},{"damage":0.0,"enemies":"3 Shapes","floor":35.0,"turns":6.0},{"damage":0.0,"enemies":"3 Darklings","floor":37.0,"turns":3.0},{"damage":5.0,"enemies":"Writhing Mass","floor":38.0,"turns":6.0},{"damage":23.0,"enemies":"Reptomancer","floor":40.0,"turns":8.0},{"damage":0,"enemies":"Giant Head","floor":42,"turns":12},{"damage":20,"enemies":"2 Orb Walkers","floor":48,"turns":7},{"damage":22,"enemies":"Awakened One","floor":50,"turns":16}],"seed_played":"4305521855348484989","potions_obtained":[{"floor":1.0,"key":"LiquidBronze"},{"floor":12.0,"key":"Explosive Potion"},{"floor":14.0,"key":"Fire Potion"},{"floor":27.0,"key":"Poison Potion"},{"floor":33.0,"key":"SkillPotion"},{"floor":35.0,"key":"Strength Potion"},{"floor":37.0,"key":"GamblersBrew"}],"is_trial":false,"path_per_floor":["M","M","$","?","M","R","M","E","T","M","?","E","R","M","R","B",null,"M","$","?","T","?","R","M","R","T","E","T","R","E","?","R","B",null,"M","$","M","M","?","E","R","E","T","R","$","?","R","?","R","B",null],"character_chosen":"DEFECT","items_purchased":["Blizzard","Glacier","Sling","BootSequence","Recycle","Go for the Eyes","DataDisk","Glacier","Dark Shackles","Blizzard+1","Torii","Capacitor"],"campfire_rested":0,"item_purchase_floors":[3,3,3,19,19,19,36,36,36,45,45,45],"current_hp_per_floor":[68,68,68,68,60,60,53,53,53,47,52,51,51,40,40,40,65,61,61,51,51,35,35,43,43,43,46,46,46,33,33,33,51,51,51,51,51,51,45,36,36,51,51,51,51,51,51,35,35,39],"gold":162,"neow_bonus":"TWO_FIFTY_GOLD","is_prod":false,"is_daily":false,"chose_seed":false,"campfire_upgraded":6,"win_rate":0,"timestamp":1566147820,"path_taken":["M","M","$","?","?","R","M","E","T","M","?","E","R","M","R","BOSS","M","$","?","?","?","R","M","R","T","E","?","R","E","?","R","BOSS","M","$","M","M","?","E","R","E","T","R","$","?","R","?","R","BOSS"],"build_version":"2019-07-17","purchased_purges":1,"victory":true,"max_hp_per_floor":[68,68,68,68,68,68,68,68,68,68,73,73,73,73,73,73,73,73,73,51,51,51,51,51,51,51,51,51,51,51,51,51,51,51,51,51,51,51,51,51,51,51,51,51,51,51,51,51,51,51],"card_choices":[{"not_picked":["Static Discharge","Melter"],"picked":"Glacier","floor":1.0},{"not_picked":["Doom and Gloom","Gash"],"picked":"Loop","floor":2.0},{"not_picked":["Redo","Gash"],"picked":"Turbo","floor":5.0},{"not_picked":["Gash","Heatsinks"],"picked":"Echo Form","floor":7.0},{"not_picked":["Scrape","Melter"],"picked":"Leap","floor":8.0},{"not_picked":["Chaos","Rebound"],"picked":"Ball Lightning","floor":10.0},{"not_picked":["Machine Learning","Go for the Eyes"],"picked":"Compile Driver","floor":12.0},{"not_picked":["Stack","Sweeping Beam"],"picked":"Glacier","floor":14.0},{"not_picked":["Multi-Cast","Amplify"],"picked":"Fission","floor":16.0},{"not_picked":["Coolheaded","BootSequence"],"picked":"Cold Snap+1","floor":18.0},{"not_picked":["Gash","Steam Power"],"picked":"Leap","floor":24.0},{"not_picked":["Compile Driver","Recycle"],"picked":"Core Surge","floor":27.0},{"not_picked":["Cold Snap","Streamline","Hello World+1"],"picked":"SKIP","floor":30.0},{"not_picked":["Electrodynamics","Hyperbeam"],"picked":"Creative AI","floor":33.0},{"not_picked":["Streamline","Chaos+1"],"picked":"Defragment+1","floor":35.0},{"not_picked":["Melter","Storm+1"],"picked":"Force Field","floor":37.0},{"not_picked":["Lockon","Hello World"],"picked":"Hologram+1","floor":38.0},{"not_picked":["BootSequence","Rip and Tear+1"],"picked":"Undo+1","floor":40.0},{"not_picked":["Scrape+1","Rebound+1"],"picked":"Stack+1","floor":42},{"not_picked":["Doom and Gloom+1","Rebound+1"],"picked":"Hologram+1","floor":48}],"player_experience":425652,"relics_obtained":[{"floor":8.0,"key":"Meat on the Bone"},{"floor":9.0,"key":"Tiny Chest"},{"floor":12.0,"key":"Juzu Bracelet"},{"floor":21.0,"key":"Sundial"},{"floor":22.0,"key":"Nilry\u0027s Codex"},{"floor":26.0,"key":"Du-Vu Doll"},{"floor":27.0,"key":"Orichalcum"},{"floor":28.0,"key":"Dodecahedron"},{"floor":30.0,"key":"Shovel"},{"floor":32.0,"key":"Anchor"},{"floor":40.0,"key":"War Paint"},{"floor":41,"key":"Molten Egg 2"},{"floor":42,"key":"Mummified Hand"},{"floor":43,"key":"Gremlin Horn"},{"floor":44,"key":"Kunai"},{"floor":47,"key":"Bottled Lightning"},{"floor":48,"key":"Ice Cream"},{"floor":49,"key":"Turnip"}],"event_choices":[{"damage_healed":0.0,"max_hp_gain":0.0,"max_hp_loss":0.0,"gold_gain":0.0,"event_name":"FaceTrader","player_choice":"Trade","floor":4.0,"gold_loss":0.0,"damage_taken":0.0,"relics_obtained":["SsserpentHead"]},{"damage_healed":0.0,"max_hp_gain":5.0,"max_hp_loss":0.0,"gold_gain":0.0,"event_name":"Big Fish","player_choice":"Donut","floor":11.0,"gold_loss":0.0,"damage_taken":0.0},{"damage_healed":0.0,"max_hp_gain":0.0,"max_hp_loss":22.0,"gold_gain":0.0,"event_name":"Vampires","player_choice":"Became a vampire","floor":20.0,"gold_loss":0.0,"damage_taken":0.0,"cards_obtained":["Bite","Bite","Bite","Bite","Bite"]},{"damage_healed":0.0,"max_hp_gain":0.0,"max_hp_loss":0.0,"gold_gain":0.0,"event_name":"Cursed Tome","player_choice":"Obtained Book","floor":22.0,"gold_loss":0.0,"damage_taken":16.0},{"damage_healed":0.0,"max_hp_gain":0.0,"max_hp_loss":0.0,"gold_gain":0.0,"event_name":"The Mausoleum","player_choice":"Opened","floor":31.0,"gold_loss":0.0,"damage_taken":0.0,"relics_obtained":["Bag of Preparation"]},{"damage_healed":0.0,"max_hp_gain":0.0,"max_hp_loss":0.0,"gold_gain":0.0,"event_name":"Winding Halls","player_choice":"Embrace Madness","floor":39.0,"gold_loss":0.0,"damage_taken":6.0,"cards_obtained":["Madness","Madness"]},{"cards_removed":["Bite"],"damage_healed":0,"gold_gain":0,"player_choice":"Removed Attack","damage_taken":0,"max_hp_gain":0,"max_hp_loss":0,"event_name":"Falling","floor":46,"gold_loss":0},{"damage_healed":0,"gold_gain":0,"player_choice":"Fight","damage_taken":0,"max_hp_gain":0,"max_hp_loss":0,"event_name":"Mysterious Sphere","floor":48,"gold_loss":0}],"is_beta":false,"boss_relics":[{"not_picked":["Inserter","Astrolabe"],"picked":"Coffee Dripper"},{"not_picked":["Pandora\u0027s Box","Velvet Choker"],"picked":"Nuclear Battery"}],"items_purged_floors":[19],"is_endless":false,"potions_floor_spawned":[1,12,14,27,33,35,37],"ascension_level":11}