{"gold_per_floor":[112,42,42,317,335,335,30,63,93,119,119],"floor_reached":11,"playtime":425,"items_purged":["Regret"],"score":99,"play_id":"cb07e093-8015-4a3c-833f-d89f9e79933f","local_time":"20190721015400","is_ascension_mode":true,"campfire_choices":[{"floor":6,"key":"RECALL"}],"neow_cost":"NONE","seed_source_timestamp":12314655576828,"circlet_count":0,"master_deck":["Strike_R","Strike_R","Strike_R","Strike_R","Strike_R","Defend_R","Defend_R","Defend_R","Defend_R","Bash","Shrug It Off","Cleave","Regret","Thunderclap","Fire Breathing","Shrug It Off","Offering"],"relics":["Burning Blood","Regal Pillow","DollysMirror","Happy Flower","Tiny Chest","Bag of Marbles"],"potions_floor_usage":[8],"damage_taken":[{"damage":12,"enemies":"Small Slimes","floor":1,"turns":4},{"damage":2,"enemies":"2 Louse","floor":5,"turns":2},{"damage":47,"enemies":"3 Sentries","floor":8,"turns":7},{"damage":36,"enemies":"Gremlin Nob","floor":10,"turns":4},{"damage":9,"enemies":"Cultist","floor":11,"turns":2}],"seed_played":"930636692515399115","potions_obtained":[{"floor":1,"key":"Fire Potion"}],"is_trial":false,"path_per_floor":["M","$","?","?","M","R","$","E","T","E","M"],"character_chosen":"IRONCLAD","items_purchased":["Shrug It Off","Cleave","Fire Breathing","DollysMirror"],"campfire_rested":0,"item_purchase_floors":[2,2,7,7],"current_hp_per_floor":[74,74,74,74,78,78,78,37,37,7,0],"gold":119,"neow_bonus":"THREE_CARDS","is_prod":false,"is_daily":false,"chose_seed":false,"campfire_upgraded":0,"win_rate":0,"timestamp":1563666840,"path_taken":["M","$","?","?","M","R","$","E","T","E","M"],"build_version":"2019-07-17","purchased_purges":1,"victory":false,"max_hp_per_floor":[80,80,80,80,80,80,80,80,80,80,80],"card_choices":[{"not_picked":["Reckless Charge","Body Slam","True Grit"],"picked":"SKIP","floor":1},{"not_picked":["Body Slam","Combust"],"picked":"Thunderclap","floor":5},{"not_picked":["Headbutt","Power Through"],"picked":"Offering","floor":8},{"not_picked":["Perfected Strike","Blood for Blood","Headbutt"],"picked":"SKIP","floor":10}],"player_experience":97772,"relics_obtained":[{"floor":8,"key":"Happy Flower"},{"floor":9,"key":"Tiny Chest"},{"floor":10,"key":"Bag of Marbles"}],"event_choices":[{"damage_healed":0,"gold_gain":0,"player_choice":"Box","damage_taken":0,"relics_obtained":["Regal Pillow"],"max_hp_gain":0,"max_hp_loss":0,"event_name":"Big Fish","floor":3,"gold_loss":0,"cards_obtained":["Regret"]},{"damage_healed":0,"gold_gain":275,"player_choice":"Desecrate","damage_taken":0,"max_hp_gain":0,"max_hp_loss":0,"event_name":"Golden Shrine","floor":4,"gold_loss":0,"cards_obtained":["Regret"]}],"is_beta":false,"boss_relics":[],"items_purged_floors":[7],"is_endless":false,"potions_floor_spawned":[1],"killed_by":"Cultist","ascension_level":5}