{"gold_per_floor":[115,95,44,7,25,25,53,53,53,73,85,85,113,124,124,219,219,233,233,233,251,265,300,300,333,333,333,349,368,368,387,387,387],"floor_reached":33,"playtime":4104,"items_purged":[],"score":411,"play_id":"e97adf96-d74d-4a76-a368-ca021f57d306","local_time":"20190718170306","is_ascension_mode":true,"campfire_choices":[{"data":"Go for the Eyes","floor":6,"key":"SMITH"},{"data":"Reinforced Body","floor":8,"key":"SMITH"},{"data":"Buffer","floor":12,"key":"SMITH"},{"data":"Zap","floor":15,"key":"SMITH"},{"data":"Skim","floor":24,"key":"SMITH"},{"data":"Go for the Eyes","floor":27,"key":"SMITH"},{"data":"Glacier","floor":32,"key":"SMITH"}],"neow_cost":"NONE","seed_source_timestamp":273402039562070,"circlet_count":0,"master_deck":["Strike_B","Strike_B","Strike_B","Strike_B","Defend_B+1","Defend_B","Defend_B+1","Defend_B","Zap+1","Dualcast","Ball Lightning","Conserve Battery","Reinforced Body+1","Go for the Eyes+1","Steam","Buffer+1","Gash","Rebound","Glacier+1","Electrodynamics+1","Go for the Eyes+1","Static Discharge+1","Capacitor+1","Skim+1","Streamline","Defragment+1","Barrage+1"],"relics":["Cracked Core","War Paint","The Courier","Gremlin Horn","Frozen Egg 2","Coffee Dripper","Happy Flower","Pear","Potion Belt","Bottled Tornado"],"potions_floor_usage":[11,16,23,25,33,33],"damage_taken":[{"damage":0,"enemies":"2 Louse","floor":1,"turns":2},{"damage":0,"enemies":"Cultist","floor":5,"turns":3},{"damage":4,"enemies":"3 Sentries","floor":7,"turns":7},{"damage":0,"enemies":"Jaw Worm","floor":10,"turns":2},{"damage":4,"enemies":"Large Slime","floor":11,"turns":6},{"damage":0,"enemies":"Lagavulin","floor":13,"turns":7},{"damage":0,"enemies":"2 Fungi Beasts","floor":14,"turns":3},{"damage":51,"enemies":"Hexaghost","floor":16,"turns":18},{"damage":0,"enemies":"3 Byrds","floor":18,"turns":4},{"damage":0,"enemies":"Chosen","floor":21,"turns":4},{"damage":0,"enemies":"Snecko","floor":22,"turns":5},{"damage":11,"enemies":"Book of Stabbing","floor":23,"turns":8},{"damage":36,"enemies":"Gremlin Leader","floor":25,"turns":7},{"damage":0,"enemies":"Snake Plant","floor":28,"turns":5},{"damage":0,"enemies":"Cultist and Chosen","floor":29,"turns":6},{"damage":0,"enemies":"Colosseum Slavers","floor":30,"turns":4},{"damage":0,"enemies":"Centurion and Healer","floor":31,"turns":5},{"damage":31,"enemies":"Automaton","floor":33,"turns":6}],"seed_played":"-8636217912931815199","potions_obtained":[{"floor":2,"key":"Swift Potion"},{"floor":5,"key":"FearPotion"},{"floor":7,"key":"FearPotion"},{"floor":13,"key":"Energy Potion"},{"floor":18,"key":"Block Potion"},{"floor":22,"key":"Strength Potion"},{"floor":29,"key":"FocusPotion"}],"is_trial":false,"path_per_floor":["M","?","$","$","M","R","E","R","T","M","M","R","E","M","R","B",null,"M","?","?","M","M","E","R","E","T","R","M","M","?","M","R","B"],"character_chosen":"DEFECT","items_purchased":["Conserve Battery","Reinforced Body"],"campfire_rested":0,"item_purchase_floors":[3,4],"current_hp_per_floor":[75,75,75,75,75,75,71,71,71,71,67,67,67,67,67,16,75,75,61,61,61,61,60,60,24,24,24,24,24,24,24,24,0],"gold":387,"neow_bonus":"RANDOM_COMMON_RELIC","is_prod":false,"is_daily":false,"chose_seed":false,"campfire_upgraded":7,"win_rate":0,"timestamp":1563483786,"path_taken":["M","?","?","$","M","R","E","R","T","M","M","R","E","M","R","BOSS","M","?","?","?","M","E","R","E","T","R","M","M","?","M","R","BOSS"],"build_version":"2019-07-17","purchased_purges":0,"victory":false,"max_hp_per_floor":[75,75,75,75,75,75,75,75,75,75,75,75,75,75,75,75,75,75,80,80,80,80,90,90,90,90,90,90,90,90,90,90,90],"card_choices":[{"not_picked":["Redo","Chaos"],"picked":"Ball Lightning","floor":1},{"not_picked":["Hologram","Defragment"],"picked":"Go for the Eyes","floor":5},{"not_picked":["Redo","Force Field"],"picked":"Steam","floor":7},{"not_picked":["BootSequence","Leap"],"picked":"Buffer","floor":10},{"not_picked":["Stack","Doom and Gloom"],"picked":"Gash","floor":11},{"not_picked":["Hologram","Barrage"],"picked":"Rebound","floor":13},{"not_picked":["Barrage","Compile Driver"],"picked":"Glacier","floor":14},{"not_picked":["All For One","Machine Learning+1"],"picked":"Electrodynamics+1","floor":16},{"not_picked":["Redo","Stack"],"picked":"Go for the Eyes","floor":18},{"not_picked":["Gash","Go for the Eyes"],"picked":"Static Discharge+1","floor":21},{"not_picked":["Redo","FTL"],"picked":"Capacitor+1","floor":22},{"not_picked":["Leap","Multi-Cast"],"picked":"Skim","floor":23},{"not_picked":["Lockon","Fusion","Redo"],"picked":"SKIP","floor":25},{"not_picked":["Turbo","Steam Power+1"],"picked":"Streamline","floor":28},{"not_picked":["Beam Cell+1","Ball Lightning"],"picked":"Defragment+1","floor":29},{"not_picked":["Turbo+1","Beam Cell"],"picked":"Barrage+1","floor":31}],"player_experience":236038,"relics_obtained":[{"floor":7,"key":"The Courier"},{"floor":9,"key":"Gremlin Horn"},{"floor":13,"key":"Frozen Egg 2"},{"floor":23,"key":"Pear"},{"floor":25,"key":"Potion Belt"},{"floor":26,"key":"Bottled Tornado"}],"event_choices":[{"damage_healed":0,"gold_gain":0,"player_choice":"Bought 1 Potion","damage_taken":0,"max_hp_gain":0,"max_hp_loss":0,"event_name":"The Woman in Blue","floor":2,"gold_loss":0},{"damage_healed":0,"gold_gain":0,"player_choice":"Shed Blood","damage_taken":19,"max_hp_gain":5,"max_hp_loss":0,"event_name":"Forgotten Altar","floor":19,"gold_loss":0},{"damage_healed":0,"gold_gain":0,"player_choice":"Gave Potion","damage_taken":0,"relics_obtained":["Happy Flower"],"max_hp_gain":0,"max_hp_loss":0,"event_name":"WeMeetAgain","floor":20,"gold_loss":0},{"damage_healed":0,"gold_gain":0,"player_choice":"Fight","damage_taken":0,"max_hp_gain":0,"max_hp_loss":0,"event_name":"Colosseum","floor":30,"gold_loss":0},{"damage_healed":0,"gold_gain":0,"player_choice":"Fled From Nobs","damage_taken":0,"max_hp_gain":0,"max_hp_loss":0,"event_name":"Colosseum","floor":30,"gold_loss":0}],"is_beta":false,"boss_relics":[{"not_picked":["Busted Crown","Runic Dome"],"picked":"Coffee Dripper"}],"items_purged_floors":[],"is_endless":false,"potions_floor_spawned":[5,7,13,18,22,29,30],"killed_by":"Automaton","ascension_level":4}