{"gold_per_floor":[110,110,60,79,103,141,141,23,23,23,43,77,77,97,97,218,218,242,263,24,39,63,63,102,102,102,102,120,153,30,51,51,182,182,197,197,217,281,296,296,312,312,312,312,312,345,345,358,358,358],"floor_reached":50,"playtime":4763,"items_purged":[],"score":940,"play_id":"34fe03ff-51aa-4858-8887-aa9f84a6bbcd","local_time":"20190828045205","is_ascension_mode":true,"campfire_choices":[{"floor":7,"key":"REST"},{"data":"Endless Agony","floor":10,"key":"SMITH"},{"floor":15,"key":"REST"},{"data":"PiercingWail","floor":23,"key":"SMITH"},{"data":"Endless Agony","floor":25,"key":"SMITH"},{"data":"Crippling Poison","floor":27,"key":"SMITH"},{"floor":32,"key":"REST"},{"floor":40,"key":"REST"},{"data":"Deadly Poison","floor":42,"key":"SMITH"},{"data":"Cloak And Dagger","floor":45,"key":"SMITH"},{"floor":49,"key":"REST"}],"neow_cost":"NONE","seed_source_timestamp":852170917676427,"circlet_count":0,"master_deck":["AscendersBane","Strike_G","Strike_G","Strike_G","Strike_G+1","Defend_G+1","Defend_G","Defend_G","Defend_G","Defend_G","Survivor","Neutralize+1","Flying Knee","Dagger Throw","Endless Agony+1","After Image+1","Noxious Fumes+1","Quick Slash","Crippling Poison+1","PiercingWail+1","Backflip","Wraith Form v2+1","Acrobatics","Endless Agony+1","Dodge and Roll","Backflip+1","Injury","Flechettes+1","Cloak And Dagger+1","Infinite Blades+1","Sucker Punch","Corpse Explosion","Bouncing Flask+1","Deadly Poison+1","PiercingWail","Crippling Poison+1","Deadly Poison+1","Decay","Deadly Poison+1"],"relics":["Ring of the Snake","Golden Idol","Frozen Egg 2","Snake Skull","Anchor","Cursed Key","Blue Candle","Question Card","Bottled Flame","Boot","Snecko Eye","Dead Branch","Singing Bowl","Paper Crane"],"potions_floor_usage":[6,24,24,33,41],"damage_taken":[{"damage":0,"enemies":"2 Louse","floor":1,"turns":3},{"damage":0,"enemies":"Jaw Worm","floor":4,"turns":4},{"damage":0,"enemies":"Cultist","floor":5,"turns":3},{"damage":14,"enemies":"Gremlin Nob","floor":6,"turns":4},{"damage":7,"enemies":"Lots of Slimes","floor":11,"turns":6},{"damage":0,"enemies":"Lagavulin","floor":12,"turns":6},{"damage":0,"enemies":"Exordium Wildlife","floor":14,"turns":3},{"damage":6,"enemies":"Slime Boss","floor":16,"turns":9},{"damage":0,"enemies":"Spheric Guardian","floor":18,"turns":4},{"damage":0,"enemies":"Chosen","floor":19,"turns":5},{"damage":3,"enemies":"Centurion and Healer","floor":21,"turns":7},{"damage":24,"enemies":"Snecko","floor":22,"turns":7},{"damage":0,"enemies":"Gremlin Leader","floor":24,"turns":8},{"damage":7,"enemies":"Snake Plant","floor":28,"turns":7},{"damage":1,"enemies":"Slavers","floor":29,"turns":5},{"damage":3,"enemies":"Sentry and Sphere","floor":31,"turns":7},{"damage":28,"enemies":"Champ","floor":33,"turns":14},{"damage":2,"enemies":"Orb Walker","floor":35,"turns":5},{"damage":0,"enemies":"3 Darklings","floor":37,"turns":4},{"damage":22,"enemies":"2 Orb Walkers","floor":38,"turns":6},{"damage":0,"enemies":"Jaw Worm Horde","floor":39,"turns":3},{"damage":0,"enemies":"Maw","floor":41,"turns":6},{"damage":29,"enemies":"Reptomancer","floor":46,"turns":6},{"damage":0,"enemies":"4 Shapes","floor":48,"turns":2},{"damage":49,"enemies":"Donu and Deca","floor":50,"turns":4}],"seed_played":"-414493208448649476","potions_obtained":[{"floor":1,"key":"SteroidPotion"},{"floor":4,"key":"Fire Potion"},{"floor":11,"key":"FairyPotion"},{"floor":19,"key":"Ancient Potion"},{"floor":21,"key":"SpeedPotion"},{"floor":29,"key":"SkillPotion"},{"floor":35,"key":"Dexterity Potion"},{"floor":39,"key":"SpeedPotion"}],"is_trial":false,"path_per_floor":["M","?","?","M","M","E","R","$","T","R","M","E","?","M","R","B",null,"M","M","$","M","M","R","E","R","T","R","M","E","$","M","R","B",null,"M","?","M","?","M","R","M","R","T","?","R","E","?","M","R","B"],"character_chosen":"THE_SILENT","items_purchased":["Noxious Fumes+1","Quick Slash","Blue Candle","Cloak And Dagger","Infinite Blades+1"],"campfire_rested":5,"item_purchase_floors":[8,8,20,30,30],"current_hp_per_floor":[63,46,46,46,46,32,53,53,53,53,46,46,32,32,53,47,64,64,64,64,61,37,37,37,37,37,37,30,29,29,26,47,19,57,55,55,55,33,33,54,54,54,54,54,54,27,27,27,48,0],"gold":358,"neow_bonus":"UPGRADE_CARD","is_prod":false,"is_daily":false,"chose_seed":false,"campfire_upgraded":6,"win_rate":0,"timestamp":1566982325,"path_taken":["M","?","?","M","M","E","R","$","T","R","M","E","?","?","R","BOSS","M","?","?","M","M","R","E","R","T","R","M","E","$","M","R","BOSS","M","?","?","?","M","R","M","R","T","?","R","E","?","M","R","BOSS"],"build_version":"2019-07-17","purchased_purges":0,"victory":false,"max_hp_per_floor":[70,70,70,70,70,70,70,70,70,70,70,70,70,70,70,70,70,70,70,70,70,70,70,70,70,70,70,70,70,70,70,70,70,70,70,70,70,70,70,70,70,70,70,70,70,72,72,72,72,72],"card_choices":[{"not_picked":["Terror","Concentrate"],"picked":"Flying Knee","floor":1},{"not_picked":["Prepared","Bane"],"picked":"Dagger Throw","floor":4},{"not_picked":["Prepared","Tools of the Trade"],"picked":"Endless Agony","floor":5},{"not_picked":["Distraction","Night Terror"],"picked":"After Image","floor":6},{"not_picked":["Deflect","Tactician"],"picked":"Crippling Poison","floor":11},{"not_picked":["Dodge and Roll","Distraction"],"picked":"PiercingWail","floor":12},{"not_picked":["Deadly Poison","Predator"],"picked":"Backflip","floor":14},{"not_picked":["Corpse Explosion","After Image+1"],"picked":"Wraith Form v2+1","floor":16},{"not_picked":["Underhanded Strike","Dagger Throw"],"picked":"Acrobatics","floor":18},{"not_picked":["Heel Hook","Underhanded Strike"],"picked":"Endless Agony","floor":19},{"not_picked":["Choke","Deflect"],"picked":"Dodge and Roll","floor":21},{"not_picked":["Riddle With Holes","Dagger Throw+1"],"picked":"Backflip+1","floor":22},{"not_picked":["Bane","Finisher","Outmaneuver"],"picked":"SKIP","floor":24},{"not_picked":["Accuracy+1","Grand Finale","Setup"],"picked":"Quick Slash+1","floor":28},{"not_picked":["Outmaneuver","Phantasmal Killer","Eviscerate"],"picked":"Flechettes+1","floor":29},{"not_picked":["Cloak And Dagger","Dodge and Roll","Outmaneuver"],"picked":"Sucker Punch","floor":31},{"not_picked":["After Image+1","Tools of the Trade+1","Adrenaline"],"picked":"Corpse Explosion","floor":33},{"not_picked":["Sucker Punch+1","Blade Dance+1","Backstab"],"picked":"Bouncing Flask+1","floor":35},{"not_picked":["Backstab","Deflect","Flechettes+1"],"picked":"Deadly Poison+1","floor":37},{"not_picked":["Dagger Throw","Calculated Gamble","Quick Slash"],"picked":"PiercingWail","floor":38},{"not_picked":["Eviscerate","Finisher","Caltrops+1"],"picked":"Crippling Poison+1","floor":39},{"not_picked":["Deflect+1","Bane","Cloak And Dagger"],"picked":"Deadly Poison","floor":41},{"not_picked":["Outmaneuver","Bane","Prepared","Accuracy+1"],"picked":"Singing Bowl","floor":46},{"not_picked":["Prepared+1","Bane","Quick Slash"],"picked":"Deadly Poison+1","floor":48}],"player_experience":512593,"relics_obtained":[{"floor":6,"key":"Frozen Egg 2"},{"floor":9,"key":"Snake Skull"},{"floor":12,"key":"Anchor"},{"floor":24,"key":"Question Card"},{"floor":26,"key":"Bottled Flame"},{"floor":29,"key":"Boot"},{"floor":38,"key":"Dead Branch"},{"floor":43,"key":"Singing Bowl"},{"floor":46,"key":"Paper Crane"}],"event_choices":[{"damage_healed":0,"gold_gain":0,"player_choice":"Take Damage","damage_taken":17,"relics_obtained":["Golden Idol"],"max_hp_gain":0,"max_hp_loss":0,"event_name":"Golden Idol","floor":2,"gold_loss":0},{"cards_removed":["Strike_G"],"damage_healed":0,"gold_gain":0,"player_choice":"Card Removal","damage_taken":0,"max_hp_gain":0,"max_hp_loss":0,"event_name":"The Cleric","floor":3,"gold_loss":50},{"damage_healed":0,"gold_gain":0,"player_choice":"Entered Light","damage_taken":14,"max_hp_gain":0,"max_hp_loss":0,"event_name":"Shining Light","floor":13,"gold_loss":0,"cards_upgraded":["Defend_G","Strike_G"]},{"damage_healed":0,"gold_gain":0,"player_choice":"Ignored","damage_taken":0,"max_hp_gain":0,"max_hp_loss":0,"event_name":"SecretPortal","floor":36,"gold_loss":0},{"damage_healed":0,"gold_gain":0,"player_choice":"Fight","damage_taken":0,"max_hp_gain":0,"max_hp_loss":0,"event_name":"Mysterious Sphere","floor":38,"gold_loss":0},{"cards_removed":["Quick Slash"],"damage_healed":0,"gold_gain":0,"player_choice":"Removed Attack","damage_taken":0,"max_hp_gain":0,"max_hp_loss":0,"event_name":"Falling","floor":44,"gold_loss":0},{"damage_healed":0,"gold_gain":0,"player_choice":"Leave","damage_taken":0,"max_hp_gain":0,"max_hp_loss":0,"event_name":"FaceTrader","floor":47,"gold_loss":0}],"is_beta":false,"boss_relics":[{"not_picked":["Astrolabe","Busted Crown"],"picked":"Cursed Key"},{"not_picked":["Runic Dome","Ring of the Serpent"],"picked":"Snecko Eye"}],"items_purged_floors":[],"is_endless":false,"potions_floor_spawned":[1,4,11,19,21,22,29,35,39],"killed_by":"Donu and Deca","ascension_level":12}