{"gold_per_floor":[363,33,108,181,192,192,219,219,219,239,239,239,256,256,256,330,330,350,300,319,145,157,189,0,0,0,26,26],"floor_reached":28,"playtime":1273,"items_purged":["Strike_B","Strike_B"],"score":432,"play_id":"5eb81523-3bed-427b-b589-d97755e27e08","local_time":"20190802131958","is_ascension_mode":true,"campfire_choices":[{"data":"Zap","floor":6,"key":"SMITH"},{"floor":11,"key":"REST"},{"floor":15,"key":"REST"},{"floor":25,"key":"REST"}],"neow_cost":"PERCENT_DAMAGE","seed_source_timestamp":79970830217165,"circlet_count":0,"master_deck":["AscendersBane","Strike_B","Strike_B","Defend_B","Defend_B","Defend_B+1","Defend_B+1","Zap+1","Dualcast","Streamline","Hologram+1","FTL","All For One","Coolheaded","Loop","Beam Cell+1"],"relics":["Cracked Core","Cables","War Paint","Symbiotic Virus","Torii","Runic Dome","Girya","Molten Egg 2","StoneCalendar"],"potions_floor_usage":[10,16,27],"damage_taken":[{"damage":8,"enemies":"2 Louse","floor":1,"turns":2},{"damage":5,"enemies":"Small Slimes","floor":5,"turns":3},{"damage":20,"enemies":"Lagavulin","floor":7,"turns":6},{"damage":0,"enemies":"Jaw Worm","floor":10,"turns":2},{"damage":0,"enemies":"3 Louse","floor":13,"turns":2},{"damage":12,"enemies":"The Guardian","floor":16,"turns":7},{"damage":0,"enemies":"Chosen","floor":18,"turns":3},{"damage":9,"enemies":"Shell Parasite","floor":20,"turns":3},{"damage":20,"enemies":"3 Cultists","floor":22,"turns":6},{"damage":31,"enemies":"Gremlin Leader","floor":23,"turns":7},{"damage":20,"enemies":"Book of Stabbing","floor":27,"turns":4},{"damage":8,"enemies":"Sentry and Sphere","floor":28,"turns":2}],"seed_played":"3591570400948266483","potions_obtained":[{"floor":7,"key":"PowerPotion"},{"floor":10,"key":"PowerPotion"},{"floor":18,"key":"Ancient Potion"},{"floor":23,"key":"SpeedPotion"}],"is_trial":false,"path_per_floor":["M","$","?","?","M","R","E","?","T","M","R","T","M","?","R","B",null,"M","?","M","$","M","E","?","R","T","E","M"],"character_chosen":"DEFECT","items_purchased":["Cables","Loop"],"campfire_rested":3,"item_purchase_floors":[2,21],"current_hp_per_floor":[38,38,27,27,22,22,2,2,2,2,23,23,23,23,44,32,61,61,61,52,52,32,1,1,22,22,2,0],"gold":26,"neow_bonus":"TWO_FIFTY_GOLD","is_prod":false,"is_daily":false,"chose_seed":false,"campfire_upgraded":1,"win_rate":0,"timestamp":1564719598,"path_taken":["M","$","?","?","M","R","E","?","T","M","R","?","?","?","R","BOSS","M","?","?","$","M","E","?","R","T","E","M"],"build_version":"2019-07-17","purchased_purges":2,"victory":false,"max_hp_per_floor":[71,71,71,71,71,71,71,71,71,71,71,71,71,71,71,71,71,71,71,71,71,71,71,71,71,71,71,71],"card_choices":[{"not_picked":["Redo","Barrage"],"picked":"Streamline","floor":1},{"not_picked":["Hello World","Stack"],"picked":"Hologram","floor":5},{"not_picked":["Hologram","Scrape"],"picked":"FTL","floor":7},{"not_picked":["White Noise","Undo","Creative AI"],"picked":"SKIP","floor":10},{"not_picked":["Heatsinks","Leap","Genetic Algorithm"],"picked":"SKIP","floor":13},{"not_picked":["Machine Learning","Amplify"],"picked":"All For One","floor":16},{"not_picked":["Lockon","Sweeping Beam+1"],"picked":"Coolheaded","floor":18},{"not_picked":["Heatsinks","Rebound","Doom and Gloom+1"],"picked":"SKIP","floor":20},{"not_picked":["Conserve Battery","Sweeping Beam"],"picked":"Beam Cell+1","floor":22},{"not_picked":["Force Field","Steam","Steam Power"],"picked":"SKIP","floor":23},{"not_picked":["Turbo","White Noise","Multi-Cast"],"picked":"SKIP","floor":27}],"player_experience":444163,"relics_obtained":[{"floor":7,"key":"War Paint"},{"floor":9,"key":"Symbiotic Virus"},{"floor":12,"key":"Torii"},{"floor":23,"key":"Girya"},{"floor":26,"key":"Molten Egg 2"},{"floor":27,"key":"StoneCalendar"}],"event_choices":[{"damage_healed":0,"gold_gain":75,"player_choice":"Gather Gold","damage_taken":11,"max_hp_gain":0,"max_hp_loss":0,"event_name":"World of Goop","floor":3,"gold_loss":0},{"damage_healed":0,"gold_gain":73,"player_choice":"Gained Gold","damage_taken":0,"max_hp_gain":0,"max_hp_loss":0,"event_name":"Golden Wing","floor":4,"gold_loss":0},{"damage_healed":0,"gold_gain":0,"player_choice":"Fled","damage_taken":0,"max_hp_gain":0,"max_hp_loss":0,"event_name":"Scrap Ooze","floor":8,"gold_loss":0},{"damage_healed":0,"gold_gain":0,"player_choice":"Grow","damage_taken":0,"max_hp_gain":0,"max_hp_loss":0,"event_name":"Living Wall","floor":14,"gold_loss":0,"cards_upgraded":["Hologram"]},{"damage_healed":0,"gold_gain":0,"player_choice":"Bet on Owner","damage_taken":0,"max_hp_gain":0,"max_hp_loss":0,"event_name":"The Joust","floor":19,"gold_loss":50},{"damage_healed":0,"gold_gain":0,"player_choice":"Paid Fearfully","damage_taken":0,"max_hp_gain":0,"max_hp_loss":0,"event_name":"Masked Bandits","floor":24,"gold_loss":189}],"is_beta":false,"boss_relics":[{"not_picked":["Lizard Tail","Astrolabe"],"picked":"Runic Dome"}],"items_purged_floors":[2,21],"is_endless":false,"potions_floor_spawned":[7,10,18,23],"killed_by":"Sentry and Sphere","ascension_level":14}