{"gold_per_floor":[117,130,130,55,55,55,5,5,73,96,134,148,148,183,183,313,313,331,16,34,34,49,49,65,80,128,173,212,236,87,87,87,213,213,232,0,61,61,86,86,130,153,153,153,153,168,168,191,191,191],"floor_reached":51,"playtime":5161,"items_purged":["Doubt","Shame","Strike_R"],"score":655,"play_id":"b26c46d7-ce93-4689-adad-554b1c9e7781","local_time":"20190810231447","is_ascension_mode":false,"campfire_choices":[{"floor":6,"key":"REST"},{"data":"Rage","floor":8,"key":"SMITH"},{"data":"Infernal Blade","floor":13,"key":"SMITH"},{"floor":15,"key":"REST"},{"data":"Bludgeon","floor":23,"key":"SMITH"},{"floor":32,"key":"REST"},{"floor":40,"key":"REST"},{"floor":44,"key":"REST"},{"floor":49,"key":"REST"}],"neow_cost":"NONE","seed_source_timestamp":171738162913194,"circlet_count":0,"master_deck":["Strike_R","Strike_R","Strike_R","Strike_R","Defend_R","Defend_R","Defend_R","Defend_R","Bash","Armaments","Rage+1","Bludgeon+1","Infernal Blade+1","True Grit","Barricade+1","Clash+1","Reckless Charge","Shrug It Off+1","Cleave+1","Feel No Pain","Metallicize","Feed","Carnage+1","True Grit","Impervious","Anger+1","Infernal Blade+1","Writhe","Dropkick","Flex+1","Body Slam","Sadistic Nature","Blood for Blood+1","Armaments+1"],"relics":["Calling Bell","Regal Pillow","Sundial","Thread and Needle","Question Card","Golden Idol","Bottled Lightning","Boot","Girya","Velvet Choker","Potion Belt","Ancient Tea Set","Bronze Scales","Bag of Marbles","Busted Crown","Red Mask","Bird Faced Urn","Toxic Egg 2","Kunai"],"potions_floor_usage":[25,28,29,33,33,39,42,42,50,50,50,50],"damage_taken":[{"damage":13,"enemies":"Small Slimes","floor":1,"turns":7},{"damage":0,"enemies":"2 Louse","floor":2,"turns":3},{"damage":0,"enemies":"Cultist","floor":10,"turns":5},{"damage":20,"enemies":"Lagavulin","floor":11,"turns":6},{"damage":1,"enemies":"Exordium Thugs","floor":12,"turns":3},{"damage":4,"enemies":"Gremlin Nob","floor":14,"turns":4},{"damage":43,"enemies":"The Guardian","floor":16,"turns":16},{"damage":0,"enemies":"Chosen","floor":18,"turns":3},{"damage":18,"enemies":"2 Thieves","floor":20,"turns":4},{"damage":0,"enemies":"Snecko","floor":22,"turns":2},{"damage":0,"enemies":"3 Cultists","floor":24,"turns":5},{"damage":5,"enemies":"Centurion and Healer","floor":25,"turns":5},{"damage":25,"enemies":"Slavers","floor":28,"turns":5},{"damage":11,"enemies":"Shelled Parasite and Fungi","floor":29,"turns":6},{"damage":28,"enemies":"Automaton","floor":33,"turns":12},{"damage":0,"enemies":"Orb Walker","floor":35,"turns":3},{"damage":50,"enemies":"2 Orb Walkers","floor":37,"turns":6},{"damage":20,"enemies":"3 Darklings","floor":39,"turns":4},{"damage":50,"enemies":"Nemesis","floor":41,"turns":6},{"damage":23,"enemies":"Sphere and 2 Shapes","floor":42,"turns":6},{"damage":0,"enemies":"4 Shapes","floor":46,"turns":5},{"damage":11,"enemies":"Spire Growth","floor":48,"turns":5},{"damage":87,"enemies":"Awakened One","floor":50,"turns":19}],"seed_played":"-8786305164619564441","potions_obtained":[{"floor":1,"key":"Block Potion"},{"floor":2,"key":"AttackPotion"},{"floor":12,"key":"Poison Potion"},{"floor":14,"key":"PowerPotion"},{"floor":22,"key":"SkillPotion"},{"floor":25,"key":"SteroidPotion"},{"floor":28,"key":"Regen Potion"},{"floor":29,"key":"FearPotion"},{"floor":33,"key":"Energy Potion"},{"floor":35,"key":"Strength Potion"},{"floor":39,"key":"Dexterity Potion"},{"floor":41,"key":"PowerPotion"},{"floor":48,"key":"Weak Potion"}],"is_trial":false,"path_per_floor":["M","M","?","$","?","R","?","R","T","M","E","M","R","E","R","B",null,"M","$","M","?","M","R","M","M","T","T","E","M","$","?","R","B",null,"M","?","?","?","M","R","E","M","T","R","?","M","?","M","R","B",null],"character_chosen":"IRONCLAD","items_purchased":["Potion Belt","Reckless Charge","True Grit"],"campfire_rested":6,"item_purchase_floors":[19,19,30],"current_hp_per_floor":[67,67,64,64,44,80,80,80,80,80,60,59,59,55,80,37,80,80,80,62,62,62,62,62,57,57,57,32,36,36,36,75,47,80,83,83,33,54,42,81,37,20,20,59,59,69,69,64,83,5],"gold":191,"neow_bonus":"BOSS_RELIC","is_prod":false,"is_daily":false,"chose_seed":false,"campfire_upgraded":3,"win_rate":0.0,"timestamp":1565493287,"path_taken":["M","M","?","$","?","R","?","R","T","M","E","M","R","E","R","BOSS","M","$","M","?","M","R","?","M","T","?","E","M","?","?","R","BOSS","M","?","?","?","M","R","E","M","T","R","?","M","?","M","R","BOSS"],"build_version":"2019-07-17","purchased_purges":3,"victory":true,"max_hp_per_floor":[80,80,80,80,80,80,80,80,80,80,80,80,80,80,80,80,80,80,80,80,80,80,80,80,80,80,80,80,80,80,80,80,80,80,83,83,83,83,83,83,83,83,83,83,83,83,83,83,83,86],"card_choices":[{"not_picked":["Thunderclap","Cleave"],"picked":"Armaments","floor":1},{"not_picked":["Hemokinesis","Pommel Strike"],"picked":"Rage","floor":2},{"not_picked":["Combust","Shrug It Off","Anger"],"picked":"Bludgeon","floor":10},{"not_picked":["Flex","Combust","Headbutt"],"picked":"Juggernaut","floor":11},{"not_picked":["True Grit","Disarm","Power Through"],"picked":"Infernal Blade","floor":12},{"not_picked":["Iron Wave","Clothesline","Searing Blow"],"picked":"True Grit","floor":14},{"not_picked":["Berserk","Brutality","Impervious"],"picked":"Barricade","floor":16},{"not_picked":["Body Slam","Combust","True Grit"],"picked":"Clash+1","floor":18},{"not_picked":["Infernal Blade","Blood for Blood","Twin Strike"],"picked":"Shrug It Off+1","floor":20},{"not_picked":["Dual Wield+1","Headbutt+1","Corruption+1"],"picked":"Cleave+1","floor":22},{"not_picked":["Shrug It Off","Warcry","Pommel Strike"],"picked":"Feel No Pain","floor":24},{"not_picked":["Thunderclap+1","Intimidate","Sword Boomerang"],"picked":"Metallicize","floor":25},{"not_picked":["Brutality","Thunderclap","Feel No Pain"],"picked":"Feed","floor":28},{"not_picked":["Pommel Strike+1","Body Slam","Clash"],"picked":"Carnage+1","floor":29},{"not_picked":["Reaper","Berserk","Feed"],"picked":"Impervious","floor":33},{"not_picked":["Cleave+1"],"picked":"Anger+1","floor":35},{"not_picked":["Clothesline"],"picked":"Infernal Blade+1","floor":37},{"not_picked":["Corruption"],"picked":"Dropkick","floor":39},{"not_picked":["Barricade"],"picked":"Flex","floor":41},{"not_picked":["Thunderclap"],"picked":"Body Slam","floor":42},{"not_picked":["Mayhem"],"picked":"Sadistic Nature","floor":45},{"not_picked":["Infernal Blade+1"],"picked":"Blood for Blood+1","floor":46},{"not_picked":["Pummel"],"picked":"Armaments+1","floor":48}],"player_experience":12596,"relics_obtained":[{"floor":0,"key":"Regal Pillow"},{"floor":0,"key":"Sundial"},{"floor":0,"key":"Thread and Needle"},{"floor":9,"key":"Bottled Lightning"},{"floor":11,"key":"Boot"},{"floor":14,"key":"Girya"},{"floor":26,"key":"Ancient Tea Set"},{"floor":27,"key":"Bronze Scales"},{"floor":28,"key":"Bag of Marbles"},{"floor":37,"key":"Bird Faced Urn"},{"floor":41,"key":"Toxic Egg 2"},{"floor":43,"key":"Kunai"}],"event_choices":[{"damage_healed":0,"gold_gain":0,"player_choice":"Success","damage_taken":3,"relics_obtained":["Question Card"],"max_hp_gain":0,"max_hp_loss":0,"event_name":"Scrap Ooze","floor":3,"gold_loss":0},{"damage_healed":0,"gold_gain":0,"player_choice":"Take Damage","damage_taken":20,"relics_obtained":["Golden Idol"],"max_hp_gain":0,"max_hp_loss":0,"event_name":"Golden Idol","floor":5,"gold_loss":0},{"cards_removed":["Doubt"],"damage_healed":0,"gold_gain":0,"player_choice":"Card Removal","damage_taken":0,"max_hp_gain":0,"max_hp_loss":0,"event_name":"The Cleric","floor":7,"gold_loss":50},{"damage_healed":0,"gold_gain":0,"player_choice":"Forge","damage_taken":0,"max_hp_gain":0,"max_hp_loss":0,"event_name":"Accursed Blacksmith","floor":21,"gold_loss":0,"cards_upgraded":["Barricade"]},{"damage_healed":0,"gold_gain":0,"player_choice":"Ignored","damage_taken":0,"max_hp_gain":0,"max_hp_loss":0,"event_name":"Ghosts","floor":31,"gold_loss":0},{"damage_healed":0,"gold_gain":0,"player_choice":"Paid","damage_taken":0,"relics_obtained":["Red Mask"],"max_hp_gain":0,"max_hp_loss":0,"event_name":"Tomb of Lord Red Mask","floor":36,"gold_loss":232},{"damage_healed":0,"gold_gain":0,"player_choice":"Fight","damage_taken":0,"max_hp_gain":0,"max_hp_loss":0,"event_name":"Mysterious Sphere","floor":37,"gold_loss":0},{"damage_healed":21,"gold_gain":0,"player_choice":"Writhe","damage_taken":0,"max_hp_gain":0,"max_hp_loss":0,"event_name":"Winding Halls","floor":38,"gold_loss":0,"cards_obtained":["Writhe"]},{"damage_healed":0,"gold_gain":0,"player_choice":"Memory 1","damage_taken":0,"max_hp_gain":0,"max_hp_loss":0,"event_name":"SensoryStone","floor":45,"gold_loss":0},{"cards_removed":["Juggernaut"],"damage_healed":0,"gold_gain":0,"player_choice":"Removed Power","damage_taken":0,"max_hp_gain":0,"max_hp_loss":0,"event_name":"Falling","floor":47,"gold_loss":0}],"is_beta":false,"boss_relics":[{"not_picked":["Runic Pyramid","Philosopher\u0027s Stone"],"picked":"Velvet Choker"},{"not_picked":["Runic Cube","Empty Cage"],"picked":"Busted Crown"}],"items_purged_floors":[4,19,30],"is_endless":false,"potions_floor_spawned":[1,2,12,14,22,25,28,29,33,35,39,41,48],"ascension_level":0}