{"gold_per_floor":[114,114,130,148,162,162,197,212,265,278,289,306,306,333,333,410,410,429,440,458,373,373,373,373],"floor_reached":24,"playtime":1114,"items_purged":[],"score":371,"play_id":"4eba5db8-ff55-4ceb-966f-9225d2f38ac2","local_time":"20190807020749","is_ascension_mode":true,"campfire_choices":[{"data":"Zap","floor":6,"key":"SMITH"},{"floor":13,"key":"REST"},{"floor":15,"key":"REST"},{"data":"Dualcast","floor":23,"key":"SMITH"}],"neow_cost":"NONE","seed_source_timestamp":471787478742602,"circlet_count":0,"master_deck":["AscendersBane","Strike_B","Strike_B","Strike_B","Strike_B","Defend_B","Defend_B","Defend_B","Defend_B","Zap+1","Dualcast+1","Loop","Rip and Tear","Static Discharge","Gash","Coolheaded","Hologram","Cold Snap","Reinforced Body","All For One","BootSequence"],"relics":["Cracked Core","NeowsBlessing","Mercury Hourglass","DataDisk","Sundial","Eternal Feather","Centennial Puzzle","Dodecahedron"],"potions_floor_usage":[24],"damage_taken":[{"damage":0,"enemies":"Cultist","floor":1,"turns":1},{"damage":0,"enemies":"Small Slimes","floor":3,"turns":1},{"damage":0,"enemies":"Jaw Worm","floor":4,"turns":1},{"damage":8,"enemies":"Red Slaver","floor":5,"turns":4},{"damage":28,"enemies":"Gremlin Nob","floor":7,"turns":4},{"damage":6,"enemies":"Blue Slaver","floor":8,"turns":3},{"damage":0,"enemies":"2 Fungi Beasts","floor":10,"turns":2},{"damage":3,"enemies":"3 Louse","floor":11,"turns":2},{"damage":0,"enemies":"Large Slime","floor":12,"turns":3},{"damage":14,"enemies":"Lagavulin","floor":14,"turns":5},{"damage":4,"enemies":"The Guardian","floor":16,"turns":12},{"damage":34,"enemies":"2 Thieves","floor":18,"turns":4},{"damage":2,"enemies":"Chosen","floor":19,"turns":3},{"damage":20,"enemies":"Shelled Parasite and Fungi","floor":20,"turns":6},{"damage":26,"enemies":"Gremlin Leader","floor":24,"turns":5}],"seed_played":"-649306572936873459","potions_obtained":[{"floor":2,"key":"FairyPotion"},{"floor":2,"key":"Ancient Potion"},{"floor":11,"key":"Block Potion"}],"is_trial":false,"path_per_floor":["M","?","M","M","M","R","E","M","T","M","M","M","R","E","R","B",null,"M","M","M","?","?","R","E"],"character_chosen":"DEFECT","items_purchased":[],"campfire_rested":2,"item_purchase_floors":[],"current_hp_per_floor":[64,64,64,64,56,56,28,22,22,22,19,19,40,26,47,43,64,30,28,8,8,8,20,0],"gold":373,"neow_bonus":"THREE_ENEMY_KILL","is_prod":false,"is_daily":false,"chose_seed":false,"campfire_upgraded":2,"win_rate":0,"timestamp":1565111269,"path_taken":["M","?","?","M","M","R","E","M","T","M","M","M","R","E","R","BOSS","M","M","?","?","?","R","E"],"build_version":"2019-07-17","purchased_purges":0,"victory":false,"max_hp_per_floor":[71,71,71,71,71,71,71,71,71,71,71,71,71,71,71,71,71,71,71,71,71,71,71,71],"card_choices":[{"not_picked":["Ball Lightning","Melter","Stack"],"picked":"SKIP","floor":1},{"not_picked":["Compile Driver","Rebound","Redo"],"picked":"SKIP","floor":3},{"not_picked":["Redo","Melter"],"picked":"Loop","floor":4},{"not_picked":["Leap","Rainbow"],"picked":"Rip and Tear","floor":5},{"not_picked":["Melter","Blizzard"],"picked":"Static Discharge","floor":7},{"not_picked":["Streamline","Force Field"],"picked":"Gash","floor":8},{"not_picked":["Genetic Algorithm","Barrage"],"picked":"Coolheaded","floor":10},{"not_picked":["Heatsinks","Compile Driver"],"picked":"Hologram","floor":11},{"not_picked":["Compile Driver","Steam"],"picked":"Cold Snap","floor":12},{"not_picked":["Conserve Battery","Go for the Eyes"],"picked":"Reinforced Body","floor":14},{"not_picked":["Echo Form","Meteor Strike"],"picked":"All For One","floor":16},{"not_picked":["Hologram","Sweeping Beam"],"picked":"BootSequence","floor":18},{"not_picked":["Ball Lightning","Lockon","Leap"],"picked":"SKIP","floor":19},{"not_picked":["Steam","Force Field","Hologram"],"picked":"SKIP","floor":20}],"player_experience":454916,"relics_obtained":[{"floor":7,"key":"Mercury Hourglass"},{"floor":9,"key":"DataDisk"},{"floor":14,"key":"Sundial"}],"event_choices":[{"damage_healed":0,"gold_gain":0,"player_choice":"Got Potions","damage_taken":0,"max_hp_gain":0,"max_hp_loss":0,"event_name":"Lab","floor":2,"gold_loss":0},{"damage_healed":0,"gold_gain":0,"player_choice":"Obtained Relic","damage_taken":0,"relics_obtained":["Centennial Puzzle"],"max_hp_gain":0,"max_hp_loss":0,"event_name":"Addict","floor":21,"gold_loss":85},{"damage_healed":0,"gold_gain":0,"player_choice":"Gave Potion","damage_taken":0,"relics_obtained":["Dodecahedron"],"max_hp_gain":0,"max_hp_loss":0,"event_name":"WeMeetAgain","floor":22,"gold_loss":0}],"is_beta":false,"boss_relics":[{"not_picked":["Nuclear Battery","Calling Bell"],"picked":"Eternal Feather"}],"items_purged_floors":[],"is_endless":false,"potions_floor_spawned":[3,4,11,16,18],"killed_by":"Gremlin Leader","ascension_level":15}