{"gold_per_floor":[117,292,304,5,5,36,36,65,112,112,132,148,148,163,163,264,264,280,280,297,297,310,310,342,342,366,400,499,517,517,531,531,531],"floor_reached":33,"playtime":3350,"items_purged":["Doubt"],"score":413,"play_id":"41f0ea43-e0d9-412c-8c9c-c06d71fbd92a","local_time":"20190801052018","is_ascension_mode":true,"campfire_choices":[{"floor":10,"key":"REST"},{"floor":15,"key":"REST"},{"floor":23,"key":"REST"},{"data":"Burst","floor":25,"key":"SMITH"},{"data":"Calculated Gamble","floor":30,"key":"SMITH"},{"data":"Sucker Punch","floor":32,"key":"SMITH"}],"neow_cost":"NONE","seed_source_timestamp":490101734425835,"circlet_count":0,"master_deck":["Strike_G","Strike_G+1","Strike_G+1","Defend_G","Defend_G","Defend_G","Defend_G","Defend_G","Survivor","Neutralize","Dagger Spray","Poisoned Stab","Caltrops","PiercingWail","Malaise","Blade Dance","Sucker Punch+1","Riddle With Holes","Backflip","Burst+1","Quick Slash+1","Trip","Swift Strike","Terror","PiercingWail+1","Calculated Gamble+1","Dagger Throw","Blade Dance+1","Flying Knee"],"relics":["Ring of the Snake","Bag of Marbles","Membership Card","Happy Flower","Ornamental Fan","Centennial Puzzle","Eternal Feather","MutagenicStrength","Ninja Scroll","Omamori","Pear"],"potions_floor_usage":[6,8,16,18,22,27,33],"damage_taken":[{"damage":1,"enemies":"Jaw Worm","floor":1,"turns":8},{"damage":0,"enemies":"2 Louse","floor":3,"turns":1},{"damage":30,"enemies":"Gremlin Nob","floor":6,"turns":4},{"damage":13,"enemies":"3 Sentries","floor":8,"turns":9},{"damage":0,"enemies":"Cultist","floor":11,"turns":3},{"damage":3,"enemies":"3 Louse","floor":12,"turns":3},{"damage":0,"enemies":"Looter","floor":14,"turns":2},{"damage":5,"enemies":"The Guardian","floor":16,"turns":10},{"damage":14,"enemies":"2 Thieves","floor":18,"turns":4},{"damage":8,"enemies":"3 Byrds","floor":20,"turns":3},{"damage":26,"enemies":"Shelled Parasite and Fungi","floor":22,"turns":8},{"damage":24,"enemies":"Gremlin Leader","floor":24,"turns":11},{"damage":6,"enemies":"Slavers","floor":27,"turns":5},{"damage":2,"enemies":"Centurion and Healer","floor":29,"turns":4},{"damage":2,"enemies":"Sentry and Sphere","floor":31,"turns":4},{"damage":70,"enemies":"Champ","floor":33,"turns":13}],"seed_played":"-4560814505008371502","potions_obtained":[{"floor":1,"key":"Energy Potion"},{"floor":8,"key":"PowerPotion"},{"floor":11,"key":"FearPotion"},{"floor":12,"key":"FairyPotion"},{"floor":22,"key":"Ancient Potion"},{"floor":27,"key":"Explosive Potion"}],"is_trial":false,"path_per_floor":["M","?","M","$","?","E","?","E","T","R","M","M","?","M","R","B",null,"M","?","M","?","M","R","E","R","T","E","?","M","R","M","R","B"],"character_chosen":"THE_SILENT","items_purchased":["Membership Card","Caltrops","Dexterity Potion"],"campfire_rested":3,"item_purchase_floors":[4,4,4],"current_hp_per_floor":[62,62,62,62,48,18,18,5,5,26,26,23,23,23,44,39,62,48,20,12,12,6,42,18,33,33,37,37,35,50,48,63,0],"gold":531,"neow_bonus":"RANDOM_COMMON_RELIC","is_prod":false,"is_daily":false,"chose_seed":false,"campfire_upgraded":3,"win_rate":0,"timestamp":1564651218,"path_taken":["M","?","M","$","?","E","?","E","T","R","M","?","?","M","R","BOSS","M","?","?","?","M","R","E","R","T","E","?","M","R","M","R","BOSS"],"build_version":"2019-07-17","purchased_purges":1,"victory":false,"max_hp_per_floor":[70,70,70,70,70,70,70,70,70,70,70,70,70,70,70,70,70,70,70,70,70,70,70,70,70,70,80,80,80,80,80,80,80],"card_choices":[{"not_picked":["Escape Plan","Bane"],"picked":"Dagger Spray","floor":1},{"not_picked":["Deflect","Underhanded Strike"],"picked":"Poisoned Stab","floor":3},{"not_picked":["Blur","Predator"],"picked":"PiercingWail","floor":6},{"not_picked":["Poisoned Stab","All Out Attack"],"picked":"Malaise","floor":8},{"not_picked":["Slice","Prepared"],"picked":"Blade Dance","floor":11},{"not_picked":["Slice","Endless Agony"],"picked":"Sucker Punch","floor":12},{"not_picked":["Predator","Flying Knee"],"picked":"Backflip","floor":14},{"not_picked":["Unload","Phantasmal Killer"],"picked":"Burst","floor":16},{"not_picked":["Prepared+1","Blade Dance"],"picked":"Quick Slash+1","floor":18},{"not_picked":["Distraction","Deadly Poison"],"picked":"Terror","floor":20},{"not_picked":["Underhanded Strike","Deflect"],"picked":"PiercingWail+1","floor":22},{"not_picked":["Night Terror","Setup"],"picked":"Calculated Gamble","floor":24},{"not_picked":["Quick Slash","Skewer"],"picked":"Dagger Throw","floor":27},{"not_picked":["Flying Knee+1","PiercingWail+1"],"picked":"Blade Dance+1","floor":29},{"not_picked":["Dagger Throw","Acrobatics"],"picked":"Flying Knee","floor":31}],"player_experience":371933,"relics_obtained":[{"floor":6,"key":"Happy Flower"},{"floor":8,"key":"Ornamental Fan"},{"floor":9,"key":"Centennial Puzzle"},{"floor":24,"key":"Ninja Scroll"},{"floor":26,"key":"Omamori"},{"floor":27,"key":"Pear"}],"event_choices":[{"damage_healed":0,"gold_gain":175,"player_choice":"AGREE","damage_taken":0,"max_hp_gain":0,"max_hp_loss":0,"event_name":"Liars Game","floor":2,"gold_loss":0,"cards_obtained":["Doubt"]},{"damage_healed":0,"gold_gain":0,"player_choice":"Entered Light","damage_taken":14,"max_hp_gain":0,"max_hp_loss":0,"event_name":"Shining Light","floor":5,"gold_loss":0,"cards_upgraded":["Strike_G","Strike_G"]},{"cards_removed":["Strike_G"],"damage_healed":0,"gold_gain":0,"player_choice":"Purged","damage_taken":0,"max_hp_gain":0,"max_hp_loss":0,"event_name":"Purifier","floor":7,"gold_loss":0},{"damage_healed":0,"gold_gain":0,"cards_transformed":["Strike_G"],"player_choice":"Change","damage_taken":0,"max_hp_gain":0,"max_hp_loss":0,"event_name":"Living Wall","floor":13,"gold_loss":0,"cards_obtained":["Riddle With Holes"]},{"damage_healed":0,"gold_gain":0,"player_choice":"POTION CARD CARD ","damage_taken":28,"max_hp_gain":0,"max_hp_loss":0,"event_name":"Knowing Skull","floor":19,"potions_obtained":["Dexterity Potion"],"gold_loss":0,"cards_obtained":["Trip","Swift Strike"]},{"damage_healed":0,"gold_gain":0,"player_choice":"Inject Mutagens","damage_taken":0,"relics_obtained":["MutagenicStrength"],"max_hp_gain":0,"max_hp_loss":0,"event_name":"Drug Dealer","floor":21,"gold_loss":0},{"damage_healed":0,"gold_gain":99,"player_choice":"Stole From Cult","damage_taken":0,"max_hp_gain":0,"max_hp_loss":0,"event_name":"Nest","floor":28,"gold_loss":0}],"is_beta":false,"boss_relics":[{"not_picked":["Orrery","White Beast Statue"],"picked":"Eternal Feather"}],"items_purged_floors":[4],"is_endless":false,"potions_floor_spawned":[1,8,11,12,22,27],"killed_by":"Champ","ascension_level":8}