{"gold_per_floor":[116,41,116,116,116,116,128,128,155,172,172,182,209,209,209,209],"floor_reached":16,"playtime":431,"items_purged":["Strike_B"],"score":181,"play_id":"19abe932-8891-4c91-9781-7d9f5fc50c32","local_time":"20190820195110","is_ascension_mode":true,"campfire_choices":[{"data":"Zap","floor":6,"key":"SMITH"},{"data":"Dualcast","floor":8,"key":"SMITH"},{"data":"Conserve Battery","floor":11,"key":"SMITH"},{"floor":15,"key":"REST"}],"neow_cost":"NONE","seed_source_timestamp":1659401712536131,"circlet_count":0,"master_deck":["AscendersBane","Strike_B","Strike_B","Strike_B","Defend_B","Defend_B","Defend_B","Defend_B","Zap+1","Dualcast+1","FTL","Consume+1","Conserve Battery+1","Capacitor","Barrage+1"],"relics":["Cracked Core","NeowsBlessing","Boot","Art of War"],"potions_floor_usage":[13,16,16],"damage_taken":[{"damage":0,"enemies":"Jaw Worm","floor":1,"turns":1},{"damage":0,"enemies":"2 Louse","floor":7,"turns":1},{"damage":0,"enemies":"Cultist","floor":10,"turns":1},{"damage":2,"enemies":"2 Fungi Beasts","floor":12,"turns":3},{"damage":25,"enemies":"3 Sentries","floor":13,"turns":8},{"damage":32,"enemies":"The Guardian","floor":16,"turns":5}],"seed_played":"3249341281570671078","potions_obtained":[{"floor":1,"key":"Strength Potion"},{"floor":5,"key":"Explosive Potion"},{"floor":13,"key":"LiquidBronze"}],"is_trial":false,"path_per_floor":["M","$","?","?","?","R","M","R","T","M","R","M","E","?","R","B"],"character_chosen":"DEFECT","items_purchased":[],"campfire_rested":1,"item_purchase_floors":[],"current_hp_per_floor":[64,64,53,53,53,53,53,53,53,53,53,51,26,5,26,0],"gold":209,"neow_bonus":"THREE_ENEMY_KILL","is_prod":false,"is_daily":false,"chose_seed":false,"campfire_upgraded":3,"win_rate":0,"timestamp":1566298270,"path_taken":["M","$","?","?","?","R","?","R","T","M","R","M","E","?","R","BOSS"],"build_version":"2019-07-17","purchased_purges":1,"victory":false,"max_hp_per_floor":[71,71,71,71,71,71,71,71,71,71,71,71,71,71,71,71],"card_choices":[{"not_picked":["Sweeping Beam","Stack"],"picked":"FTL","floor":1},{"not_picked":["Static Discharge","Aggregate"],"picked":"Consume","floor":7},{"not_picked":["Stack","Beam Cell"],"picked":"Conserve Battery","floor":10},{"not_picked":["Hologram","Barrage"],"picked":"Capacitor","floor":12},{"not_picked":["Skim","Go for the Eyes"],"picked":"Barrage","floor":13}],"player_experience":514964,"relics_obtained":[{"floor":9,"key":"Boot"},{"floor":13,"key":"Art of War"}],"event_choices":[{"damage_healed":0,"gold_gain":75,"player_choice":"Gather Gold","damage_taken":11,"max_hp_gain":0,"max_hp_loss":0,"event_name":"World of Goop","floor":3,"gold_loss":0},{"damage_healed":0,"gold_gain":0,"player_choice":"Ignored","damage_taken":0,"max_hp_gain":0,"max_hp_loss":0,"event_name":"Liars Game","floor":4,"gold_loss":0},{"damage_healed":0,"gold_gain":0,"player_choice":"Got Potions","damage_taken":0,"max_hp_gain":0,"max_hp_loss":0,"event_name":"Lab","floor":5,"gold_loss":0},{"damage_healed":0,"gold_gain":0,"player_choice":"Entered Light","damage_taken":21,"max_hp_gain":0,"max_hp_loss":0,"event_name":"Shining Light","floor":14,"gold_loss":0,"cards_upgraded":["Barrage","Consume"]}],"is_beta":false,"boss_relics":[],"items_purged_floors":[2],"is_endless":false,"potions_floor_spawned":[1,13],"killed_by":"The Guardian","ascension_level":17}