{"gold_per_floor":[110,110,110,285,310,344,344,419,419,419,459,32,55,76,76,201,201,220,243,267,282,282,307,307,319,394,309,309,5,5,36,36,141,141,155,168,48,66,112,145,145,145,172,172,172,203,203,0,0,0],"floor_reached":51,"playtime":6743,"items_purged":["Doubt","Strike_G"],"score":1139,"play_id":"2532bab6-6b74-48cf-9d17-edcce5dc7c5f","local_time":"20190727002717","is_ascension_mode":true,"campfire_choices":[{"data":"Noxious Fumes","floor":7,"key":"SMITH"},{"floor":10,"key":"REST"},{"data":"Caltrops","floor":15,"key":"SMITH"},{"data":"Neutralize","floor":24,"key":"SMITH"},{"data":"After Image","floor":28,"key":"SMITH"},{"data":"Footwork","floor":32,"key":"SMITH"},{"data":"Wraith Form v2","floor":41,"key":"SMITH"},{"floor":47,"key":"DIG"},{"floor":49,"key":"DIG"}],"neow_cost":"NONE","seed_source_timestamp":223845831227011,"circlet_count":0,"master_deck":["Strike_G+1","Strike_G+1","Defend_G","Defend_G","Defend_G","Defend_G","Defend_G","Survivor","Neutralize+1","Cloak And Dagger","Flying Knee","Noxious Fumes+1","Dagger Spray","Acrobatics+1","Tactician+1","After Image+1","Caltrops+1","Burst+1","Acrobatics+1","Infinite Blades","Dodge and Roll+1","Blur+1","Deadly Poison+1","Leg Sweep+1","Footwork+1","Catalyst+1","Quick Slash","Venomology+1","Wraith Form v2+1","Terror+1","PiercingWail+1","Catalyst+1","Calculated Gamble+1","Quick Slash+1","Dagger Throw+1","Madness+1","Madness+1","Blur+1","Escape Plan+1","Distraction+1"],"relics":["Ring of the Snake","NeowsBlessing","Bloody Idol","Nunchaku","Bird Faced Urn","Potion Belt","Toxic Egg 2","Coffee Dripper","Matryoshka","Orichalcum","Letter Opener","Pantograph","Enchiridion","Boot","Black Star","Shovel","Unceasing Top","Blue Candle","Omamori","Centennial Puzzle","Bottled Flame","StoneCalendar","Whetstone","Bottled Tornado","Ice Cream"],"potions_floor_usage":[11,16,20,21,23,31,33,38,39,39,40,50,50,50,50,50],"damage_taken":[{"damage":0,"enemies":"Cultist","floor":1,"turns":1},{"damage":0,"enemies":"Jaw Worm","floor":5,"turns":1},{"damage":0,"enemies":"3 Sentries","floor":6,"turns":1},{"damage":17,"enemies":"Lagavulin","floor":11,"turns":7},{"damage":0,"enemies":"Small Slimes","floor":13,"turns":3},{"damage":0,"enemies":"Exordium Wildlife","floor":14,"turns":3},{"damage":27,"enemies":"The Guardian","floor":16,"turns":10},{"damage":0,"enemies":"Shell Parasite","floor":18,"turns":5},{"damage":7,"enemies":"2 Thieves","floor":19,"turns":4},{"damage":3,"enemies":"3 Cultists","floor":20,"turns":5},{"damage":7,"enemies":"Cultist and Chosen","floor":21,"turns":7},{"damage":37,"enemies":"Book of Stabbing","floor":23,"turns":7},{"damage":12,"enemies":"Centurion and Healer","floor":25,"turns":8},{"damage":21,"enemies":"Slavers","floor":31,"turns":5},{"damage":20,"enemies":"Collector","floor":33,"turns":9},{"damage":4,"enemies":"3 Shapes","floor":35,"turns":6},{"damage":0,"enemies":"Orb Walker","floor":36,"turns":4},{"damage":0,"enemies":"3 Darklings","floor":38,"turns":5},{"damage":5,"enemies":"2 Orb Walkers","floor":39,"turns":5},{"damage":15,"enemies":"Reptomancer","floor":40,"turns":6},{"damage":5,"enemies":"Giant Head","floor":46,"turns":6},{"damage":0,"enemies":"Awakened One","floor":50,"turns":12}],"seed_played":"1339530816630509661","potions_obtained":[{"floor":1,"key":"AttackPotion"},{"floor":11,"key":"Dexterity Potion"},{"floor":13,"key":"FearPotion"},{"floor":18,"key":"EssenceOfSteel"},{"floor":19,"key":"Dexterity Potion"},{"floor":20,"key":"AttackPotion"},{"floor":25,"key":"SpeedPotion"},{"floor":31,"key":"Dexterity Potion"},{"floor":40,"key":"Explosive Potion"}],"is_trial":false,"path_per_floor":["M","?","?","?","M","E","R","?","T","R","E","$","M","M","R","B",null,"M","M","M","M","?","E","R","M","T","?","R","$","?","E","R","B",null,"M","M","$","M","?","E","R","?","T","?","T","E","R","$","R","B",null],"character_chosen":"THE_SILENT","items_purchased":["Toxic Egg 2","Acrobatics+1","Tactician+1","Footwork","Catalyst+1","Quick Slash","PiercingWail+1","Catalyst+1","SpeedPotion","Escape Plan+1","Distraction+1"],"campfire_rested":1,"item_purchase_floors":[12,12,12,29,29,29,37,37,48,48,48],"current_hp_per_floor":[63,56,39,39,39,39,39,28,28,49,34,34,36,40,40,19,57,63,62,67,63,63,39,39,40,45,45,45,45,29,25,25,47,64,70,70,70,70,70,62,62,53,58,58,58,70,70,70,70,70],"gold":0,"neow_bonus":"THREE_ENEMY_KILL","is_prod":false,"is_daily":false,"chose_seed":false,"campfire_upgraded":6,"win_rate":0,"timestamp":1564201637,"path_taken":["M","?","?","?","?","E","R","?","T","R","E","$","M","M","R","BOSS","M","M","M","M","?","E","R","M","T","?","R","$","?","E","R","BOSS","M","M","$","M","?","E","R","?","T","?","?","E","R","?","R","BOSS"],"build_version":"2019-07-17","purchased_purges":2,"victory":true,"max_hp_per_floor":[70,70,70,70,70,70,70,70,70,70,70,70,70,70,70,70,70,70,70,70,70,70,70,70,70,70,70,70,70,70,70,70,70,70,70,70,70,70,70,70,70,70,70,70,70,70,70,70,70,70],"card_choices":[{"not_picked":["Predator","Blade Dance"],"picked":"Cloak And Dagger","floor":1},{"not_picked":["Backflip","Accuracy"],"picked":"Flying Knee","floor":5},{"not_picked":["Underhanded Strike","Dagger Throw"],"picked":"Noxious Fumes","floor":6},{"not_picked":["Sucker Punch","Bane"],"picked":"Dagger Spray","floor":11},{"not_picked":["Acrobatics+1","PiercingWail+1"],"picked":"After Image","floor":13},{"not_picked":["Finisher","Blade Dance+1"],"picked":"Caltrops","floor":14},{"not_picked":["Phantasmal Killer+1","Grand Finale"],"picked":"Burst+1","floor":16},{"not_picked":["Deadly Poison+1","Slice"],"picked":"Acrobatics+1","floor":18},{"not_picked":["Sucker Punch","Riddle With Holes+1"],"picked":"Infinite Blades","floor":19},{"not_picked":["PiercingWail+1","Underhanded Strike"],"picked":"Dodge and Roll+1","floor":20},{"not_picked":["Setup+1","All Out Attack+1"],"picked":"Blur+1","floor":21},{"not_picked":["Deflect+1","Unload"],"picked":"Deadly Poison+1","floor":23},{"not_picked":["Predator","Expertise+1"],"picked":"Leg Sweep+1","floor":25},{"not_picked":["Heel Hook","Quick Slash"],"picked":"Venomology+1","floor":31},{"not_picked":["Corpse Explosion+1","Venomology+1"],"picked":"Wraith Form v2","floor":33},{"not_picked":["Dagger Spray","Masterful Stab","Eviscerate+1"],"picked":"SKIP","floor":35},{"not_picked":["Heel Hook+1","Prepared+1"],"picked":"Terror+1","floor":36},{"not_picked":["Endless Agony","Slice+1"],"picked":"Calculated Gamble+1","floor":38},{"not_picked":["Dodge and Roll+1","Sucker Punch+1"],"picked":"Quick Slash+1","floor":39},{"not_picked":["Endless Agony","Bouncing Flask+1"],"picked":"Dagger Throw+1","floor":40},{"not_picked":["After Image","Grand Finale"],"picked":"Blur+1","floor":46}],"player_experience":337569,"relics_obtained":[{"floor":6,"key":"Nunchaku"},{"floor":9,"key":"Bird Faced Urn"},{"floor":11,"key":"Potion Belt"},{"floor":23,"key":"Matryoshka"},{"floor":26,"key":"Orichalcum"},{"floor":26,"key":"Letter Opener"},{"floor":30,"key":"Enchiridion"},{"floor":31,"key":"Boot"},{"floor":39,"key":"Shovel"},{"floor":40,"key":"Unceasing Top"},{"floor":40,"key":"Blue Candle"},{"floor":43,"key":"Omamori"},{"floor":43,"key":"Centennial Puzzle"},{"floor":45,"key":"Bottled Flame"},{"floor":46,"key":"StoneCalendar"},{"floor":46,"key":"Whetstone"},{"floor":47,"key":"Bottled Tornado"},{"floor":49,"key":"Ice Cream"}],"event_choices":[{"cards_removed":["Strike_G"],"damage_healed":0,"gold_gain":0,"player_choice":"Card Removal","damage_taken":7,"max_hp_gain":0,"max_hp_loss":0,"event_name":"Golden Wing","floor":2,"gold_loss":0},{"damage_healed":0,"gold_gain":0,"player_choice":"Take Damage","damage_taken":17,"relics_obtained":["Golden Idol"],"max_hp_gain":0,"max_hp_loss":0,"event_name":"Golden Idol","floor":3,"gold_loss":0},{"damage_healed":0,"gold_gain":175,"player_choice":"AGREE","damage_taken":0,"max_hp_gain":0,"max_hp_loss":0,"event_name":"Liars Game","floor":4,"gold_loss":0,"cards_obtained":["Doubt"]},{"damage_healed":0,"gold_gain":75,"player_choice":"Gather Gold","damage_taken":11,"max_hp_gain":0,"max_hp_loss":0,"event_name":"World of Goop","floor":8,"gold_loss":0},{"damage_healed":0,"gold_gain":0,"player_choice":"Gave Idol","damage_taken":0,"relics_obtained":["Bloody Idol"],"max_hp_gain":0,"max_hp_loss":0,"event_name":"Forgotten Altar","floor":22,"relics_lost":["Golden Idol"],"gold_loss":0},{"damage_healed":0,"gold_gain":0,"player_choice":"Obtained Relic","damage_taken":0,"relics_obtained":["Pantograph"],"max_hp_gain":0,"max_hp_loss":0,"event_name":"Addict","floor":27,"gold_loss":85},{"damage_healed":0,"gold_gain":0,"player_choice":"Obtained Book","damage_taken":16,"max_hp_gain":0,"max_hp_loss":0,"event_name":"Cursed Tome","floor":30,"gold_loss":0},{"damage_healed":0,"gold_gain":0,"player_choice":"Fight","damage_taken":0,"max_hp_gain":0,"max_hp_loss":0,"event_name":"Mysterious Sphere","floor":39,"gold_loss":0},{"damage_healed":0,"gold_gain":0,"player_choice":"Embrace Madness","damage_taken":9,"max_hp_gain":0,"max_hp_loss":0,"event_name":"Winding Halls","floor":42,"gold_loss":0,"cards_obtained":["Madness","Madness"]},{"cards_removed":["Strike_G"],"damage_healed":0,"gold_gain":0,"player_choice":"Removed Attack","damage_taken":0,"max_hp_gain":0,"max_hp_loss":0,"event_name":"Falling","floor":44,"gold_loss":0}],"is_beta":false,"boss_relics":[{"not_picked":["Velvet Choker","HoveringKite"],"picked":"Coffee Dripper"},{"not_picked":["Orrery","Cursed Key"],"picked":"Black Star"}],"items_purged_floors":[12,29],"is_endless":false,"potions_floor_spawned":[1,11,13,18,19,20,25,31,40],"ascension_level":6}