{"gold_per_floor":[114,39,39,39,54,95,107,119,156,182,194,206,218,254,266,278],"floor_reached":16,"playtime":439,"items_purged":["Strike_B"],"score":228,"play_id":"503b86a2-3cb6-4874-b27a-8dd193ba752e","local_time":"20190820200300","is_ascension_mode":true,"campfire_choices":[{"data":"Zap","floor":7,"key":"SMITH"},{"data":"Dualcast","floor":11,"key":"SMITH"},{"data":"Ball Lightning","floor":13,"key":"SMITH"},{"floor":15,"key":"REST"}],"neow_cost":"NONE","seed_source_timestamp":1660103838518649,"circlet_count":0,"master_deck":["AscendersBane","Strike_B","Strike_B","Defend_B","Defend_B","Defend_B","Defend_B","Zap+1","Dualcast+1","Ball Lightning+1","Coolheaded","Self Repair","Decay","Hologram"],"relics":["Cracked Core","NeowsBlessing","Golden Idol","MawBank","Art of War"],"potions_floor_usage":[],"damage_taken":[{"damage":0,"enemies":"Small Slimes","floor":1,"turns":1},{"damage":0,"enemies":"Cultist","floor":5,"turns":1},{"damage":0,"enemies":"Gremlin Nob","floor":6,"turns":1},{"damage":9,"enemies":"Jaw Worm","floor":10,"turns":3},{"damage":27,"enemies":"Exordium Thugs","floor":14,"turns":5},{"damage":39,"enemies":"Hexaghost","floor":16,"turns":9}],"seed_played":"-6907917421702912510","potions_obtained":[],"is_trial":false,"path_per_floor":["M","$","?","?","M","E","R","?","T","M","R","$","R","M","R","B"],"character_chosen":"DEFECT","items_purchased":[],"campfire_rested":1,"item_purchase_floors":[],"current_hp_per_floor":[64,64,40,40,40,40,40,40,40,38,38,38,38,18,39,0],"gold":278,"neow_bonus":"THREE_ENEMY_KILL","is_prod":false,"is_daily":false,"chose_seed":false,"campfire_upgraded":3,"win_rate":0,"timestamp":1566298980,"path_taken":["M","$","?","?","?","E","R","?","T","M","R","$","R","M","R","BOSS"],"build_version":"2019-07-17","purchased_purges":1,"victory":false,"max_hp_per_floor":[71,71,71,71,71,71,71,71,71,71,71,71,71,71,71,71],"card_choices":[{"not_picked":["Beam Cell","Go for the Eyes"],"picked":"Ball Lightning","floor":1},{"not_picked":["Recycle","Barrage"],"picked":"Coolheaded","floor":5},{"not_picked":["Cold Snap","Auto Shields"],"picked":"Self Repair","floor":6},{"not_picked":["Compile Driver","Beam Cell","Redo"],"picked":"SKIP","floor":10},{"not_picked":["Go for the Eyes","Stack"],"picked":"Hologram","floor":14}],"player_experience":515632,"relics_obtained":[{"floor":6,"key":"MawBank"},{"floor":9,"key":"Art of War"}],"event_choices":[{"damage_healed":0,"gold_gain":0,"player_choice":"Take Damage","damage_taken":24,"relics_obtained":["Golden Idol"],"max_hp_gain":0,"max_hp_loss":0,"event_name":"Golden Idol","floor":3,"gold_loss":0},{"cards_removed":["Strike_B"],"damage_healed":0,"gold_gain":0,"player_choice":"Purged","damage_taken":0,"max_hp_gain":0,"max_hp_loss":0,"event_name":"Purifier","floor":4,"gold_loss":0},{"damage_healed":0,"gold_gain":0,"player_choice":"Cursed","damage_taken":0,"max_hp_gain":0,"max_hp_loss":0,"event_name":"Wheel of Change","floor":8,"gold_loss":0,"cards_obtained":["Decay"]}],"is_beta":false,"boss_relics":[],"items_purged_floors":[2],"is_endless":false,"potions_floor_spawned":[],"killed_by":"Hexaghost","ascension_level":17}