{"gold_per_floor":[112,112,131,56,73,73,87,87,113,129,129,142,173,192,192,294,294,313,347,193,165,165,198,198,198,272,272,290,290,290,302,302,403,403,422,422],"floor_reached":36,"playtime":4474,"items_purged":["Strike_B","Defend_B"],"score":610,"play_id":"a0ff8a44-f72f-4cf8-a285-cadce7c6ff2c","local_time":"20190714110210","is_ascension_mode":true,"campfire_choices":[{"data":"Zap","floor":6,"key":"SMITH"},{"data":"Dualcast","floor":11,"key":"SMITH"},{"data":"Hologram","floor":15,"key":"SMITH"},{"data":"Reinforced Body","floor":24,"key":"SMITH"},{"data":"Conserve Battery","floor":27,"key":"SMITH"},{"data":"Capacitor","floor":30,"key":"SMITH"},{"data":"Coolheaded","floor":32,"key":"SMITH"}],"neow_cost":"NONE","seed_source_timestamp":639747015533161,"circlet_count":0,"master_deck":["Strike_B+1","Strike_B","Defend_B","Defend_B","Zap+1","Dualcast+1","Reinforced Body+1","All For One+1","Static Discharge","Hologram+1","Chill","Coolheaded+1","Capacitor+1","Conserve Battery+1","BootSequence","Self Repair","Core Surge","FTL","Steam","Biased Cognition"],"relics":["Cracked Core","Potion Belt","Whetstone","Philosopher\u0027s Stone","Red Mask","Meat on the Bone","Strawberry","Ornamental Fan","Eternal Feather"],"potions_floor_usage":[19,19,23,29,33,36],"damage_taken":[{"damage":2,"enemies":"2 Louse","floor":1,"turns":2},{"damage":4,"enemies":"Cultist","floor":3,"turns":4},{"damage":0,"enemies":"Jaw Worm","floor":5,"turns":3},{"damage":1,"enemies":"Lots of Slimes","floor":7,"turns":7},{"damage":7,"enemies":"3 Louse","floor":10,"turns":3},{"damage":4,"enemies":"Exordium Thugs","floor":12,"turns":5},{"damage":6,"enemies":"3 Sentries","floor":13,"turns":9},{"damage":0,"enemies":"Blue Slaver","floor":14,"turns":4},{"damage":0,"enemies":"The Guardian","floor":16,"turns":11},{"damage":6,"enemies":"Shell Parasite","floor":18,"turns":7},{"damage":54,"enemies":"Masked Bandits","floor":19,"turns":6},{"damage":3,"enemies":"2 Thieves","floor":21,"turns":5},{"damage":34,"enemies":"Book of Stabbing","floor":23,"turns":5},{"damage":0,"enemies":"Shelled Parasite and Fungi","floor":28,"turns":6},{"damage":1,"enemies":"Cultist and Chosen","floor":29,"turns":4},{"damage":11,"enemies":"Snake Plant","floor":31,"turns":6},{"damage":45,"enemies":"Champ","floor":33,"turns":16},{"damage":21,"enemies":"3 Shapes","floor":35,"turns":5},{"damage":84,"enemies":"2 Orb Walkers","floor":36,"turns":6}],"seed_played":"7330670701018573118","potions_obtained":[{"floor":1,"key":"PowerPotion"},{"floor":3,"key":"SpeedPotion"},{"floor":7,"key":"Regen Potion"},{"floor":13,"key":"SmokeBomb"},{"floor":19,"key":"FairyPotion"},{"floor":31,"key":"PowerPotion"},{"floor":33,"key":"Weak Potion"}],"is_trial":false,"path_per_floor":["M","?","M","$","M","R","M","?","T","M","R","M","E","M","R","B",null,"M","?","$","M","T","E","R","?","T","R","M","M","R","M","R","B",null,"M","?"],"character_chosen":"DEFECT","items_purchased":["Steam"],"campfire_rested":0,"item_purchase_floors":[20],"current_hp_per_floor":[66,66,62,62,62,62,61,61,61,54,54,50,44,44,44,51,69,70,23,23,27,27,31,31,31,31,31,50,56,56,52,52,26,68,54,0],"gold":422,"neow_bonus":"REMOVE_CARD","is_prod":false,"is_daily":false,"chose_seed":false,"campfire_upgraded":7,"win_rate":0,"timestamp":1563069730,"path_taken":["M","?","?","$","M","R","M","?","T","M","R","M","E","?","R","BOSS","M","?","$","M","?","E","R","?","T","R","M","M","R","M","R","BOSS","M","?"],"build_version":"2019-07-05","purchased_purges":2,"victory":false,"max_hp_per_floor":[75,75,75,75,75,75,75,75,75,75,75,75,75,75,75,75,75,75,75,75,75,75,82,82,82,82,82,82,82,82,82,82,82,82,82,82],"card_choices":[{"not_picked":["Force Field","Hologram"],"picked":"Reinforced Body","floor":1},{"not_picked":["Cold Snap","Doom and Gloom"],"picked":"Hologram","floor":3},{"not_picked":["Aggregate","Genetic Algorithm"],"picked":"Chill","floor":5},{"not_picked":["White Noise","Redo"],"picked":"Coolheaded","floor":7},{"not_picked":["Stack","Turbo"],"picked":"Capacitor","floor":10},{"not_picked":["Scrape","Rip and Tear"],"picked":"Conserve Battery","floor":12},{"not_picked":["Darkness","Conserve Battery"],"picked":"BootSequence","floor":13},{"not_picked":["Coolheaded","Melter"],"picked":"Self Repair","floor":14},{"not_picked":["Hyperbeam","Electrodynamics"],"picked":"Core Surge","floor":16},{"not_picked":["Conserve Battery","Beam Cell","Doom and Gloom"],"picked":"SKIP","floor":18},{"not_picked":["Double Energy","Reprogram"],"picked":"FTL","floor":19},{"not_picked":["Stack","Steam","Barrage"],"picked":"SKIP","floor":21},{"not_picked":["Hologram+1","Tempest+1","Double Energy"],"picked":"SKIP","floor":23},{"not_picked":["Beam Cell","Scrape","Heatsinks+1"],"picked":"SKIP","floor":28},{"not_picked":["Beam Cell","Coolheaded","Double Energy"],"picked":"SKIP","floor":31},{"not_picked":["Seek","Fission"],"picked":"Biased Cognition","floor":33},{"not_picked":["Redo","Rebound+1","Heatsinks+1"],"picked":"SKIP","floor":35}],"player_experience":262247,"relics_obtained":[{"floor":9,"key":"Potion Belt"},{"floor":13,"key":"Whetstone"},{"floor":19,"key":"Red Mask"},{"floor":22,"key":"Meat on the Bone"},{"floor":23,"key":"Strawberry"},{"floor":26,"key":"Ornamental Fan"}],"event_choices":[{"damage_healed":0,"gold_gain":0,"player_choice":"2 cards matched","damage_taken":0,"max_hp_gain":0,"max_hp_loss":0,"event_name":"Match and Keep!","floor":2,"gold_loss":0,"cards_obtained":["All For One","Static Discharge"]},{"damage_healed":0,"gold_gain":0,"player_choice":"2 cards matched","damage_taken":0,"max_hp_gain":0,"max_hp_loss":0,"event_name":"Match and Keep!","floor":2,"gold_loss":0,"cards_obtained":["All For One","Static Discharge"]},{"cards_removed":["Defend_B"],"damage_healed":0,"gold_gain":0,"player_choice":"Purged","damage_taken":0,"max_hp_gain":0,"max_hp_loss":0,"event_name":"Purifier","floor":8,"gold_loss":0},{"damage_healed":0,"gold_gain":0,"player_choice":"Fought Bandits","damage_taken":0,"max_hp_gain":0,"max_hp_loss":0,"event_name":"Masked Bandits","floor":19,"gold_loss":0},{"damage_healed":0,"gold_gain":0,"player_choice":"Ignored","damage_taken":0,"max_hp_gain":0,"max_hp_loss":0,"event_name":"Cursed Tome","floor":25,"gold_loss":0},{"damage_healed":0,"gold_gain":0,"player_choice":"Fight","damage_taken":0,"max_hp_gain":0,"max_hp_loss":0,"event_name":"Mysterious Sphere","floor":36,"gold_loss":0}],"is_beta":false,"boss_relics":[{"not_picked":["Pandora\u0027s Box","Lizard Tail"],"picked":"Philosopher\u0027s Stone"},{"not_picked":["Orrery","Black Star"],"picked":"Eternal Feather"}],"items_purged_floors":[4,20],"is_endless":false,"potions_floor_spawned":[1,3,7,13,19,29,31,33],"killed_by":"2 Orb Walkers","ascension_level":8}