{"gold_per_floor":[369,386,403,403,578,578,613,625,625,303,403,430,430,445,445,549,549,560,560,576,576,576],"floor_reached":22,"playtime":1099,"items_purged":["Doubt"],"score":204,"play_id":"aeb3b4f0-dd3f-47ef-96ad-9388e404a7c2","local_time":"20190629235306","is_ascension_mode":true,"campfire_choices":[{"data":"Armaments","floor":6,"key":"SMITH"},{"floor":13,"key":"REST"},{"data":"Heavy Blade","floor":15,"key":"SMITH"}],"neow_cost":"PERCENT_DAMAGE","seed_source_timestamp":35276614403249,"circlet_count":0,"master_deck":["Strike_R","Strike_R","Strike_R","Strike_R","Strike_R","Defend_R","Defend_R","Defend_R","Defend_R","Bash","Cleave","Flex+1","Armaments+1","Demon Form","Heavy Blade+1","Clothesline","Double Tap","Shrug It Off","Clothesline+1","Writhe"],"relics":["Burning Blood","Blood Vial","Regal Pillow","Frozen Egg 2","Bottled Lightning","Mark of Pain","Boot"],"potions_floor_usage":[12,20,20,20],"damage_taken":[{"damage":1,"enemies":"Cultist","floor":1,"turns":4},{"damage":1,"enemies":"2 Louse","floor":2,"turns":3},{"damage":9,"enemies":"Jaw Worm","floor":3,"turns":5},{"damage":27,"enemies":"Gremlin Nob","floor":7,"turns":5},{"damage":8,"enemies":"Red Slaver","floor":8,"turns":4},{"damage":19,"enemies":"3 Sentries","floor":12,"turns":8},{"damage":4,"enemies":"Blue Slaver","floor":14,"turns":4},{"damage":35,"enemies":"Slime Boss","floor":16,"turns":9},{"damage":29,"enemies":"Shell Parasite","floor":18,"turns":6},{"damage":35,"enemies":"Colosseum Slavers","floor":19,"turns":6},{"damage":21,"enemies":"3 Byrds","floor":20,"turns":4},{"damage":22,"enemies":"Cultist and Chosen","floor":22,"turns":4}],"seed_played":"7582600155384918894","potions_obtained":[{"floor":1,"key":"Block Potion"},{"floor":7,"key":"Swift Potion"},{"floor":16,"key":"Dexterity Potion"},{"floor":18,"key":"Energy Potion"}],"is_trial":false,"path_per_floor":["M","M","M","?","?","R","E","M","T","$","?","E","R","M","R","B",null,"M","?","M","?","M"],"character_chosen":"IRONCLAD","items_purchased":["Frozen Egg 2"],"campfire_rested":1,"item_purchase_floors":[10],"current_hp_per_floor":[61,66,63,63,63,63,42,42,42,42,42,31,70,74,74,47,80,57,30,17,17,0],"gold":576,"neow_bonus":"TWO_FIFTY_GOLD","is_prod":false,"is_daily":false,"chose_seed":false,"campfire_upgraded":2,"win_rate":0,"timestamp":1561845186,"path_taken":["M","M","?","?","?","R","E","M","T","$","?","E","R","M","R","BOSS","M","?","M","?","M"],"build_version":"2019-01-23","purchased_purges":1,"victory":false,"max_hp_per_floor":[80,80,80,80,80,80,80,80,80,80,80,80,80,80,80,80,80,80,80,80,80,80],"card_choices":[{"not_picked":["Blood for Blood","Headbutt"],"picked":"Cleave","floor":1},{"not_picked":["Power Through","Wild Strike"],"picked":"Flex","floor":2},{"not_picked":["Warcry","Sentinel"],"picked":"Armaments","floor":3},{"not_picked":["Cleave","Anger"],"picked":"Demon Form","floor":7},{"not_picked":["Reckless Charge","Havoc"],"picked":"Heavy Blade","floor":8},{"not_picked":["Sword Boomerang","Exhume"],"picked":"Clothesline","floor":12},{"not_picked":["Perfected Strike","Clothesline","True Grit"],"picked":"SKIP","floor":14},{"not_picked":["Offering","Dark Embrace+1"],"picked":"Double Tap","floor":16},{"not_picked":["Clothesline+1","Headbutt+1"],"picked":"Shrug It Off","floor":18},{"not_picked":["Battle Trance","Reckless Charge"],"picked":"Clothesline+1","floor":20}],"player_experience":33283,"relics_obtained":[{"floor":7,"key":"Blood Vial"},{"floor":9,"key":"Regal Pillow"},{"floor":12,"key":"Bottled Lightning"}],"event_choices":[{"damage_healed":0,"gold_gain":0,"player_choice":"Grow","damage_taken":0,"max_hp_gain":0,"max_hp_loss":0,"event_name":"Living Wall","floor":4,"gold_loss":0,"cards_upgraded":["Flex"]},{"damage_healed":0,"gold_gain":175,"player_choice":"AGREE","damage_taken":0,"max_hp_gain":0,"max_hp_loss":0,"event_name":"Liars Game","floor":5,"gold_loss":0,"cards_obtained":["Doubt"]},{"damage_healed":0,"gold_gain":100,"player_choice":"Pray","damage_taken":0,"max_hp_gain":0,"max_hp_loss":0,"event_name":"Golden Shrine","floor":11,"gold_loss":0},{"damage_healed":0,"gold_gain":0,"player_choice":"Fight","damage_taken":0,"max_hp_gain":0,"max_hp_loss":0,"event_name":"Colosseum","floor":19,"gold_loss":0},{"damage_healed":0,"gold_gain":0,"player_choice":"Fled From Nobs","damage_taken":0,"max_hp_gain":0,"max_hp_loss":0,"event_name":"Colosseum","floor":19,"gold_loss":0},{"damage_healed":0,"gold_gain":0,"player_choice":"Opened","damage_taken":0,"relics_obtained":["Boot"],"max_hp_gain":0,"max_hp_loss":0,"event_name":"The Mausoleum","floor":21,"gold_loss":0,"cards_obtained":["Writhe"]}],"is_beta":false,"boss_relics":[{"not_picked":["Black Star","White Beast Statue"],"picked":"Mark of Pain"}],"items_purged_floors":[10],"is_endless":false,"potions_floor_spawned":[1,7,16,18,19],"killed_by":"Cultist and Chosen","ascension_level":1}