{"gold_per_floor":[113,188,199,55,55,55,70,70,93,103,103,123,134,145,145,223,223,238,248,248,263,188,188,202,202],"floor_reached":25,"playtime":1599,"items_purged":[],"score":325,"play_id":"73fc9e8f-2496-47c0-8e02-9e5ef5ad4472","local_time":"20190731221433","is_ascension_mode":true,"campfire_choices":[{"data":"Zap","floor":6,"key":"SMITH"},{"data":"Hologram","floor":8,"key":"SMITH"},{"data":"Glacier","floor":15,"key":"SMITH"},{"data":"Dualcast","floor":23,"key":"SMITH"}],"neow_cost":"NONE","seed_source_timestamp":2151680853077342,"circlet_count":0,"master_deck":["AscendersBane","Strike_B","Strike_B","Strike_B","Defend_B","Defend_B","Defend_B","Zap+1","Dualcast+1","Hologram+1","BootSequence","Glacier+1","Machine Learning","Go for the Eyes","Loop","Cold Snap","FTL+1","Decay","Streamline","Capacitor+1"],"relics":["Cracked Core","DataDisk","Bag of Preparation","Sozu"],"potions_floor_usage":[11,16,21],"damage_taken":[{"damage":1,"enemies":"Cultist","floor":1,"turns":3},{"damage":0,"enemies":"Jaw Worm","floor":3,"turns":5},{"damage":0,"enemies":"Small Slimes","floor":7,"turns":3},{"damage":2,"enemies":"Looter","floor":10,"turns":3},{"damage":0,"enemies":"Red Slaver","floor":12,"turns":2},{"damage":0,"enemies":"Blue Slaver","floor":13,"turns":4},{"damage":0,"enemies":"3 Louse","floor":14,"turns":3},{"damage":18,"enemies":"Hexaghost","floor":16,"turns":16},{"damage":0,"enemies":"Chosen","floor":18,"turns":5},{"damage":0,"enemies":"Shell Parasite","floor":19,"turns":8},{"damage":27,"enemies":"Cultist and Chosen","floor":21,"turns":7},{"damage":24,"enemies":"Centurion and Healer","floor":24,"turns":7},{"damage":29,"enemies":"Slavers","floor":25,"turns":2}],"seed_played":"7655356818385834411","potions_obtained":[{"floor":7,"key":"SpeedPotion"},{"floor":10,"key":"Explosive Potion"},{"floor":11,"key":"Fruit Juice"},{"floor":11,"key":"Swift Potion"},{"floor":16,"key":"Fire Potion"}],"is_trial":false,"path_per_floor":["M","?","M","$","?","R","M","R","T","M","?","M","M","M","R","B",null,"M","M","?","M","?","R","M","E"],"character_chosen":"DEFECT","items_purchased":["DataDisk"],"campfire_rested":0,"item_purchase_floors":[4],"current_hp_per_floor":[74,63,63,63,56,56,56,56,56,54,59,59,59,59,59,41,76,76,76,76,49,49,49,25,0],"gold":202,"neow_bonus":"TEN_PERCENT_HP_BONUS","is_prod":false,"is_daily":false,"chose_seed":false,"campfire_upgraded":4,"win_rate":0,"timestamp":1564578873,"path_taken":["M","?","M","$","?","R","M","R","T","M","?","?","M","M","R","BOSS","M","M","?","?","?","R","M","E"],"build_version":"2019-07-17","purchased_purges":0,"victory":false,"max_hp_per_floor":[82,82,82,82,82,82,82,82,82,82,87,87,87,87,87,87,87,87,87,87,87,87,87,87,87],"card_choices":[{"not_picked":["Barrage","Redo"],"picked":"Hologram","floor":1},{"not_picked":["Steam","Aggregate"],"picked":"BootSequence","floor":3},{"not_picked":["Rebound","Ball Lightning","Melter"],"picked":"SKIP","floor":7},{"not_picked":["Chaos","Leap"],"picked":"Glacier","floor":10},{"not_picked":["Stack","FTL"],"picked":"Machine Learning","floor":12},{"not_picked":["Coolheaded","Steam Power"],"picked":"Go for the Eyes","floor":13},{"not_picked":["Reprogram","Stack"],"picked":"Loop","floor":14},{"not_picked":["Leap","Stack"],"picked":"Cold Snap","floor":18},{"not_picked":["Darkness","Loop"],"picked":"FTL+1","floor":19},{"not_picked":["Storm","Conserve Battery+1"],"picked":"Streamline","floor":21},{"not_picked":["Hello World","Gash"],"picked":"Capacitor+1","floor":24}],"player_experience":429756,"relics_obtained":[{"floor":9,"key":"Bag of Preparation"}],"event_choices":[{"damage_healed":0,"gold_gain":75,"player_choice":"Gather Gold","damage_taken":11,"max_hp_gain":0,"max_hp_loss":0,"event_name":"World of Goop","floor":2,"gold_loss":0},{"cards_removed":["Strike_B"],"damage_healed":0,"gold_gain":0,"player_choice":"Card Removal","damage_taken":7,"max_hp_gain":0,"max_hp_loss":0,"event_name":"Golden Wing","floor":5,"gold_loss":0},{"damage_healed":0,"gold_gain":0,"player_choice":"Got Potions","damage_taken":0,"max_hp_gain":0,"max_hp_loss":0,"event_name":"Lab","floor":11,"gold_loss":0},{"damage_healed":0,"gold_gain":0,"player_choice":"Cursed","damage_taken":0,"max_hp_gain":0,"max_hp_loss":0,"event_name":"Wheel of Change","floor":20,"gold_loss":0,"cards_obtained":["Decay"]},{"cards_removed":["Defend_B"],"damage_healed":0,"gold_gain":0,"player_choice":"Gave Gold","damage_taken":0,"max_hp_gain":0,"max_hp_loss":0,"event_name":"Beggar","floor":22,"gold_loss":75}],"is_beta":false,"boss_relics":[{"not_picked":["Cursed Key","Pandora\u0027s Box"],"picked":"Sozu"}],"items_purged_floors":[],"is_endless":false,"potions_floor_spawned":[7,10,12,16,19,21,24],"killed_by":"Slavers","ascension_level":13}