{"gold_per_floor":[110,110,60,72,86,121,121,296,323,336,72,84,84,145,145,243,243,260,280,292,207,225,225,241,241,241,258,258,174,204,215,215,313,313,327,341,357,196,196,196,206,9,9,9,109,109,121,121,121,121],"floor_reached":51,"playtime":5545,"items_purged":["Doubt","Defend_B","Strike_B","Strike_B"],"score":619,"play_id":"331939fb-06c7-4901-84ab-17720d413a6a","local_time":"20190824184828","is_ascension_mode":false,"campfire_choices":[{"data":"Zap","floor":7.0,"key":"SMITH"},{"data":"Defragment","floor":13.0,"key":"SMITH"},{"floor":15.0,"key":"REST"},{"data":"Redo","floor":23.0,"key":"SMITH"},{"data":"Hologram","floor":28.0,"key":"SMITH"},{"floor":32.0,"key":"REST"},{"floor":40.0,"key":"REST"},{"floor":44.0,"key":"REST"},{"data":"Capacitor","floor":46.0,"key":"SMITH"},{"data":"Defragment","floor":49.0,"key":"SMITH"}],"neow_cost":"NONE","seed_source_timestamp":0,"circlet_count":0,"master_deck":["Defend_B","Zap+1","Dualcast","Double Energy","Hologram+1","Coolheaded","Cold Snap","Gash","Barrage","Defragment+1","Fusion+1","Auto Shields","Meteor Strike","Self Repair","Defragment","Go for the Eyes","Redo+1","Reinforced Body","Hologram+1","Loop","Echo Form","Streamline+1","Capacitor+1","Defragment+1","Machine Learning"],"special_seed":0,"relics":["Cracked Core","Smiling Mask","Omamori","Membership Card","Shuriken","Nuclear Battery","War Paint","Orichalcum","Oddly Smooth Stone","Empty Cage","Happy Flower","Cables","Girya","Toxic Egg 2"],"potions_floor_usage":[50,50],"damage_taken":[{"damage":1.0,"enemies":"Cultist","floor":1.0,"turns":4.0},{"damage":5.0,"enemies":"Small Slimes","floor":4.0,"turns":4.0},{"damage":0.0,"enemies":"2 Louse","floor":5.0,"turns":1.0},{"damage":27.0,"enemies":"Lagavulin","floor":6.0,"turns":9.0},{"damage":10.0,"enemies":"Large Slime","floor":10.0,"turns":6.0},{"damage":13.0,"enemies":"Exordium Thugs","floor":12.0,"turns":6.0},{"damage":6.0,"enemies":"Lagavulin Event","floor":14.0,"turns":6.0},{"damage":21.0,"enemies":"Slime Boss","floor":16.0,"turns":11.0},{"damage":11.0,"enemies":"2 Thieves","floor":18.0,"turns":5.0},{"damage":11.0,"enemies":"Spheric Guardian","floor":19.0,"turns":6.0},{"damage":1.0,"enemies":"Centurion and Healer","floor":20.0,"turns":11.0},{"damage":10.0,"enemies":"Sentry and Sphere","floor":22.0,"turns":8.0},{"damage":39.0,"enemies":"Cultist and Chosen","floor":24.0,"turns":7.0},{"damage":4.0,"enemies":"Shelled Parasite and Fungi","floor":27.0,"turns":8.0},{"damage":20.0,"enemies":"Slavers","floor":30.0,"turns":7.0},{"damage":0.0,"enemies":"Sentry and Sphere","floor":31.0,"turns":8.0},{"damage":24.0,"enemies":"Champ","floor":33.0,"turns":14.0},{"damage":57.0,"enemies":"3 Darklings","floor":35.0,"turns":29.0},{"damage":0.0,"enemies":"3 Shapes","floor":36.0,"turns":3.0},{"damage":14.0,"enemies":"Spire Growth","floor":37.0,"turns":7.0},{"damage":0.0,"enemies":"Transient","floor":41.0,"turns":5.0},{"damage":10.0,"enemies":"Maw","floor":47.0,"turns":7.0},{"damage":57,"enemies":"Awakened One","floor":50,"turns":19}],"seed_played":"-8967755464386032994","potions_obtained":[{"floor":1.0,"key":"EntropicBrew"},{"floor":10.0,"key":"Dexterity Potion"},{"floor":19.0,"key":"AttackPotion"},{"floor":24.0,"key":"AttackPotion"},{"floor":31.0,"key":"Strength Potion"},{"floor":36.0,"key":"Regen Potion"},{"floor":37.0,"key":"Dexterity Potion"}],"is_trial":false,"path_per_floor":["M","?","$","M","M","E","R","?","T","M","$","M","R","?","R","B",null,"M","M","M","?","M","R","M","?","T","M","R","$","E","M","R","B",null,"M","M","M","$","?","R","M","$","T","R","?","R","M","T","R","B",null],"character_chosen":"DEFECT","items_purchased":["Hologram","Membership Card","Defragment","Loop","Capacitor","Happy Flower","Defragment","Cables"],"campfire_rested":4,"item_purchase_floors":[3,11,11,29,38,38,42,42],"current_hp_per_floor":[74,79,79,74,74,47,47,47,47,37,37,24,24,18,42,21,80,69,65,71,71,68,68,36,36,36,39,39,39,19,26,50,33,80,30,30,23,23,23,45,45,45,45,67,67,67,64,64,64,29],"gold":121,"neow_bonus":"REMOVE_CARD","is_prod":false,"is_daily":false,"chose_seed":false,"campfire_upgraded":6,"win_rate":0,"timestamp":1566640108,"path_taken":["M","?","$","M","M","E","R","?","T","M","$","M","R","?","R","BOSS","M","M","M","?","M","R","M","?","T","M","R","$","E","M","R","BOSS","M","M","M","$","?","R","M","$","T","R","?","R","?","?","R","BOSS"],"build_version":"2019-07-17","purchased_purges":4,"victory":true,"max_hp_per_floor":[75,80,80,80,80,80,80,80,80,80,80,80,80,80,80,80,80,80,80,80,80,80,80,80,80,80,80,80,80,80,80,80,80,80,80,80,80,80,76,76,76,76,76,76,76,76,76,76,76,76],"card_choices":[{"not_picked":["Reprogram","Ball Lightning"],"picked":"Double Energy","floor":1.0},{"not_picked":["Go for the Eyes","Steam"],"picked":"Coolheaded","floor":4.0},{"not_picked":["Ball Lightning","Steam"],"picked":"Cold Snap","floor":5.0},{"not_picked":["Double Energy","Turbo"],"picked":"Gash","floor":6.0},{"not_picked":["Hologram","Skim"],"picked":"Barrage","floor":10.0},{"not_picked":["Gash","Consume"],"picked":"Fusion","floor":12.0},{"not_picked":["Hyperbeam","Rebound"],"picked":"Auto Shields","floor":14.0},{"not_picked":["Electrodynamics","Rainbow"],"picked":"Meteor Strike","floor":16.0},{"not_picked":["Chill","Rebound+1"],"picked":"Self Repair","floor":18.0},{"not_picked":["Rip and Tear+1","Steam Power+1"],"picked":"Defragment","floor":19.0},{"not_picked":["Leap","Compile Driver"],"picked":"Go for the Eyes","floor":20.0},{"not_picked":["Stack","Cold Snap"],"picked":"Redo","floor":22.0},{"not_picked":["Steam Power+1","Go for the Eyes"],"picked":"Reinforced Body","floor":24.0},{"not_picked":["Force Field+1","Streamline"],"picked":"Hologram","floor":27.0},{"not_picked":["Darkness+1","Cold Snap","Fission"],"picked":"SKIP","floor":30.0},{"not_picked":["Coolheaded","Compile Driver","Lockon"],"picked":"SKIP","floor":31.0},{"not_picked":["Meteor Strike","Biased Cognition"],"picked":"Echo Form","floor":33.0},{"not_picked":["Stack","Turbo+1"],"picked":"Streamline+1","floor":35.0},{"not_picked":["Coolheaded+1","Cold Snap+1","Hello World"],"picked":"SKIP","floor":36.0},{"not_picked":["Coolheaded+1","Cold Snap+1","Hello World"],"picked":"SKIP","floor":36.0},{"not_picked":["Redo+1","Leap","Scrape+1"],"picked":"SKIP","floor":37.0},{"not_picked":["Redo","Hologram+1","Stack"],"picked":"SKIP","floor":41.0},{"not_picked":["Ball Lightning+1","Chill+1"],"picked":"Machine Learning","floor":47.0}],"player_experience":582083,"relics_obtained":[{"floor":6.0,"key":"Smiling Mask"},{"floor":9.0,"key":"Omamori"},{"floor":14.0,"key":"Shuriken"},{"floor":26.0,"key":"Orichalcum"},{"floor":30.0,"key":"Oddly Smooth Stone"},{"floor":43.0,"key":"Girya"},{"floor":48.0,"key":"Toxic Egg 2"}],"event_choices":[{"damage_healed":0.0,"max_hp_gain":5.0,"max_hp_loss":0.0,"gold_gain":0.0,"event_name":"Big Fish","player_choice":"Donut","floor":2.0,"gold_loss":0.0,"damage_taken":0.0},{"damage_healed":0.0,"max_hp_gain":0.0,"max_hp_loss":0.0,"gold_gain":175.0,"event_name":"Liars Game","player_choice":"AGREE","floor":8.0,"gold_loss":0.0,"damage_taken":0.0,"cards_obtained":["Doubt"]},{"damage_healed":0.0,"max_hp_gain":0.0,"max_hp_loss":0.0,"gold_gain":0.0,"event_name":"Dead Adventurer","player_choice":"Searched \u00271\u0027 times","floor":14.0,"gold_loss":0.0,"damage_taken":0.0},{"damage_healed":0.0,"max_hp_gain":0.0,"max_hp_loss":0.0,"gold_gain":0.0,"event_name":"Addict","player_choice":"Obtained Relic","floor":21.0,"gold_loss":85.0,"damage_taken":0.0,"relics_obtained":["War Paint"]},{"cards_removed":["Defend_B"],"damage_healed":0.0,"max_hp_gain":0.0,"max_hp_loss":0.0,"gold_gain":0.0,"event_name":"Back to Basics","player_choice":"Elegance","floor":25.0,"gold_loss":0.0,"damage_taken":0.0},{"damage_healed":0.0,"max_hp_gain":0.0,"max_hp_loss":4.0,"gold_gain":0.0,"event_name":"Winding Halls","player_choice":"Max HP","floor":39.0,"gold_loss":0.0,"damage_taken":0.0},{"damage_healed":0.0,"max_hp_gain":0.0,"max_hp_loss":0.0,"gold_gain":100.0,"event_name":"Golden Shrine","player_choice":"Pray","floor":45.0,"gold_loss":0.0,"damage_taken":0.0}],"is_beta":false,"boss_relics":[{"not_picked":["Pandora\u0027s Box","Black Star"],"picked":"Nuclear Battery"},{"not_picked":["Astrolabe","Runic Pyramid"],"picked":"Empty Cage"}],"items_purged_floors":[11,29,38,42],"is_endless":false,"potions_floor_spawned":[1,10,19,24,31,36,37,47],"ascension_level":0}