{"gold_per_floor":[115,40,50,63,78,107,107,117,117,117,137,137,153,53,53,128,128,141,167,167,9,59,59,72,101,125,125,143,156,156,167,167,242,242,255,255,477,497,422,422,522,550,550,550,570,570,580,19,19,19,19],"floor_reached":52,"playtime":4718,"items_purged":["Strike_B","Strike_B","Reprogram"],"score":1754,"play_id":"acc58f60-af0d-40f3-bc75-894ee9f72459","local_time":"20190823202050","is_ascension_mode":true,"campfire_choices":[{"data":"Zap","floor":7.0,"key":"SMITH"},{"data":"Biased Cognition","floor":10.0,"key":"SMITH"},{"data":"Go for the Eyes","floor":15.0,"key":"SMITH"},{"data":"Blizzard","floor":23.0,"key":"SMITH"},{"data":"Echo Form","floor":27.0,"key":"SMITH"},{"data":"Glacier","floor":30.0,"key":"SMITH"},{"floor":32.0,"key":"REST"},{"data":"Rainbow","floor":40.0,"key":"SMITH"},{"data":"Hologram","floor":46.0,"key":"SMITH"},{"floor":49.0,"key":"REST"}],"neow_cost":"PERCENT_DAMAGE","seed_source_timestamp":0,"circlet_count":0,"master_deck":["AscendersBane","Zap+1","Dualcast","Go for the Eyes+1","Self Repair","Cold Snap","Tempest","Biased Cognition+1","Ball Lightning","Blizzard+1","Conserve Battery","Echo Form+1","Glacier+1","FTL","Compile Driver","Sweeping Beam","Loop+1","Coolheaded","Cold Snap+1","Barrage+1","Rainbow+1","Hologram+1","Buffer","Blizzard+1","Blind","Undo","Leap","Seek"],"special_seed":0,"relics":["Cracked Core","FossilizedHelix","Matryoshka","Runic Dome","Red Mask","Blood Vial","Molten Egg 2","Centennial Puzzle","Pen Nib","Pandora\u0027s Box","Torii","Potion Belt","Regal Pillow","Blue Candle","Mercury Hourglass"],"potions_floor_usage":[51,51,51],"damage_taken":[{"damage":6.0,"enemies":"2 Louse","floor":1.0,"turns":3.0},{"damage":3.0,"enemies":"Small Slimes","floor":3.0,"turns":3.0},{"damage":1.0,"enemies":"Cultist","floor":4.0,"turns":4.0},{"damage":8.0,"enemies":"Blue Slaver","floor":5.0,"turns":4.0},{"damage":26.0,"enemies":"Lagavulin","floor":6.0,"turns":8.0},{"damage":0.0,"enemies":"Looter","floor":8.0,"turns":4.0},{"damage":0.0,"enemies":"2 Fungi Beasts","floor":11.0,"turns":2.0},{"damage":0.0,"enemies":"Blue Slaver","floor":13.0,"turns":3.0},{"damage":5.0,"enemies":"The Guardian","floor":16.0,"turns":11.0},{"damage":0.0,"enemies":"Chosen","floor":18.0,"turns":3.0},{"damage":42.0,"enemies":"Masked Bandits","floor":19.0,"turns":5.0},{"damage":0.0,"enemies":"Shell Parasite","floor":24.0,"turns":4.0},{"damage":14.0,"enemies":"Book of Stabbing","floor":25.0,"turns":5.0},{"damage":13.0,"enemies":"Sentry and Sphere","floor":28.0,"turns":4.0},{"damage":14.0,"enemies":"Chosen and Byrds","floor":29.0,"turns":5.0},{"damage":6.0,"enemies":"Snake Plant","floor":31.0,"turns":4.0},{"damage":33.0,"enemies":"Collector","floor":33.0,"turns":10.0},{"damage":0.0,"enemies":"Orb Walker","floor":35.0,"turns":3.0},{"damage":37.0,"enemies":"3 Darklings","floor":38.0,"turns":4.0},{"damage":3.0,"enemies":"Mind Bloom Boss Battle","floor":41.0,"turns":6.0},{"damage":22.0,"enemies":"Giant Head","floor":42.0,"turns":10.0},{"damage":0.0,"enemies":"Jaw Worm Horde","floor":45.0,"turns":5.0},{"damage":0.0,"enemies":"Maw","floor":47.0,"turns":8.0},{"damage":68.0,"enemies":"Time Eater","floor":50.0,"turns":14.0},{"damage":16,"enemies":"Awakened One","floor":51,"turns":13}],"seed_played":"-5046777489549662734","potions_obtained":[{"floor":4.0,"key":"SkillPotion"},{"floor":6.0,"key":"Fire Potion"},{"floor":24.0,"key":"Dexterity Potion"},{"floor":28.0,"key":"SpeedPotion"},{"floor":31.0,"key":"GamblersBrew"},{"floor":33.0,"key":"Explosive Potion"},{"floor":35.0,"key":"LiquidBronze"},{"floor":38.0,"key":"Regen Potion"},{"floor":45.0,"key":"SteroidPotion"}],"is_trial":false,"path_per_floor":["M","$","M","M","M","E","R","M","T","R","M","?","M","$","R","B",null,"M","?","?","$","?","R","M","E","T","R","M","M","R","M","R","B",null,"M","?","?","M","$","R","?","E","T","?","M","R","M","$","R","B","B",null],"character_chosen":"DEFECT","items_purchased":["Blood Vial","Undo","Seek","Mercury Hourglass"],"campfire_rested":2,"item_purchase_floors":[21,39,48,48],"current_hp_per_floor":[54,54,51,57,56,37,37,44,44,44,51,51,58,58,58,60,79,79,44,44,44,44,44,53,41,41,41,30,18,18,14,39,15,68,77,77,77,42,42,42,55,49,49,49,51,51,67,67,85,31,39],"gold":19,"neow_bonus":"TWENTY_PERCENT_HP_BONUS","is_prod":false,"is_daily":false,"chose_seed":false,"campfire_upgraded":8,"win_rate":0,"timestamp":1566559250,"path_taken":["M","$","M","M","M","E","R","M","T","R","M","?","M","$","R","BOSS","M","?","?","$","?","R","?","E","T","R","M","M","R","M","R","BOSS","M","?","?","M","$","R","?","E","T","?","M","R","?","$","R","BOSS","BOSS"],"build_version":"2019-07-17","purchased_purges":3,"victory":true,"max_hp_per_floor":[85,85,85,85,85,85,85,85,85,85,85,85,85,85,85,85,85,85,85,85,85,85,85,85,85,85,85,85,85,85,85,85,85,85,85,85,85,85,85,85,85,85,85,85,85,85,85,85,85,85,85],"card_choices":[{"not_picked":["Rebound","Consume"],"picked":"Go for the Eyes","floor":1.0},{"not_picked":["Streamline","Double Energy"],"picked":"Self Repair","floor":3.0},{"not_picked":["Hologram","Compile Driver"],"picked":"Cold Snap","floor":4.0},{"not_picked":["Hello World","Darkness"],"picked":"Tempest","floor":5.0},{"not_picked":["Compile Driver","Lockon"],"picked":"Biased Cognition","floor":6.0},{"not_picked":["Stack","Beam Cell"],"picked":"Ball Lightning","floor":8.0},{"not_picked":["Lockon","Scrape"],"picked":"Blizzard","floor":11.0},{"not_picked":["Ball Lightning","Scrape"],"picked":"Conserve Battery","floor":13.0},{"not_picked":["Buffer","Multi-Cast"],"picked":"Echo Form","floor":16.0},{"not_picked":["Compile Driver","Conserve Battery"],"picked":"Glacier","floor":18.0},{"not_picked":["Hologram","Steam"],"picked":"FTL","floor":19.0},{"not_picked":["Aggregate","Redo","Sweeping Beam"],"picked":"SKIP","floor":24.0},{"not_picked":["Hello World","Compile Driver"],"picked":"Loop+1","floor":25.0},{"not_picked":["Loop","Cold Snap+1"],"picked":"Coolheaded","floor":28.0},{"not_picked":["Biased Cognition","Hello World"],"picked":"Cold Snap+1","floor":29.0},{"not_picked":["Gash+1","Turbo+1"],"picked":"Barrage+1","floor":31.0},{"not_picked":["Amplify","Thunder Strike+1"],"picked":"Rainbow","floor":33.0},{"not_picked":["Static Discharge","Rip and Tear+1","Go for the Eyes+1"],"picked":"SKIP","floor":35.0},{"not_picked":["Forethought","PanicButton"],"picked":"Blind","floor":36.0},{"not_picked":["Darkness","Sunder+1","Loop"],"picked":"SKIP","floor":38.0},{"not_picked":["Heatsinks","Thunder Strike+1","Hello World"],"picked":"SKIP","floor":42.0},{"not_picked":["Redo","Ball Lightning+1","Coolheaded"],"picked":"SKIP","floor":45.0},{"not_picked":["FTL+1","Stack"],"picked":"Leap","floor":47.0}],"player_experience":565362,"relics_obtained":[{"floor":6.0,"key":"FossilizedHelix"},{"floor":9.0,"key":"Matryoshka"},{"floor":19.0,"key":"Red Mask"},{"floor":25.0,"key":"Molten Egg 2"},{"floor":26.0,"key":"Centennial Puzzle"},{"floor":26.0,"key":"Pen Nib"},{"floor":41.0,"key":"Torii"},{"floor":42.0,"key":"Potion Belt"},{"floor":43.0,"key":"Regal Pillow"},{"floor":43.0,"key":"Blue Candle"}],"event_choices":[{"damage_healed":0.0,"max_hp_gain":0.0,"max_hp_loss":0.0,"gold_gain":0.0,"event_name":"Golden Idol","player_choice":"Ignored","floor":12.0,"gold_loss":0.0,"damage_taken":0.0},{"damage_healed":0.0,"max_hp_gain":0.0,"max_hp_loss":0.0,"gold_gain":0.0,"event_name":"Masked Bandits","player_choice":"Fought Bandits","floor":19.0,"gold_loss":0.0,"damage_taken":0.0},{"damage_healed":0.0,"max_hp_gain":0.0,"max_hp_loss":0.0,"gold_gain":0.0,"cards_transformed":["Strike_B","Defend_B"],"event_name":"Drug Dealer","player_choice":"Became Test Subject","floor":20.0,"gold_loss":0.0,"damage_taken":0.0,"cards_obtained":["Compile Driver","Sweeping Beam"]},{"damage_healed":0.0,"max_hp_gain":0.0,"max_hp_loss":0.0,"gold_gain":50.0,"event_name":"Golden Shrine","player_choice":"Pray","floor":22.0,"gold_loss":0.0,"damage_taken":0.0},{"damage_healed":0.0,"max_hp_gain":0.0,"max_hp_loss":0.0,"gold_gain":0.0,"event_name":"SensoryStone","player_choice":"Memory 1","floor":36.0,"gold_loss":0.0,"damage_taken":0.0},{"damage_healed":0.0,"max_hp_gain":0.0,"max_hp_loss":0.0,"gold_gain":222.0,"event_name":"Tomb of Lord Red Mask","player_choice":"Wore Mask","floor":37.0,"gold_loss":0.0,"damage_taken":0.0},{"damage_healed":0.0,"max_hp_gain":0.0,"max_hp_loss":0.0,"gold_gain":0.0,"event_name":"MindBloom","player_choice":"Fight","floor":41.0,"gold_loss":0.0,"damage_taken":0.0},{"damage_healed":0.0,"max_hp_gain":0.0,"max_hp_loss":0.0,"gold_gain":0.0,"event_name":"Mysterious Sphere","player_choice":"Ignored","floor":44.0,"gold_loss":0.0,"damage_taken":0.0}],"is_beta":false,"boss_relics":[{"not_picked":["White Beast Statue","Snecko Eye"],"picked":"Runic Dome"},{"not_picked":["Tiny House","Calling Bell"],"picked":"Pandora\u0027s Box"}],"items_purged_floors":[2,14,48],"is_endless":false,"potions_floor_spawned":[4,6,8,13,24,28,31,33,35,38,45],"ascension_level":20}