{"gold_per_floor":[119,132,32,51,51,51,70,70,70,70,84,84,95,48,48,122,122,142,142,67,41,53,53,70,70,96,96],"floor_reached":27,"playtime":1133,"items_purged":["Strike_B"],"score":355,"play_id":"44e5bc2f-7d94-4be7-8a2a-bab14135d53a","local_time":"20190815151941","is_ascension_mode":true,"campfire_choices":[{"data":"Zap","floor":6,"key":"SMITH"},{"data":"Dualcast","floor":8,"key":"SMITH"},{"floor":15,"key":"REST"},{"data":"Hologram","floor":23,"key":"SMITH"}],"neow_cost":"PERCENT_DAMAGE","seed_source_timestamp":1210432494863179,"circlet_count":0,"master_deck":["AscendersBane","Defend_B","Zap+1","Dualcast+1","Gash","Gash","Coolheaded","Biased Cognition","Loop","Gash","All For One","Hologram+1","Leap","Conserve Battery","Reinforced Body","Meteor Strike"],"relics":["Cracked Core","Calipers","Sozu","Bag of Marbles"],"potions_floor_usage":[16,27],"damage_taken":[{"damage":0,"enemies":"2 Louse","floor":1,"turns":2},{"damage":1,"enemies":"Cultist","floor":2,"turns":3},{"damage":5,"enemies":"Small Slimes","floor":4,"turns":3},{"damage":3,"enemies":"2 Fungi Beasts","floor":7,"turns":3},{"damage":0,"enemies":"Large Slime","floor":11,"turns":5},{"damage":0,"enemies":"Looter","floor":13,"turns":3},{"damage":36,"enemies":"The Guardian","floor":16,"turns":11},{"damage":7,"enemies":"Chosen","floor":18,"turns":3},{"damage":20,"enemies":"2 Thieves","floor":22,"turns":3},{"damage":7,"enemies":"Snecko","floor":24,"turns":4},{"damage":25,"enemies":"Gremlin Leader","floor":27,"turns":2}],"seed_played":"-5094431965730191589","potions_obtained":[{"floor":1,"key":"Block Potion"},{"floor":7,"key":"Explosive Potion"}],"is_trial":false,"path_per_floor":["M","M","$","M","?","R","M","R","T","?","M","?","M","$","R","B",null,"M","?","?","$","M","R","M","?","T","E"],"character_chosen":"DEFECT","items_purchased":["Coolheaded","Gash","Leap"],"campfire_rested":1,"item_purchase_floors":[3,14,21],"current_hp_per_floor":[46,45,45,40,40,40,37,37,37,37,37,30,30,30,51,15,57,50,50,50,50,30,30,23,23,23,0],"gold":96,"neow_bonus":"REMOVE_TWO","is_prod":false,"is_daily":false,"chose_seed":false,"campfire_upgraded":3,"win_rate":0,"timestamp":1565849981,"path_taken":["M","M","$","M","?","R","?","R","T","?","M","?","M","$","R","BOSS","M","?","?","$","M","R","M","?","T","E"],"build_version":"2019-07-17","purchased_purges":1,"victory":false,"max_hp_per_floor":[71,71,71,71,71,71,71,71,71,71,71,71,71,71,71,71,71,71,71,71,71,71,71,71,71,71,71],"card_choices":[{"not_picked":["Heatsinks","Redo"],"picked":"Gash","floor":1},{"not_picked":["Hologram","Stack"],"picked":"Gash","floor":2},{"not_picked":["Undo","Rebound","Redo"],"picked":"SKIP","floor":4},{"not_picked":["Coolheaded","Streamline"],"picked":"Biased Cognition","floor":7},{"not_picked":["Redo","Compile Driver"],"picked":"Loop","floor":11},{"not_picked":["Consume","Stack","Loop"],"picked":"SKIP","floor":13},{"not_picked":["Biased Cognition","Machine Learning"],"picked":"All For One","floor":16},{"not_picked":["Double Energy","Gash"],"picked":"Hologram","floor":18},{"not_picked":["Turbo","Ball Lightning"],"picked":"Conserve Battery","floor":22},{"not_picked":["Conserve Battery","Stack"],"picked":"Reinforced Body","floor":24}],"player_experience":487427,"relics_obtained":[{"floor":9,"key":"Calipers"},{"floor":26,"key":"Bag of Marbles"}],"event_choices":[{"cards_removed":["Strike_B"],"damage_healed":0,"gold_gain":0,"player_choice":"Offered Basic","damage_taken":0,"max_hp_gain":0,"max_hp_loss":0,"event_name":"Bonfire Elementals","floor":5,"gold_loss":0},{"damage_healed":0,"gold_gain":0,"player_choice":"Ignored","damage_taken":0,"max_hp_gain":0,"max_hp_loss":0,"event_name":"Shining Light","floor":10,"gold_loss":0},{"cards_removed":["Strike_B"],"damage_healed":0,"gold_gain":0,"player_choice":"Card Removal","damage_taken":7,"max_hp_gain":0,"max_hp_loss":0,"event_name":"Golden Wing","floor":12,"gold_loss":0},{"cards_removed":["Defend_B"],"damage_healed":0,"gold_gain":0,"player_choice":"Gave Gold","damage_taken":0,"max_hp_gain":0,"max_hp_loss":0,"event_name":"Beggar","floor":20,"gold_loss":75},{"damage_healed":0,"gold_gain":0,"cards_transformed":["Defend_B"],"player_choice":"Transformed","damage_taken":0,"max_hp_gain":0,"max_hp_loss":0,"event_name":"Transmorgrifier","floor":25,"gold_loss":0,"cards_obtained":["Meteor Strike"]}],"is_beta":false,"boss_relics":[{"not_picked":["Pandora\u0027s Box","Fusion Hammer"],"picked":"Sozu"}],"items_purged_floors":[3],"is_endless":false,"potions_floor_spawned":[1,7,11],"killed_by":"Gremlin Leader","ascension_level":15}