{"gold_per_floor":[13,25,25,25,43,69,89,89,113,127,143,162,127,146,146,244,244,234,234,159,159,171,171,171],"floor_reached":24,"playtime":1466,"items_purged":[],"score":200,"play_id":"55a39432-0980-4c11-a9bc-ecd7d49beae2","local_time":"20190811002731","is_ascension_mode":false,"campfire_choices":[{"floor":8,"key":"REST"},{"floor":15,"key":"REST"},{"floor":23,"key":"REST"}],"neow_cost":"NO_GOLD","seed_source_timestamp":179845529038127,"circlet_count":0,"master_deck":["Strike_B","Strike_B","Strike_B","Defend_B","Defend_B","Zap","Dualcast","Rebound","Streamline","Hello World","White Noise","FTL","Leap","Fusion","Fission","Steam","Echo Form","Stack","Auto Shields"],"relics":["Ancient Tea Set","Strawberry","Inserter","Nloth\u0027s Gift"],"potions_floor_usage":[16,24,24],"damage_taken":[{"damage":1,"enemies":"Cultist","floor":1,"turns":4},{"damage":1,"enemies":"2 Louse","floor":2,"turns":3},{"damage":11,"enemies":"Jaw Worm","floor":5,"turns":2},{"damage":34,"enemies":"Gremlin Nob","floor":6,"turns":4},{"damage":5,"enemies":"3 Louse","floor":7,"turns":2},{"damage":0,"enemies":"2 Fungi Beasts","floor":10,"turns":2},{"damage":14,"enemies":"Exordium Thugs","floor":11,"turns":4},{"damage":6,"enemies":"Exordium Wildlife","floor":12,"turns":2},{"damage":21,"enemies":"3 Louse","floor":14,"turns":3},{"damage":36,"enemies":"The Guardian","floor":16,"turns":8},{"damage":31,"enemies":"2 Thieves","floor":18,"turns":4},{"damage":36,"enemies":"Shell Parasite","floor":22,"turns":8},{"damage":52,"enemies":"Book of Stabbing","floor":24,"turns":7}],"seed_played":"-8479872170594841133","potions_obtained":[{"floor":2,"key":"Swift Potion"},{"floor":5,"key":"GamblersBrew"},{"floor":10,"key":"PowerPotion"},{"floor":12,"key":"FairyPotion"},{"floor":18,"key":"Swift Potion"}],"is_trial":false,"path_per_floor":["M","M","$","$","M","E","M","R","T","M","M","M","?","M","R","B",null,"M","?","?","?","M","R","E"],"character_chosen":"DEFECT","items_purchased":[],"campfire_rested":3,"item_purchase_floors":[],"current_hp_per_floor":[74,73,73,73,62,28,23,45,52,52,38,32,52,31,55,19,82,51,51,51,51,15,39,0],"gold":171,"neow_bonus":"REMOVE_TWO","is_prod":false,"is_daily":false,"chose_seed":false,"campfire_upgraded":0,"win_rate":0.0,"timestamp":1565497651,"path_taken":["M","M","?","$","M","E","M","R","T","M","M","M","?","?","R","BOSS","M","?","?","?","?","R","E"],"build_version":"2019-07-17","purchased_purges":0,"victory":false,"max_hp_per_floor":[75,75,75,75,75,75,75,75,82,82,82,82,82,82,82,82,82,82,82,82,82,82,82,82],"card_choices":[{"not_picked":["Barrage","Leap"],"picked":"Rebound","floor":1},{"not_picked":["Consume","Blizzard"],"picked":"Streamline","floor":2},{"not_picked":["Chill","Sweeping Beam"],"picked":"Hello World","floor":5},{"not_picked":["Gash","Double Energy"],"picked":"White Noise","floor":6},{"not_picked":["Steam","Stack"],"picked":"FTL","floor":7},{"not_picked":["Hologram","Blizzard"],"picked":"Leap","floor":10},{"not_picked":["Cold Snap","White Noise"],"picked":"Fusion","floor":11},{"not_picked":["Go for the Eyes","Reprogram"],"picked":"Fission","floor":12},{"not_picked":["Hologram","Coolheaded"],"picked":"Steam","floor":14},{"not_picked":["Buffer","Fission"],"picked":"Echo Form","floor":16},{"not_picked":["Rip and Tear+1","Loop"],"picked":"Stack","floor":18},{"not_picked":["Compile Driver","Biased Cognition"],"picked":"Auto Shields","floor":22}],"player_experience":19737,"relics_obtained":[{"floor":6,"key":"Ancient Tea Set"},{"floor":9,"key":"Strawberry"}],"event_choices":[{"damage_healed":20,"gold_gain":0,"player_choice":"Healed","damage_taken":0,"max_hp_gain":0,"max_hp_loss":0,"event_name":"The Cleric","floor":13,"gold_loss":35},{"damage_healed":0,"gold_gain":0,"player_choice":"Ignored","damage_taken":0,"max_hp_gain":0,"max_hp_loss":0,"event_name":"Ghosts","floor":19,"gold_loss":0},{"cards_removed":["Defend_B"],"damage_healed":0,"gold_gain":0,"player_choice":"Gave Gold","damage_taken":0,"max_hp_gain":0,"max_hp_loss":0,"event_name":"Beggar","floor":20,"gold_loss":75},{"damage_healed":0,"gold_gain":0,"player_choice":"Traded Relic","damage_taken":0,"relics_obtained":["Nloth\u0027s Gift"],"max_hp_gain":0,"max_hp_loss":0,"event_name":"N\u0027loth","floor":21,"relics_lost":["Cracked Core"],"gold_loss":0}],"is_beta":false,"boss_relics":[{"not_picked":["Ectoplasm","FrozenCore"],"picked":"Inserter"}],"items_purged_floors":[],"is_endless":false,"potions_floor_spawned":[2,5,10,12,18,22],"killed_by":"Book of Stabbing","ascension_level":0}