{"gold_per_floor":[365,290,465,99,99,99,124,144,171,182,182,199,199,199,199,199],"floor_reached":16,"playtime":706,"items_purged":["Injury","Doubt"],"score":157,"play_id":"2c499d66-8b79-4f76-ba85-0be233907cc2","local_time":"20190731150626","is_ascension_mode":true,"campfire_choices":[{"data":"Zap","floor":6,"key":"SMITH"},{"data":"Glacier","floor":11,"key":"SMITH"},{"floor":15,"key":"REST"}],"neow_cost":"CURSE","seed_source_timestamp":2126887148075771,"circlet_count":0,"master_deck":["AscendersBane","Strike_B","Strike_B","Strike_B","Defend_B","Defend_B","Defend_B","Defend_B","Zap+1","Dualcast","Cold Snap","Capacitor","Glacier+1"],"relics":["Cracked Core","MealTicket","Singing Bowl","Oddly Smooth Stone"],"potions_floor_usage":[16],"damage_taken":[{"damage":3,"enemies":"2 Louse","floor":1,"turns":2},{"damage":29,"enemies":"Gremlin Nob","floor":7,"turns":5},{"damage":1,"enemies":"Jaw Worm","floor":8,"turns":5},{"damage":8,"enemies":"Small Slimes","floor":10,"turns":5},{"damage":5,"enemies":"Looter","floor":12,"turns":4},{"damage":45,"enemies":"Hexaghost","floor":16,"turns":16}],"seed_played":"3820108421261020510","potions_obtained":[{"floor":7,"key":"Explosive Potion"}],"is_trial":false,"path_per_floor":["M","$","?","$","?","R","E","M","T","M","R","M","?","?","R","B"],"character_chosen":"DEFECT","items_purchased":["Capacitor","MealTicket"],"campfire_rested":1,"item_purchase_floors":[4,4],"current_hp_per_floor":[65,65,65,65,58,58,29,30,30,24,24,21,21,21,45,0],"gold":199,"neow_bonus":"TWO_FIFTY_GOLD","is_prod":false,"is_daily":false,"chose_seed":false,"campfire_upgraded":2,"win_rate":0,"timestamp":1564553186,"path_taken":["M","$","?","$","?","R","E","M","T","M","R","M","?","?","R","BOSS"],"build_version":"2019-07-17","purchased_purges":2,"victory":false,"max_hp_per_floor":[75,75,75,75,75,75,75,77,77,79,79,81,81,81,81,81],"card_choices":[{"not_picked":["Chill","Hello World"],"picked":"Cold Snap","floor":1},{"not_picked":["Beam Cell","Steam"],"picked":"Glacier","floor":7},{"not_picked":["Lockon","Undo","Beam Cell"],"picked":"Singing Bowl","floor":8},{"not_picked":["Conserve Battery","Turbo","Redo"],"picked":"Singing Bowl","floor":10},{"not_picked":["Rebound","Ball Lightning","Genetic Algorithm"],"picked":"Singing Bowl","floor":12}],"player_experience":424249,"relics_obtained":[{"floor":7,"key":"Singing Bowl"},{"floor":9,"key":"Oddly Smooth Stone"}],"event_choices":[{"damage_healed":0,"gold_gain":175,"player_choice":"AGREE","damage_taken":0,"max_hp_gain":0,"max_hp_loss":0,"event_name":"Liars Game","floor":3,"gold_loss":0,"cards_obtained":["Doubt"]},{"cards_removed":["Strike_B"],"damage_healed":0,"gold_gain":0,"player_choice":"Card Removal","damage_taken":7,"max_hp_gain":0,"max_hp_loss":0,"event_name":"Golden Wing","floor":5,"gold_loss":0},{"damage_healed":0,"gold_gain":0,"player_choice":"Ignored","damage_taken":0,"max_hp_gain":0,"max_hp_loss":0,"event_name":"Golden Idol","floor":13,"gold_loss":0},{"damage_healed":0,"gold_gain":0,"player_choice":"Searched \u00270\u0027 times","damage_taken":0,"max_hp_gain":0,"max_hp_loss":0,"event_name":"Dead Adventurer","floor":14,"gold_loss":0}],"is_beta":false,"boss_relics":[],"items_purged_floors":[2,4],"is_endless":false,"potions_floor_spawned":[7],"killed_by":"Hexaghost","ascension_level":12}