{"gold_per_floor":[14,31,31,31,47,80,80,99,124,168,168,246,246,40,40,170,233,248,248,248,267,267,267,290,331,331,331,87,110,110,154,154,283,283,296,296,320,333,5,5,40,40,90,102,134,171,25,48,48,48,48,48,48,79,79],"floor_reached":55,"playtime":8438,"items_purged":[],"score":778,"play_id":"91864748-d3c5-4e08-8630-cb56dbfd0e27","local_time":"20190701050011","is_ascension_mode":true,"campfire_choices":[{"floor":7,"key":"REST"},{"data":"Genetic Algorithm","floor":11,"key":"SMITH"},{"floor":15,"key":"REST"},{"data":"Double Energy","floor":23,"key":"SMITH"},{"floor":30,"key":"REST"},{"floor":32,"key":"RECALL"},{"floor":40,"key":"REST"},{"data":"Fission","floor":42,"key":"SMITH"},{"data":"Creative AI","floor":44,"key":"SMITH"},{"data":"Amplify","floor":49,"key":"SMITH"},{"data":"Amplify","floor":52,"key":"SMITH"}],"neow_cost":"NO_GOLD","seed_source_timestamp":112112790359085,"circlet_count":0,"master_deck":["Strike_B","Strike_B","Defend_B","Defend_B+1","Defend_B","Defend_B","Zap","Dualcast","Ball Lightning","Sweeping Beam+1","Beam Cell","Genetic Algorithm+1","Ball Lightning","Redo","Ball Lightning","FTL","Creative AI+1","Gash","Amplify+1","Double Energy+1","BootSequence","Fission+1","Force Field","Conserve Battery","Conserve Battery+1","Defragment","Panacea","Compile Driver+1","Chill","Amplify+1","Tempest+1","Force Field","Beam Cell","Panache","Stack","Gash","Self Repair","All For One","Hologram+1","Double Energy+1","Aggregate","Dramatic Entrance","Double Energy+1","Cold Snap"],"relics":["Cracked Core","Torii","Golden Idol","Regal Pillow","Vajra","Orichalcum","Kunai","Tiny House","Enchiridion","Sundial","Meat on the Bone","Bag of Marbles","Happy Flower","Eternal Feather","Gambling Chip","MawBank","Anchor"],"potions_floor_usage":[6,10,16,24,24,24,25,33,35,35,50,50,55],"damage_taken":[{"damage":0,"enemies":"2 Louse","floor":1,"turns":2},{"damage":1,"enemies":"Small Slimes","floor":2,"turns":2},{"damage":1,"enemies":"Jaw Worm","floor":5,"turns":3},{"damage":34,"enemies":"Lagavulin","floor":6,"turns":6},{"damage":7,"enemies":"3 Louse","floor":8,"turns":3},{"damage":1,"enemies":"Gremlin Nob","floor":10,"turns":3},{"damage":8,"enemies":"Gremlin Nob","floor":12,"turns":3},{"damage":30,"enemies":"The Guardian","floor":16,"turns":8},{"damage":1,"enemies":"Chosen","floor":18,"turns":4},{"damage":12,"enemies":"Spheric Guardian","floor":21,"turns":4},{"damage":8,"enemies":"Snecko","floor":24,"turns":6},{"damage":1,"enemies":"Gremlin Leader","floor":25,"turns":6},{"damage":8,"enemies":"Snake Plant","floor":29,"turns":5},{"damage":13,"enemies":"Slavers","floor":31,"turns":5},{"damage":70,"enemies":"Champ","floor":33,"turns":10},{"damage":7,"enemies":"Orb Walker","floor":35,"turns":3},{"damage":10,"enemies":"3 Darklings","floor":37,"turns":7},{"damage":14,"enemies":"Maw","floor":38,"turns":8},{"damage":7,"enemies":"Nemesis","floor":41,"turns":7},{"damage":14,"enemies":"Writhing Mass","floor":45,"turns":5},{"damage":22,"enemies":"3 Darklings","floor":46,"turns":4},{"damage":0,"enemies":"Transient","floor":48,"turns":5},{"damage":67,"enemies":"Awakened One","floor":50,"turns":17},{"damage":49,"enemies":"Shield and Spear","floor":54,"turns":7},{"damage":55,"enemies":"The Heart","floor":55,"turns":3}],"seed_played":"1055275365562285075","potions_obtained":[{"floor":2,"key":"Fire Potion"},{"floor":6,"key":"GamblersBrew"},{"floor":12,"key":"SteroidPotion"},{"floor":16,"key":"Weak Potion"},{"floor":17,"key":"Swift Potion"},{"floor":21,"key":"Swift Potion"},{"floor":24,"key":"EssenceOfSteel"},{"floor":29,"key":"AttackPotion"},{"floor":33,"key":"EntropicBrew"},{"floor":38,"key":"Fire Potion"},{"floor":46,"key":"Strength Potion"}],"is_trial":false,"path_per_floor":["M","M","?","?","M","E","R","M","T","E","R","?","?","$","R","B",null,"M","?","?","M","T","R","M","E","T","?","$","M","R","E","R","B",null,"M","?","M","M","$","R","E","R","T","R","M","M","$","M","R","B",null,"R","$","E","B"],"character_chosen":"DEFECT","items_purchased":["FTL","Creative AI","Gash","Bag of Marbles","Panacea","Panache","Stack","Gash","Self Repair","Aggregate","Dramatic Entrance"],"campfire_rested":4,"item_purchase_floors":[14,14,14,28,28,39,39,39,39,47,47],"current_hp_per_floor":[75,74,79,59,58,24,63,56,56,55,55,47,47,47,80,50,85,84,84,68,56,56,56,48,47,47,47,47,51,85,72,72,14,85,78,70,60,46,46,85,85,85,85,85,78,63,63,63,85,37,85,85,85,55,0],"gold":79,"neow_bonus":"ONE_RARE_RELIC","is_prod":false,"is_daily":false,"chose_seed":false,"campfire_upgraded":6,"win_rate":1,"timestamp":1561971611,"path_taken":["M","M","?","?","M","E","R","M","T","E","R","?","?","?","R","BOSS","M","?","?","M","?","R","M","E","T","?","$","M","R","E","R","BOSS","M","?","?","M","?","R","E","R","T","R","M","M","?","M","R","BOSS","R","$","E","BOSS"],"build_version":"2019-01-23","purchased_purges":0,"victory":false,"max_hp_per_floor":[75,75,80,80,80,80,80,80,80,80,80,80,80,80,80,80,85,85,85,85,85,85,85,85,85,85,85,85,85,85,85,85,85,85,85,85,85,85,85,85,85,85,85,85,85,85,85,85,85,85,85,85,85,85,85],"card_choices":[{"not_picked":["Hologram","Streamline"],"picked":"Ball Lightning","floor":1},{"not_picked":["Auto Shields","Beam Cell"],"picked":"Sweeping Beam","floor":2},{"not_picked":["Streamline","Leap"],"picked":"Beam Cell","floor":5},{"not_picked":["Reprogram","Reboot"],"picked":"Genetic Algorithm","floor":6},{"not_picked":["Streamline","Turbo"],"picked":"Ball Lightning","floor":8},{"not_picked":["Sweeping Beam","Steam Power"],"picked":"Redo","floor":10},{"not_picked":["Rebound","Streamline"],"picked":"Ball Lightning","floor":12},{"not_picked":["Rainbow","Creative AI"],"picked":"Amplify","floor":16},{"not_picked":["Steam Power","Sweeping Beam"],"picked":"Double Energy","floor":17},{"not_picked":["Consume","Compile Driver+1"],"picked":"BootSequence","floor":18},{"not_picked":["Stack+1","Machine Learning"],"picked":"Conserve Battery","floor":21},{"not_picked":["Turbo","Sweeping Beam"],"picked":"Conserve Battery+1","floor":24},{"not_picked":["Glacier","Amplify"],"picked":"Defragment","floor":25},{"not_picked":["Turbo","Tempest"],"picked":"Compile Driver+1","floor":29},{"not_picked":["Darkness","Rip and Tear"],"picked":"Chill","floor":31},{"not_picked":["Creative AI","Buffer"],"picked":"Amplify","floor":33},{"not_picked":["Streamline+1","Compile Driver"],"picked":"Tempest+1","floor":35},{"not_picked":["Undo+1","Redo"],"picked":"Force Field","floor":37},{"not_picked":["Turbo","Compile Driver"],"picked":"Beam Cell","floor":38},{"not_picked":["Defragment","Coolheaded+1"],"picked":"All For One","floor":41},{"not_picked":["Conserve Battery","Streamline+1"],"picked":"Hologram+1","floor":45},{"not_picked":["Heatsinks+1","Go for the Eyes+1"],"picked":"Double Energy+1","floor":46},{"not_picked":["White Noise","Hologram"],"picked":"Double Energy+1","floor":48},{"not_picked":["Compile Driver","Electrodynamics"],"picked":"Cold Snap","floor":54}],"player_experience":51173,"relics_obtained":[{"floor":6,"key":"Regal Pillow"},{"floor":9,"key":"Vajra"},{"floor":10,"key":"Orichalcum"},{"floor":12,"key":"Kunai"},{"floor":20,"key":"Enchiridion"},{"floor":25,"key":"Sundial"},{"floor":26,"key":"Meat on the Bone"},{"floor":31,"key":"Happy Flower"},{"floor":41,"key":"Gambling Chip"},{"floor":43,"key":"MawBank"},{"floor":54,"key":"Anchor"}],"event_choices":[{"damage_healed":0,"gold_gain":0,"player_choice":"Donut","damage_taken":0,"max_hp_gain":5,"max_hp_loss":0,"event_name":"Big Fish","floor":3,"gold_loss":0},{"damage_healed":0,"gold_gain":0,"player_choice":"Take Damage","damage_taken":20,"relics_obtained":["Golden Idol"],"max_hp_gain":0,"max_hp_loss":0,"event_name":"Golden Idol","floor":4,"gold_loss":0},{"damage_healed":0,"gold_gain":0,"player_choice":"Searched \u00272\u0027 times","damage_taken":0,"max_hp_gain":0,"max_hp_loss":0,"event_name":"Dead Adventurer","floor":12,"gold_loss":0},{"damage_healed":0,"gold_gain":0,"player_choice":"Grow","damage_taken":0,"max_hp_gain":0,"max_hp_loss":0,"event_name":"Living Wall","floor":13,"gold_loss":0,"cards_upgraded":["Sweeping Beam"]},{"damage_healed":0,"gold_gain":0,"cards_transformed":["Strike_B","Strike_B"],"player_choice":"Became Test Subject","damage_taken":0,"max_hp_gain":0,"max_hp_loss":0,"event_name":"Drug Dealer","floor":19,"gold_loss":0,"cards_obtained":["Fission","Force Field"]},{"damage_healed":0,"gold_gain":0,"player_choice":"Obtained Book","damage_taken":16,"max_hp_gain":0,"max_hp_loss":0,"event_name":"Cursed Tome","floor":20,"gold_loss":0},{"damage_healed":0,"gold_gain":0,"player_choice":"Ignored","damage_taken":0,"max_hp_gain":0,"max_hp_loss":0,"event_name":"Ghosts","floor":27,"gold_loss":0},{"damage_healed":0,"gold_gain":0,"player_choice":"Damaged","damage_taken":8,"max_hp_gain":0,"max_hp_loss":0,"event_name":"Wheel of Change","floor":36,"gold_loss":0}],"is_beta":false,"boss_relics":[{"not_picked":["Philosopher\u0027s Stone","Fusion Hammer"],"picked":"Tiny House"},{"not_picked":["FrozenCore","White Beast Statue"],"picked":"Eternal Feather"}],"items_purged_floors":[],"is_endless":false,"potions_floor_spawned":[2,6,12,16,21,24,29,33,38,41,46],"killed_by":"The Heart","ascension_level":1}