{"gold_per_floor":[419,6,22,37,54,54,31,47,47,47,47,58,58,76,76,181,181,196,34,47,61,90,90,117,129,178,178,190,220,220],"floor_reached":30,"playtime":2507,"items_purged":["Clumsy"],"score":289,"play_id":"3b7f6ba1-82d0-4729-b809-65878d392fcd","local_time":"20190812012124","is_ascension_mode":false,"campfire_choices":[{"data":"Endless Agony","floor":6.0,"key":"SMITH"},{"floor":11.0,"key":"REST"},{"data":"PiercingWail","floor":13.0,"key":"SMITH"},{"data":"Prepared","floor":15.0,"key":"SMITH"},{"floor":23,"key":"REST"},{"floor":27,"key":"REST"}],"neow_cost":"CURSE","seed_source_timestamp":268396212056908,"circlet_count":0,"master_deck":["Strike_G","Strike_G","Strike_G","Strike_G","Strike_G","Defend_G","Defend_G","Defend_G","Defend_G","Defend_G","Survivor","Neutralize","Backstab","The Bomb","Noxious Fumes","Eviscerate","Heel Hook","Endless Agony+1","Deflect","Backstab","Backflip","Night Terror+1","PiercingWail+1","Prepared+1","Bullet Time","Poisoned Stab","A Thousand Cuts","Dramatic Entrance","Quick Slash+1","Sucker Punch","Blur","Prepared+1","Expertise+1","Deflect+1","Deadly Poison+1"],"special_seed":0,"relics":["Ring of the Snake","Old Coin","Mercury Hourglass","WristBlade","Red Mask","Toxic Egg 2","PreservedInsect","Shuriken"],"potions_floor_usage":[24,24,29],"damage_taken":[{"damage":0.0,"enemies":"Cultist","floor":1.0,"turns":4.0},{"damage":1.0,"enemies":"2 Louse","floor":3.0,"turns":3.0},{"damage":3.0,"enemies":"Jaw Worm","floor":4.0,"turns":3.0},{"damage":11.0,"enemies":"Exordium Thugs","floor":5.0,"turns":6.0},{"damage":0.0,"enemies":"Lots of Slimes","floor":8.0,"turns":4.0},{"damage":0.0,"enemies":"2 Fungi Beasts","floor":12.0,"turns":2.0},{"damage":0.0,"enemies":"Large Slime","floor":14.0,"turns":4.0},{"damage":35.0,"enemies":"Hexaghost","floor":16.0,"turns":10.0},{"damage":12,"enemies":"Shell Parasite","floor":18,"turns":6},{"damage":0,"enemies":"Spheric Guardian","floor":20,"turns":2},{"damage":0,"enemies":"Cultist and Chosen","floor":21,"turns":4},{"damage":14,"enemies":"Masked Bandits","floor":22,"turns":5},{"damage":49,"enemies":"Book of Stabbing","floor":24,"turns":7},{"damage":7,"enemies":"Sentry and Sphere","floor":25,"turns":5},{"damage":18,"enemies":"Snecko","floor":28,"turns":4},{"damage":12,"enemies":"Gremlin Leader","floor":29,"turns":3},{"damage":16,"enemies":"Shelled Parasite and Fungi","floor":30,"turns":3}],"seed_played":"5902725103723677851","potions_obtained":[{"floor":1.0,"key":"Dexterity Potion"},{"floor":4.0,"key":"Regen Potion"},{"floor":12.0,"key":"AttackPotion"},{"floor":18,"key":"FearPotion"},{"floor":20,"key":"SkillPotion"}],"is_trial":false,"path_per_floor":["M","$","M","M","M","R","$","M","T","?","R","M","R","M","R","B",null,"M","$","M","M","?","R","E","M","T","R","M","E","M"],"character_chosen":"THE_SILENT","items_purchased":["The Bomb","Noxious Fumes","Eviscerate","Heel Hook","Backflip","A Thousand Cuts","Dramatic Entrance"],"campfire_rested":3,"item_purchase_floors":[2,2,2,2,7,19,19],"current_hp_per_floor":[70,70,69,66,55,55,55,55,55,55,70,70,70,70,70,35,70,58,58,58,58,44,65,31,24,24,45,27,15,0],"gold":220,"neow_bonus":"ONE_RARE_RELIC","is_prod":false,"is_daily":false,"chose_seed":false,"campfire_upgraded":3,"win_rate":0.0,"timestamp":1565587284,"path_taken":["M","$","M","M","M","R","$","M","T","?","R","M","R","?","R","BOSS","M","$","M","M","?","R","E","M","T","R","M","E","M"],"build_version":"2019-07-17","purchased_purges":1,"victory":false,"max_hp_per_floor":[70,70,70,70,70,70,70,70,70,70,70,70,70,70,70,70,70,70,70,70,70,70,70,70,70,70,70,70,70,70],"card_choices":[{"not_picked":["Deadly Poison","Blade Dance"],"picked":"Backstab","floor":1.0},{"not_picked":["Predator","Slice"],"picked":"Endless Agony","floor":3.0},{"not_picked":["Outmaneuver","Dodge and Roll"],"picked":"Deflect","floor":4.0},{"not_picked":["Leg Sweep","Dagger Spray"],"picked":"Backstab","floor":5.0},{"not_picked":["Finisher","Blade Dance"],"picked":"Night Terror","floor":8.0},{"not_picked":["Slice","Backflip"],"picked":"PiercingWail","floor":12.0},{"not_picked":["Deadly Poison","Poisoned Stab"],"picked":"Prepared","floor":14.0},{"not_picked":["Burst","A Thousand Cuts"],"picked":"Bullet Time","floor":16.0},{"not_picked":["Backflip","Dagger Spray"],"picked":"Poisoned Stab","floor":18},{"not_picked":["Heel Hook","Prepared"],"picked":"Quick Slash+1","floor":20},{"not_picked":["Riddle With Holes","Blade Dance"],"picked":"Sucker Punch","floor":21},{"not_picked":["Acrobatics","Well Laid Plans"],"picked":"Blur","floor":22},{"not_picked":["Dodge and Roll","Tools of the Trade"],"picked":"Prepared+1","floor":24},{"not_picked":["Slice","Dagger Throw"],"picked":"Expertise+1","floor":25},{"not_picked":["Heel Hook","Blade Dance+1"],"picked":"Deflect+1","floor":28},{"not_picked":["Backflip+1","Quick Slash"],"picked":"Deadly Poison+1","floor":29}],"player_experience":29579,"relics_obtained":[{"floor":9.0,"key":"Mercury Hourglass"},{"floor":22,"key":"Red Mask"},{"floor":24,"key":"Toxic Egg 2"},{"floor":26,"key":"PreservedInsect"},{"floor":29,"key":"Shuriken"}],"event_choices":[{"damage_healed":0.0,"max_hp_gain":0.0,"max_hp_loss":0.0,"gold_gain":0.0,"event_name":"Accursed Blacksmith","player_choice":"Forge","floor":10.0,"gold_loss":0.0,"damage_taken":0.0,"cards_upgraded":["Night Terror"]},{"damage_healed":0,"gold_gain":0,"player_choice":"Fought Bandits","damage_taken":0,"max_hp_gain":0,"max_hp_loss":0,"event_name":"Masked Bandits","floor":22,"gold_loss":0}],"is_beta":false,"boss_relics":[{"not_picked":["HoveringKite","Eternal Feather"],"picked":"WristBlade"}],"items_purged_floors":[2],"is_endless":false,"potions_floor_spawned":[1,4,12,18,20,21],"killed_by":"Shelled Parasite and Fungi","ascension_level":0}