{"gold_per_floor":[114,74,91,102,117,148,165,165,213,1,34,48,223,42,42,141,141,154,167,1,100,100,100,25,25,51,61,96,124,142,155,155,255,255,265,8,25,25],"floor_reached":38,"playtime":3509,"items_purged":["Doubt","Doubt"],"score":431,"play_id":"060e8e87-3f1e-46ef-9a89-4d0fdd98f583","local_time":"20190823155113","is_ascension_mode":false,"campfire_choices":[{"floor":8,"key":"RECALL"},{"floor":15,"key":"REST"},{"floor":23,"key":"REST"},{"data":"Fusion","floor":25,"key":"SMITH"},{"floor":32,"key":"REST"}],"neow_cost":"NONE","seed_source_timestamp":3555770883745,"circlet_count":0,"master_deck":["Strike_B","Strike_B","Strike_B","Defend_B","Zap","Dualcast","Trip","Reinforced Body","Conserve Battery","Genetic Algorithm","Chill","Stack","Self Repair","Secret Weapon","Conserve Battery","Redo","Go for the Eyes","Auto Shields","Turbo","Fission","Capacitor+1","Loop+1","Meteor Strike+1","Rebound+1","Leap+1","PanicButton","Fusion+1","Turbo","Double Energy","Stack","Sweeping Beam+1","Defragment+1","Fission","Shame","Doubt","Leap","Doom and Gloom","Turbo","Rip and Tear","FTL+1"],"relics":["Cracked Core","Mercury Hourglass","Symbiotic Virus","Astrolabe","Nilry\u0027s Codex","Blood Vial","Red Mask","Juzu Bracelet","Calling Bell","PreservedInsect","Pantograph","Peace Pipe"],"potions_floor_usage":[6,11,11,28,29,29,38],"damage_taken":[{"damage":1,"enemies":"Jaw Worm","floor":1,"turns":3},{"damage":0,"enemies":"Cultist","floor":3,"turns":3},{"damage":7,"enemies":"2 Louse","floor":4,"turns":2},{"damage":0,"enemies":"2 Fungi Beasts","floor":5,"turns":4},{"damage":16,"enemies":"Gremlin Nob","floor":6,"turns":4},{"damage":1,"enemies":"Large Slime","floor":7,"turns":6},{"damage":10,"enemies":"Lagavulin","floor":11,"turns":10},{"damage":7,"enemies":"3 Louse","floor":12,"turns":2},{"damage":5,"enemies":"Slime Boss","floor":16,"turns":6},{"damage":8,"enemies":"Shell Parasite","floor":18,"turns":7},{"damage":5,"enemies":"Spheric Guardian","floor":19,"turns":4},{"damage":0,"enemies":"Centurion and Healer","floor":27,"turns":5},{"damage":45,"enemies":"Masked Bandits","floor":28,"turns":5},{"damage":17,"enemies":"Slavers","floor":29,"turns":5},{"damage":0,"enemies":"Chosen and Byrds","floor":30,"turns":6},{"damage":15,"enemies":"Snecko","floor":31,"turns":5},{"damage":50,"enemies":"Automaton","floor":33,"turns":12},{"damage":30,"enemies":"3 Shapes","floor":35,"turns":5},{"damage":2,"enemies":"3 Darklings","floor":37,"turns":6},{"damage":59,"enemies":"Maw","floor":38,"turns":8}],"seed_played":"4015409980789233079","potions_obtained":[{"floor":2,"key":"LiquidBronze"},{"floor":2,"key":"AttackPotion"},{"floor":2,"key":"SmokeBomb"},{"floor":5,"key":"Explosive Potion"},{"floor":11,"key":"Swift Potion"},{"floor":16,"key":"FairyPotion"},{"floor":18,"key":"AttackPotion"},{"floor":19,"key":"Block Potion"},{"floor":28,"key":"GamblersBrew"},{"floor":30,"key":"Ancient Potion"},{"floor":33,"key":"Weak Potion"},{"floor":35,"key":"SteroidPotion"}],"is_trial":false,"path_per_floor":["M","?","M","M","M","E","M","R","T","$","E","M","?","$","R","B",null,"M","M","$","?","?","R","?","R","T","M","?","E","M","M","R","B",null,"M","$","M","M"],"character_chosen":"DEFECT","items_purchased":["Secret Weapon","Conserve Battery","Auto Shields","Turbo","PanicButton","Fusion","Doom and Gloom","Turbo","Rip and Tear"],"campfire_rested":3,"item_purchase_floors":[10,10,14,14,20,20,36,36,36],"current_hp_per_floor":[74,74,74,67,67,51,50,50,50,50,47,47,47,47,69,64,75,74,69,69,69,53,75,75,75,75,75,37,29,38,25,47,14,75,52,52,52,0],"gold":25,"neow_bonus":"RANDOM_COLORLESS","is_prod":false,"is_daily":false,"chose_seed":false,"campfire_upgraded":1,"win_rate":0,"timestamp":1566589873,"path_taken":["M","?","M","M","M","E","?","R","T","$","E","M","?","$","R","BOSS","M","M","$","?","?","R","?","R","T","M","?","E","M","M","R","BOSS","M","$","M","M"],"build_version":"2019-07-17","purchased_purges":2,"victory":false,"max_hp_per_floor":[75,75,75,75,75,75,75,75,75,75,75,75,75,75,75,75,75,75,75,75,75,75,75,75,75,75,75,75,75,75,75,75,75,75,75,75,75,75],"card_choices":[{"not_picked":["Streamline","Ball Lightning"],"picked":"Reinforced Body","floor":1},{"not_picked":["Redo","Hello World"],"picked":"Conserve Battery","floor":3},{"not_picked":["Turbo","Redo"],"picked":"Genetic Algorithm","floor":4},{"not_picked":["Barrage","Defragment"],"picked":"Chill","floor":5},{"not_picked":["Steam","Defragment"],"picked":"Stack","floor":6},{"not_picked":["Melter","Sweeping Beam"],"picked":"Self Repair","floor":7},{"not_picked":["Leap","Static Discharge"],"picked":"Redo","floor":11},{"not_picked":["Storm","Reinforced Body"],"picked":"Go for the Eyes","floor":12},{"not_picked":["Seek","All For One"],"picked":"Fission","floor":16},{"not_picked":["Conserve Battery+1","Recycle+1"],"picked":"Rebound+1","floor":18},{"not_picked":["Steam","Conserve Battery"],"picked":"Leap+1","floor":19},{"not_picked":["Sweeping Beam","Biased Cognition"],"picked":"Turbo","floor":27},{"not_picked":["Barrage","Streamline"],"picked":"Double Energy","floor":28},{"not_picked":["Chaos","Barrage+1"],"picked":"Stack","floor":29},{"not_picked":["Conserve Battery","Leap"],"picked":"Sweeping Beam+1","floor":30},{"not_picked":["Cold Snap","Ball Lightning"],"picked":"Defragment+1","floor":31},{"not_picked":["Machine Learning","Seek"],"picked":"Fission","floor":33},{"not_picked":["Barrage","Aggregate"],"picked":"Leap","floor":35},{"not_picked":["Skim","Redo"],"picked":"FTL+1","floor":37}],"player_experience":94430,"relics_obtained":[{"floor":6,"key":"Mercury Hourglass"},{"floor":11,"key":"Symbiotic Virus"},{"floor":22,"key":"Nilry\u0027s Codex"},{"floor":26,"key":"Blood Vial"},{"floor":28,"key":"Red Mask"},{"floor":29,"key":"Juzu Bracelet"},{"floor":34,"key":"PreservedInsect"},{"floor":34,"key":"Pantograph"},{"floor":34,"key":"Peace Pipe"}],"event_choices":[{"damage_healed":0,"gold_gain":0,"player_choice":"Bought 3 Potions","damage_taken":0,"max_hp_gain":0,"max_hp_loss":0,"event_name":"The Woman in Blue","floor":2,"gold_loss":0},{"damage_healed":0,"gold_gain":175,"player_choice":"AGREE","damage_taken":0,"max_hp_gain":0,"max_hp_loss":0,"event_name":"Liars Game","floor":13,"gold_loss":0,"cards_obtained":["Doubt"]},{"damage_healed":0,"gold_gain":99,"player_choice":"Stole From Cult","damage_taken":0,"max_hp_gain":0,"max_hp_loss":0,"event_name":"Nest","floor":21,"gold_loss":0},{"damage_healed":0,"gold_gain":0,"player_choice":"Obtained Book","damage_taken":16,"max_hp_gain":0,"max_hp_loss":0,"event_name":"Cursed Tome","floor":22,"gold_loss":0},{"cards_removed":["Defend_B"],"damage_healed":0,"gold_gain":0,"player_choice":"Gave Gold","damage_taken":0,"max_hp_gain":0,"max_hp_loss":0,"event_name":"Beggar","floor":24,"gold_loss":75},{"damage_healed":0,"gold_gain":0,"player_choice":"Fought Bandits","damage_taken":0,"max_hp_gain":0,"max_hp_loss":0,"event_name":"Masked Bandits","floor":28,"gold_loss":0}],"is_beta":false,"boss_relics":[{"not_picked":["Black Star","Tiny House"],"picked":"Astrolabe"},{"not_picked":["Snecko Eye","White Beast Statue"],"picked":"Calling Bell"}],"items_purged_floors":[14,36],"is_endless":false,"potions_floor_spawned":[5,11,16,18,19,28,30,33,35],"killed_by":"Maw","ascension_level":0}