{"gold_per_floor":[111,111,129,129,140,168,168,93,93,113,113,38,38,58,58,136,136,150,150,150,163,63,90,90,90],"floor_reached":25,"playtime":931,"items_purged":["Strike_B","Defend_B"],"score":394,"play_id":"4208fa84-5cce-4e0b-a760-6ec1a8e48ca5","local_time":"20190816230213","is_ascension_mode":true,"campfire_choices":[{"data":"Zap","floor":7,"key":"SMITH"},{"data":"Dualcast","floor":13,"key":"SMITH"},{"data":"Streamline","floor":15,"key":"SMITH"},{"floor":24,"key":"REST"}],"neow_cost":"NONE","seed_source_timestamp":1324780288747592,"circlet_count":0,"master_deck":["AscendersBane","Defend_B","Defend_B","Defend_B","Zap+1","Dualcast+1","Gash","Gash","White Noise","Streamline+1","Steam","Core Surge","Coolheaded","FTL","Compile Driver","Conserve Battery","Self Repair"],"relics":["Cracked Core","NeowsBlessing","Turnip","Emotion Chip","Pear","Inserter","Potion Belt"],"potions_floor_usage":[6,23,23],"damage_taken":[{"damage":0,"enemies":"Small Slimes","floor":1,"turns":1},{"damage":0,"enemies":"Cultist","floor":3,"turns":1},{"damage":0,"enemies":"2 Louse","floor":5,"turns":1},{"damage":12,"enemies":"Gremlin Nob","floor":6,"turns":4},{"damage":10,"enemies":"2 Fungi Beasts","floor":10,"turns":4},{"damage":8,"enemies":"Blue Slaver","floor":14,"turns":2},{"damage":13,"enemies":"Slime Boss","floor":16,"turns":7},{"damage":19,"enemies":"Chosen","floor":18,"turns":5},{"damage":17,"enemies":"Shell Parasite","floor":21,"turns":5},{"damage":33,"enemies":"Book of Stabbing","floor":23,"turns":5},{"damage":47,"enemies":"Slavers","floor":25,"turns":3}],"seed_played":"3048632410963243127","potions_obtained":[{"floor":1,"key":"Block Potion"},{"floor":3,"key":"LiquidBronze"},{"floor":6,"key":"EssenceOfSteel"}],"is_trial":false,"path_per_floor":["M","?","M","?","M","E","R","?","T","M","$","$","R","M","R","B",null,"M","?","?","M","$","E","R","E"],"character_chosen":"DEFECT","items_purchased":[],"campfire_rested":1,"item_purchase_floors":[],"current_hp_per_floor":[64,60,60,55,55,43,43,43,53,43,43,43,43,35,35,22,66,47,63,63,46,46,13,37,0],"gold":90,"neow_bonus":"THREE_ENEMY_KILL","is_prod":false,"is_daily":false,"chose_seed":false,"campfire_upgraded":3,"win_rate":0,"timestamp":1565964133,"path_taken":["M","?","?","?","M","E","R","?","T","M","?","$","R","M","R","BOSS","M","?","?","M","$","E","R","E"],"build_version":"2019-07-17","purchased_purges":2,"victory":false,"max_hp_per_floor":[71,71,71,71,71,71,71,71,81,81,81,81,81,81,81,81,81,81,81,81,81,81,81,81,81],"card_choices":[{"not_picked":["Recycle","Rebound","Hello World"],"picked":"SKIP","floor":1},{"not_picked":["Chill","Coolheaded"],"picked":"Gash","floor":3},{"not_picked":["Conserve Battery","Stack"],"picked":"Gash","floor":5},{"not_picked":["Ball Lightning","Hello World"],"picked":"White Noise","floor":6},{"not_picked":["Double Energy","Force Field"],"picked":"Streamline","floor":10},{"not_picked":["Recycle","Leap"],"picked":"Steam","floor":14},{"not_picked":["Hyperbeam","Rainbow"],"picked":"Core Surge","floor":16},{"not_picked":["Conserve Battery","Chaos"],"picked":"Coolheaded","floor":18},{"not_picked":["Coolheaded","Barrage"],"picked":"Conserve Battery","floor":21},{"not_picked":["Doom and Gloom","Rip and Tear"],"picked":"Self Repair","floor":23}],"player_experience":500906,"relics_obtained":[{"floor":6,"key":"Emotion Chip"},{"floor":9,"key":"Pear"},{"floor":23,"key":"Potion Belt"}],"event_choices":[{"damage_healed":0,"gold_gain":0,"player_choice":"Bought 0 Potions","damage_taken":0,"max_hp_gain":0,"max_hp_loss":0,"event_name":"The Woman in Blue","floor":2,"gold_loss":0},{"damage_healed":0,"gold_gain":0,"player_choice":"Success","damage_taken":5,"relics_obtained":["Turnip"],"max_hp_gain":0,"max_hp_loss":0,"event_name":"Scrap Ooze","floor":4,"gold_loss":0},{"cards_removed":["Strike_B"],"damage_healed":0,"gold_gain":0,"player_choice":"Card Removal","damage_taken":0,"max_hp_gain":0,"max_hp_loss":0,"event_name":"The Cleric","floor":8,"gold_loss":75},{"damage_healed":16,"gold_gain":0,"player_choice":"Heal","damage_taken":0,"max_hp_gain":0,"max_hp_loss":0,"event_name":"The Library","floor":19,"gold_loss":0},{"damage_healed":0,"gold_gain":0,"cards_transformed":["Strike_B","Strike_B"],"player_choice":"Became Test Subject","damage_taken":0,"max_hp_gain":0,"max_hp_loss":0,"event_name":"Drug Dealer","floor":20,"gold_loss":0,"cards_obtained":["FTL","Compile Driver"]}],"is_beta":false,"boss_relics":[{"not_picked":["FrozenCore","Lizard Tail"],"picked":"Inserter"}],"items_purged_floors":[12,22],"is_endless":false,"potions_floor_spawned":[1,3,6,10,16],"killed_by":"Slavers","ascension_level":16}