{"gold_per_floor":[112,59,59,77,93,93,107,107,187,204,221,221,235,235,235,337,337,321,420,433,444,444,444,464,474,474,474,76,76,76,86,86,86],"floor_reached":33,"playtime":2455,"items_purged":[],"score":314,"play_id":"0bd39622-8dcf-463d-81b6-0a7d68aa91a9","local_time":"20180920095057","is_ascension_mode":true,"campfire_choices":[{"data":"Armaments","floor":6,"key":"SMITH"},{"data":"Uppercut","floor":12,"key":"SMITH"},{"data":"Bash","floor":15,"key":"SMITH"},{"data":"True Grit","floor":23,"key":"SMITH"},{"data":"True Grit","floor":32,"key":"SMITH"}],"neow_cost":"NONE","seed_source_timestamp":649910580149807,"circlet_count":0,"master_deck":["Defend_R+1","Defend_R+1","Defend_R+1","Defend_R+1","Bash+1","Whirlwind","Armaments+1","Uppercut+1","Battle Trance","Ghostly Armor","Impervious","True Grit+1","Bite","Bite","Bite","Bite","Bite","Headbutt+1","True Grit+1"],"relics":["Burning Blood","Omamori","Regal Pillow","Kunai","The Courier","Coffee Dripper","Self Forming Clay","Meat on the Bone","Happy Flower"],"potions_floor_usage":[21,25,33,33],"damage_taken":[{"damage":5,"enemies":"2 Louse","floor":1,"turns":4},{"damage":5,"enemies":"Small Slimes","floor":4,"turns":3},{"damage":4,"enemies":"Jaw Worm","floor":5,"turns":2},{"damage":3,"enemies":"3 Louse","floor":7,"turns":5},{"damage":6,"enemies":"2 Fungi Beasts","floor":10,"turns":4},{"damage":5,"enemies":"Lots of Slimes","floor":11,"turns":2},{"damage":7,"enemies":"3 Louse","floor":13,"turns":3},{"damage":56,"enemies":"The Guardian","floor":16,"turns":13},{"damage":4,"enemies":"2 Thieves","floor":18,"turns":4},{"damage":6,"enemies":"Shell Parasite","floor":20,"turns":6},{"damage":51,"enemies":"3 Cultists","floor":21,"turns":8},{"damage":9,"enemies":"Chosen and Byrds","floor":24,"turns":8},{"damage":25,"enemies":"Cultist and Chosen","floor":25,"turns":6},{"damage":13,"enemies":"Centurion and Healer","floor":31,"turns":9},{"damage":101,"enemies":"Automaton","floor":33,"turns":14}],"seed_played":"7147880467906926794","potions_obtained":[{"floor":1,"key":"FairyPotion"},{"floor":4,"key":"BloodPotion"},{"floor":10,"key":"PowerPotion"},{"floor":11,"key":"Regen Potion"},{"floor":31,"key":"PowerPotion"}],"is_trial":false,"path_per_floor":["M","$","?","M","M","R","M","?","T","M","M","R","M","T","R","B",null,"M","?","M","M","?","R","M","M","T","?","$","?","?","M","R"],"character_chosen":"IRONCLAD","items_purchased":["Armaments","Dexterity Potion","Meat on the Bone","Happy Flower","True Grit"],"campfire_rested":0,"item_purchase_floors":[2,28,28,28,28],"current_hp_per_floor":[80,80,73,74,76,76,79,79,79,79,80,80,79,79,79,29,80,80,80,80,43,43,43,50,39,39,56,56,56,56,56,56,0],"gold":86,"neow_bonus":"RANDOM_COMMON_RELIC","is_prod":false,"is_daily":false,"chose_seed":false,"campfire_upgraded":5,"win_rate":0,"timestamp":1537455057,"path_taken":["M","$","?","M","M","R","M","?","T","M","M","R","?","?","R","BOSS","M","?","?","M","?","R","M","M","T","?","$","?","?","M","R","BOSS"],"build_version":"2018-09-06","purchased_purges":0,"victory":false,"max_hp_per_floor":[80,80,80,80,80,80,80,80,80,80,80,80,80,80,80,80,80,80,80,80,80,56,56,56,56,56,56,56,56,56,56,56,56],"card_choices":[{"not_picked":["Headbutt","Iron Wave"],"picked":"Whirlwind","floor":1},{"not_picked":["Heavy Blade","True Grit"],"picked":"Uppercut","floor":4},{"not_picked":["Flame Barrier","Havoc"],"picked":"Battle Trance","floor":5},{"not_picked":["Rampage","Second Wind","Perfected Strike"],"picked":"SKIP","floor":7},{"not_picked":["Rage","Flex"],"picked":"Ghostly Armor","floor":10},{"not_picked":["Body Slam","Berserk","Infernal Blade"],"picked":"SKIP","floor":11},{"not_picked":["Sentinel","Dual Wield","Cleave"],"picked":"SKIP","floor":13},{"not_picked":["Limit Break","Barricade"],"picked":"Impervious","floor":16},{"not_picked":["Wild Strike","Headbutt","Fire Breathing"],"picked":"SKIP","floor":18},{"not_picked":["Armaments+1","Corruption"],"picked":"Burning Pact+1","floor":20},{"not_picked":["Entrench+1","Uppercut+1"],"picked":"True Grit","floor":21},{"not_picked":["Rupture","Iron Wave"],"picked":"Headbutt+1","floor":24},{"not_picked":["Armaments","Havoc","Warcry+1"],"picked":"SKIP","floor":25},{"not_picked":["Fire Breathing","Sword Boomerang","Perfected Strike+1"],"picked":"SKIP","floor":31}],"player_experience":177725,"relics_obtained":[{"floor":9,"key":"Kunai"},{"floor":14,"key":"The Courier"},{"floor":26,"key":"Self Forming Clay"}],"event_choices":[{"event_name":"Golden Wing","player_choice":"Card Removal","floor":3,"damage_taken":0},{"event_name":"WeMeetAgain","player_choice":"Potion","floor":8,"damage_taken":0},{"event_name":"Nest","player_choice":"Stole From Cult","floor":19,"damage_taken":0},{"event_name":"Vampires","player_choice":"Became a vampire","floor":22,"damage_taken":0},{"event_name":"Bonfire Elementals","player_choice":"UNCOMMON","floor":27,"damage_taken":0},{"event_name":"Back to Basics","player_choice":"Simplicity","floor":29,"damage_taken":0},{"event_name":"Ghosts","player_choice":"Ignored","floor":30,"damage_taken":0}],"is_beta":false,"boss_relics":[{"not_picked":["Orrery","Runic Pyramid"],"picked":"Coffee Dripper"}],"items_purged_floors":[],"is_endless":false,"potions_floor_spawned":[1,4,10,11,13,20,31],"killed_by":"Automaton","ascension_level":4}