{"gold_per_floor":[116,116,128,140,158,190,38,38,112,127,127,50,50,76,76,176,176,192,117,133,144,44,44],"floor_reached":23,"playtime":1248,"items_purged":["Strike_R","Strike_R"],"score":251,"play_id":"6ac55b42-3771-4569-a912-1d9516720085","local_time":"20190827013145","is_ascension_mode":true,"campfire_choices":[{"floor":8,"key":"REST"},{"floor":11,"key":"REST"},{"floor":15,"key":"REST"}],"neow_cost":"TEN_PERCENT_HP_LOSS","seed_source_timestamp":23029582787378,"circlet_count":0,"master_deck":["Strike_R","Strike_R","Defend_R","Defend_R","Defend_R","Defend_R","Bash+1","Whirlwind","Sentinel","Uppercut","Heavy Blade","Corruption","Limit Break","Feel No Pain","Flex","Seeing Red","Barricade","Flex+1","Sentinel","Metallicize+1"],"relics":["Burning Blood","Gambling Chip","Torii","Shuriken","Dream Catcher","Coffee Dripper"],"potions_floor_usage":[6,6,6,16,23,23,23],"damage_taken":[{"damage":14,"enemies":"Jaw Worm","floor":1,"turns":3},{"damage":6,"enemies":"Cultist","floor":3,"turns":3},{"damage":8,"enemies":"2 Louse","floor":4,"turns":2},{"damage":20,"enemies":"Red Slaver","floor":5,"turns":3},{"damage":10,"enemies":"3 Sentries","floor":6,"turns":3},{"damage":34,"enemies":"Gremlin Gang","floor":10,"turns":5},{"damage":25,"enemies":"Lagavulin","floor":14,"turns":7},{"damage":43,"enemies":"The Guardian","floor":16,"turns":11},{"damage":23,"enemies":"Spheric Guardian","floor":18,"turns":4},{"damage":3,"enemies":"3 Byrds","floor":20,"turns":5},{"damage":20,"enemies":"Snecko","floor":21,"turns":5},{"damage":43,"enemies":"Gremlin Leader","floor":23,"turns":3}],"seed_played":"-6336412565833874374","potions_obtained":[{"floor":1,"key":"Regen Potion"},{"floor":4,"key":"Strength Potion"},{"floor":5,"key":"SteroidPotion"},{"floor":14,"key":"AttackPotion"},{"floor":16,"key":"Block Potion"},{"floor":20,"key":"Strength Potion"},{"floor":21,"key":"Explosive Potion"}],"is_trial":false,"path_per_floor":["M","?","M","M","M","E","$","R","T","M","R","$","?","E","R","B",null,"M","?","M","M","$","E"],"character_chosen":"IRONCLAD","items_purchased":["Limit Break","Feel No Pain"],"campfire_rested":3,"item_purchase_floors":[7,12],"current_hp_per_floor":[64,64,64,62,48,53,53,72,72,44,65,65,72,53,72,35,63,46,46,49,35,35,0],"gold":44,"neow_bonus":"ONE_RARE_RELIC","is_prod":false,"is_daily":false,"chose_seed":false,"campfire_upgraded":0,"win_rate":0,"timestamp":1566862305,"path_taken":["M","?","M","M","M","E","$","R","T","M","R","$","?","E","R","BOSS","M","?","M","M","$","E"],"build_version":"2019-07-17","purchased_purges":2,"victory":false,"max_hp_per_floor":[72,72,72,72,72,72,72,72,72,72,72,72,72,72,72,72,72,72,72,72,72,72,72],"card_choices":[{"not_picked":["Intimidate","Body Slam"],"picked":"Whirlwind","floor":1},{"not_picked":["Whirlwind","Rupture"],"picked":"Sentinel","floor":3},{"not_picked":["Dual Wield","Havoc"],"picked":"Uppercut","floor":4},{"not_picked":["Warcry","Cleave"],"picked":"Heavy Blade","floor":5},{"not_picked":["Infernal Blade","Burning Pact"],"picked":"Corruption","floor":6},{"not_picked":["Warcry","Combust"],"picked":"Pummel","floor":10},{"not_picked":["Havoc","Clothesline"],"picked":"Flex","floor":14},{"not_picked":["Havoc","Flex"],"picked":"Seeing Red","floor":15},{"not_picked":["Fiend Fire","Feed"],"picked":"Barricade","floor":16},{"not_picked":["Anger+1","Sword Boomerang"],"picked":"Flex+1","floor":18},{"not_picked":["Warcry","Cleave"],"picked":"Sentinel","floor":20},{"not_picked":["Fire Breathing","Feel No Pain"],"picked":"Metallicize+1","floor":21}],"player_experience":105825,"relics_obtained":[{"floor":6,"key":"Torii"},{"floor":9,"key":"Shuriken"},{"floor":14,"key":"Dream Catcher"}],"event_choices":[{"damage_healed":0,"gold_gain":0,"player_choice":"Grow","damage_taken":0,"max_hp_gain":0,"max_hp_loss":0,"event_name":"Living Wall","floor":2,"gold_loss":0,"cards_upgraded":["Bash"]},{"cards_removed":["Pummel"],"damage_healed":7,"gold_gain":0,"player_choice":"Offered Uncommon","damage_taken":0,"max_hp_gain":0,"max_hp_loss":0,"event_name":"Bonfire Elementals","floor":13,"gold_loss":0},{"cards_removed":["Strike_R"],"damage_healed":0,"gold_gain":0,"player_choice":"Gave Gold","damage_taken":0,"max_hp_gain":0,"max_hp_loss":0,"event_name":"Beggar","floor":19,"gold_loss":75}],"is_beta":false,"boss_relics":[{"not_picked":["Mark of Pain","Runic Dome"],"picked":"Coffee Dripper"}],"items_purged_floors":[7,22],"is_endless":false,"potions_floor_spawned":[1,4,5,14,16,20,21],"killed_by":"Gremlin Leader","ascension_level":5}