{"gold_per_floor":[115,115,127,127,142,173,173,448,500,525,525,12,44,65,65,65],"floor_reached":16,"playtime":1482,"items_purged":[],"score":122,"play_id":"310f1988-0993-4739-bac1-71b250099256","local_time":"20180913113727","is_ascension_mode":true,"campfire_choices":[{"floor":11,"key":"REST"},{"floor":15,"key":"REST"}],"neow_cost":"NONE","seed_source_timestamp":52468577432767,"circlet_count":0,"master_deck":["Defend_G+1","Defend_G","Defend_G","Defend_G","Defend_G","Strike_G","Strike_G","Strike_G","Strike_G","Strike_G","Survivor","Neutralize","Dagger Throw+1","Slice","Dagger Throw","Cloak And Dagger+1","Regret","Escape Plan","Quick Slash","Blur+1"],"relics":["Eternal Feather","Lantern","Oddly Smooth Stone","Ornamental Fan","Toxic Egg 2","Matryoshka","Pantograph","Odd Mushroom"],"potions_floor_usage":[10],"damage_taken":[{"damage":0,"enemies":"2 Louse","floor":1,"turns":4},{"damage":0,"enemies":"Small Slimes","floor":3,"turns":3},{"damage":1,"enemies":"Cultist","floor":5,"turns":5},{"damage":21,"enemies":"Gremlin Nob","floor":6,"turns":4},{"damage":20,"enemies":"Lagavulin","floor":10,"turns":7},{"damage":5,"enemies":"3 Sentries","floor":13,"turns":8},{"damage":5,"enemies":"The Mushroom Lair","floor":14,"turns":4},{"damage":71,"enemies":"Hexaghost","floor":16,"turns":16}],"seed_played":"-6716499616838743983","potions_obtained":[{"floor":5,"key":"Explosive Potion"},{"floor":6,"key":"GhostInAJar"}],"is_trial":false,"path_per_floor":["M","?","M","?","M","E","?","?","T","E","R","$","E","?","R"],"character_chosen":"THE_SILENT","items_purchased":["Toxic Egg 2","Matryoshka"],"campfire_rested":2,"item_purchase_floors":[12,12],"current_hp_per_floor":[70,70,70,70,69,48,34,34,34,14,44,44,39,34,67,0],"gold":65,"neow_bonus":"BOSS_RELIC","is_prod":false,"is_daily":false,"chose_seed":false,"campfire_upgraded":0,"win_rate":0,"timestamp":1536856647,"path_taken":["M","?","M","?","M","E","?","?","T","E","R","?","E","?","R","BOSS"],"build_version":"2018-09-06","purchased_purges":0,"victory":false,"max_hp_per_floor":[70,70,70,70,70,70,70,70,70,70,70,70,70,70,70,70],"card_choices":[{"not_picked":["Flying Knee","Accuracy"],"picked":"Dagger Throw","floor":1},{"not_picked":["Bane","Reflex"],"picked":"Slice","floor":3},{"not_picked":["Prepared","Masterful Stab"],"picked":"Dagger Throw","floor":5},{"not_picked":["Deadly Poison","Dodge and Roll"],"picked":"Cloak And Dagger","floor":6},{"not_picked":["Endless Agony","Tools of the Trade"],"picked":"Escape Plan","floor":10},{"not_picked":["Well Laid Plans","Heel Hook"],"picked":"Quick Slash","floor":13},{"not_picked":["Quick Slash","Slice"],"picked":"Blur+1","floor":14}],"player_experience":76396,"relics_obtained":[{"floor":6,"key":"Lantern"},{"floor":9,"key":"Oddly Smooth Stone"},{"floor":10,"key":"Ornamental Fan"},{"floor":13,"key":"Pantograph"},{"floor":14,"key":"Odd Mushroom"}],"event_choices":[{"event_name":"Living Wall","player_choice":"Grow","floor":2,"damage_taken":0},{"event_name":"The Cleric","player_choice":"Leave","floor":4,"damage_taken":0},{"event_name":"Shining Light","player_choice":"Entered Light","floor":7,"damage_taken":0},{"event_name":"Golden Shrine","player_choice":"Desecrate","floor":8,"damage_taken":0},{"event_name":"Mushrooms","player_choice":"Fought Mushrooms","floor":14,"damage_taken":0}],"is_beta":false,"boss_relics":[],"items_purged_floors":[],"is_endless":false,"potions_floor_spawned":[5,6],"killed_by":"Hexaghost","ascension_level":1}