{"gold_per_floor":[109,284,284,304,304,304,304,634,634,634,634,652,666,362,362,460,460,477,477,477,491,391,391],"floor_reached":23,"playtime":1726,"items_purged":["Doubt","Strike_R"],"score":249,"play_id":"ae35a10b-0099-4313-8d7c-a9150bb4a12b","local_time":"20190715230521","is_ascension_mode":true,"campfire_choices":[{"floor":6,"key":"RECALL"},{"floor":11,"key":"REST"},{"floor":15,"key":"REST"}],"neow_cost":"NONE","seed_source_timestamp":113009130035071,"circlet_count":0,"master_deck":["Strike_R+1","Defend_R","Defend_R","Bash","Shrug It Off","Feed+1","Spot Weakness","Shrug It Off","Bludgeon","Entrench","Juggernaut","Flex+1","Fiend Fire+1","Body Slam+1","Rage+1","Pommel Strike","Pommel Strike","Pommel Strike"],"relics":["Burning Blood","Old Coin","Ancient Tea Set","Orichalcum","Astrolabe"],"potions_floor_usage":[16,16],"damage_taken":[{"damage":0,"enemies":"Small Slimes","floor":1,"turns":3},{"damage":10,"enemies":"2 Louse","floor":4,"turns":2},{"damage":51,"enemies":"Lagavulin","floor":8,"turns":7},{"damage":11,"enemies":"Cultist","floor":12,"turns":5},{"damage":3,"enemies":"Blue Slaver","floor":13,"turns":5},{"damage":47,"enemies":"Hexaghost","floor":16,"turns":12},{"damage":27,"enemies":"Spheric Guardian","floor":18,"turns":5},{"damage":14,"enemies":"2 Thieves","floor":21,"turns":4},{"damage":73,"enemies":"Gremlin Leader","floor":23,"turns":5}],"seed_played":"9191409189524067852","potions_obtained":[{"floor":4,"key":"Dexterity Potion"},{"floor":13,"key":"Regen Potion"}],"is_trial":false,"path_per_floor":["M","?","?","M","?","R","?","E","T","?","R","M","M","$","R","B",null,"M","?","?","M","$","E"],"character_chosen":"IRONCLAD","items_purchased":["Entrench","Orichalcum"],"campfire_rested":2,"item_purchase_floors":[14,14],"current_hp_per_floor":[88,88,88,87,80,80,62,21,21,18,46,41,48,48,77,51,99,78,78,78,70,70,0],"gold":391,"neow_bonus":"TEN_PERCENT_HP_BONUS","is_prod":false,"is_daily":false,"chose_seed":false,"campfire_upgraded":0,"win_rate":0,"timestamp":1563224721,"path_taken":["M","?","?","?","?","R","?","E","T","?","R","M","M","?","R","BOSS","M","?","?","?","$","E"],"build_version":"2019-07-05","purchased_purges":2,"victory":false,"max_hp_per_floor":[88,88,88,91,91,91,91,95,95,95,95,95,99,99,99,99,99,99,99,99,99,99,99],"card_choices":[{"not_picked":["Warcry","Infernal Blade"],"picked":"Shrug It Off","floor":1},{"not_picked":["Iron Wave","Cleave"],"picked":"Spot Weakness","floor":4},{"not_picked":["Second Wind","Dropkick","Wild Strike"],"picked":"SKIP","floor":8},{"not_picked":["Anger","Body Slam"],"picked":"Shrug It Off","floor":12},{"not_picked":["Reckless Charge","Havoc"],"picked":"Bludgeon","floor":13},{"not_picked":["Dark Embrace","Berserk"],"picked":"Juggernaut","floor":16},{"not_picked":["Perfected Strike+1","True Grit"],"picked":"Rage+1","floor":18},{"not_picked":["Sword Boomerang","Intimidate"],"picked":"Pommel Strike","floor":21}],"player_experience":87339,"relics_obtained":[{"floor":8,"key":"Old Coin"}],"event_choices":[{"damage_healed":0,"gold_gain":175,"player_choice":"AGREE","damage_taken":0,"max_hp_gain":0,"max_hp_loss":0,"event_name":"Liars Game","floor":2,"gold_loss":0,"cards_obtained":["Doubt"]},{"damage_healed":0,"gold_gain":0,"cards_transformed":["Strike_R"],"player_choice":"Transformed","damage_taken":0,"max_hp_gain":0,"max_hp_loss":0,"event_name":"Transmorgrifier","floor":3,"gold_loss":0,"cards_obtained":["Feed"]},{"cards_removed":["Strike_R"],"damage_healed":0,"gold_gain":0,"player_choice":"Card Removal","damage_taken":7,"max_hp_gain":0,"max_hp_loss":0,"event_name":"Golden Wing","floor":5,"gold_loss":0},{"damage_healed":0,"gold_gain":0,"player_choice":"Entered Light","damage_taken":18,"max_hp_gain":0,"max_hp_loss":0,"event_name":"Shining Light","floor":7,"gold_loss":0,"cards_upgraded":["Strike_R","Feed"]},{"damage_healed":0,"gold_gain":0,"player_choice":"Success","damage_taken":3,"relics_obtained":["Ancient Tea Set"],"max_hp_gain":0,"max_hp_loss":0,"event_name":"Scrap Ooze","floor":10,"gold_loss":0},{"damage_healed":0,"gold_gain":0,"player_choice":"Read","damage_taken":0,"max_hp_gain":0,"max_hp_loss":0,"event_name":"The Library","floor":19,"gold_loss":0,"cards_obtained":["Pommel Strike"]},{"damage_healed":0,"gold_gain":0,"player_choice":"Copied","damage_taken":0,"max_hp_gain":0,"max_hp_loss":0,"event_name":"Duplicator","floor":20,"gold_loss":0,"cards_obtained":["Pommel Strike"]}],"is_beta":false,"boss_relics":[{"not_picked":["Runic Dome","White Beast Statue"],"picked":"Astrolabe"}],"items_purged_floors":[14,22],"is_endless":false,"potions_floor_spawned":[4,13],"killed_by":"Gremlin Leader","ascension_level":4}