{"gold_per_floor":[118,188,206,206,218,218,253,264,264,264,154,154,167,28,28,28],"floor_reached":16,"playtime":603,"items_purged":["Strike_B","Defend_B"],"score":170,"play_id":"f530068b-a41b-47fa-b313-c824ee957c9f","local_time":"20190802095741","is_ascension_mode":true,"campfire_choices":[{"data":"Zap","floor":6,"key":"SMITH"},{"data":"Glacier","floor":10,"key":"SMITH"},{"data":"Dualcast","floor":12,"key":"SMITH"},{"floor":15,"key":"REST"}],"neow_cost":"NONE","seed_source_timestamp":68504364306159,"circlet_count":0,"master_deck":["AscendersBane","Strike_B+1","Strike_B+1","Defend_B","Defend_B","Defend_B","Zap+1","Dualcast+1","BootSequence","Go for the Eyes","Glacier+1","Capacitor+1","Coolheaded","Loop+1"],"relics":["Cracked Core","Letter Opener","Shuriken","Frozen Egg 2"],"potions_floor_usage":[7,16],"damage_taken":[{"damage":1,"enemies":"Cultist","floor":1,"turns":3},{"damage":0,"enemies":"Small Slimes","floor":3,"turns":2},{"damage":0,"enemies":"Jaw Worm","floor":5,"turns":2},{"damage":25,"enemies":"Gremlin Nob","floor":7,"turns":4},{"damage":6,"enemies":"Exordium Thugs","floor":8,"turns":3},{"damage":0,"enemies":"Exordium Wildlife","floor":13,"turns":5},{"damage":50,"enemies":"Hexaghost","floor":16,"turns":16}],"seed_played":"553362527243708931","potions_obtained":[{"floor":1,"key":"FairyPotion"},{"floor":5,"key":"Strength Potion"},{"floor":8,"key":"Poison Potion"}],"is_trial":false,"path_per_floor":["M","T","M","?","M","R","E","M","T","R","$","R","M","$","R","B"],"character_chosen":"DEFECT","items_purchased":["Capacitor+1","Loop+1"],"campfire_rested":1,"item_purchase_floors":[11,14],"current_hp_per_floor":[63,63,63,49,49,49,24,18,18,18,18,18,18,18,39,0],"gold":28,"neow_bonus":"REMOVE_CARD","is_prod":false,"is_daily":false,"chose_seed":false,"campfire_upgraded":3,"win_rate":0,"timestamp":1564707461,"path_taken":["M","?","M","?","M","R","E","M","T","R","$","R","M","$","R","BOSS"],"build_version":"2019-07-17","purchased_purges":2,"victory":false,"max_hp_per_floor":[71,71,71,71,71,71,71,71,71,71,71,71,71,71,71,71],"card_choices":[{"not_picked":["Steam","Genetic Algorithm"],"picked":"BootSequence","floor":1},{"not_picked":["Redo","Static Discharge"],"picked":"Go for the Eyes","floor":3},{"not_picked":["Conserve Battery","Darkness","Tempest"],"picked":"SKIP","floor":5},{"not_picked":["FTL","Coolheaded"],"picked":"Glacier","floor":7},{"not_picked":["Sweeping Beam","Storm","Stack"],"picked":"SKIP","floor":8},{"not_picked":["Compile Driver","Beam Cell"],"picked":"Coolheaded","floor":13}],"player_experience":442694,"relics_obtained":[{"floor":2,"key":"Letter Opener"},{"floor":7,"key":"Shuriken"},{"floor":9,"key":"Frozen Egg 2"}],"event_choices":[{"damage_healed":0,"gold_gain":0,"player_choice":"Entered Light","damage_taken":14,"max_hp_gain":0,"max_hp_loss":0,"event_name":"Shining Light","floor":4,"gold_loss":0,"cards_upgraded":["Strike_B","Strike_B"]}],"is_beta":false,"boss_relics":[],"items_purged_floors":[11,14],"is_endless":false,"potions_floor_spawned":[1,5,8],"killed_by":"Hexaghost","ascension_level":14}