{"gold_per_floor":[109,109,109,124,49,49,60,76,126,139,139,39,100,130,130,204,204,219,269,286,286,296,296,326,326,372,372,386,386,397,397,397,476,476,496,508,383,383],"floor_reached":38,"playtime":3222,"items_purged":["Strike_B","Strike_B","Strike_B"],"score":691,"play_id":"31043d83-a0ff-47c2-85cd-c2570c1253ab","local_time":"20190818204743","is_ascension_mode":true,"campfire_choices":[{"data":"Zap","floor":6.0,"key":"SMITH"},{"data":"Reinforced Body","floor":11.0,"key":"SMITH"},{"floor":15.0,"key":"REST"},{"data":"Thunder Strike","floor":23.0,"key":"SMITH"},{"floor":25.0,"key":"REST"},{"floor":29.0,"key":"REST"},{"floor":32.0,"key":"REST"}],"neow_cost":"NONE","seed_source_timestamp":0,"circlet_count":0,"master_deck":["AscendersBane","Strike_B","Defend_B","Defend_B","Defend_B","Defend_B","Zap+1","Dualcast","Thunder Strike+1","Ball Lightning","Hologram","Reinforced Body+1","Coolheaded","Static Discharge","All For One","Coolheaded+1","Redo","Capacitor","Echo Form","Skim+1","Go for the Eyes+1"],"special_seed":0,"relics":["Cracked Core","Pen Nib","Blood Vial","Odd Mushroom","Philosopher\u0027s Stone","DataDisk","Oddly Smooth Stone","Runic Dome"],"potions_floor_usage":[38],"damage_taken":[{"damage":10.0,"enemies":"2 Louse","floor":1.0,"turns":3.0},{"damage":2.0,"enemies":"Jaw Worm","floor":4.0,"turns":4.0},{"damage":11.0,"enemies":"Small Slimes","floor":7.0,"turns":3.0},{"damage":1.0,"enemies":"Looter","floor":8.0,"turns":2.0},{"damage":3.0,"enemies":"2 Fungi Beasts","floor":10.0,"turns":3.0},{"damage":25.0,"enemies":"3 Sentries","floor":13.0,"turns":6.0},{"damage":16.0,"enemies":"The Mushroom Lair","floor":14.0,"turns":4.0},{"damage":27.0,"enemies":"Hexaghost","floor":16.0,"turns":9.0},{"damage":15.0,"enemies":"Shell Parasite","floor":18.0,"turns":6.0},{"damage":0.0,"enemies":"Chosen","floor":20.0,"turns":4.0},{"damage":19.0,"enemies":"3 Cultists","floor":22.0,"turns":4.0},{"damage":28.0,"enemies":"Book of Stabbing","floor":24.0,"turns":4.0},{"damage":9.0,"enemies":"Centurion and Healer","floor":28.0,"turns":9.0},{"damage":14.0,"enemies":"Sentry and Sphere","floor":30.0,"turns":5.0},{"damage":42,"enemies":"Collector","floor":33,"turns":12},{"damage":32,"enemies":"3 Darklings","floor":35,"turns":5},{"damage":31,"enemies":"3 Shapes","floor":36,"turns":8},{"damage":15,"enemies":"Writhing Mass","floor":38,"turns":2}],"seed_played":"-8675344251700005079","potions_obtained":[{"floor":4.0,"key":"Explosive Potion"},{"floor":8.0,"key":"GamblersBrew"},{"floor":14.0,"key":"SkillPotion"},{"floor":18.0,"key":"Strength Potion"},{"floor":33,"key":"Weak Potion"}],"is_trial":false,"path_per_floor":["M","?","?","M","$","R","M","M","T","M","R","$","?","?","R","B",null,"M","?","M","?","M","R","E","R","T","?","M","R","M","?","R","B",null,"M","M","$","M"],"character_chosen":"DEFECT","items_purchased":[],"campfire_rested":4,"item_purchase_floors":[],"current_hp_per_floor":[61,66,66,64,64,64,53,52,52,49,49,49,24,10,34,9,65,52,52,54,54,37,37,11,35,35,11,4,30,18,36,62,22,72,42,13,13,0],"gold":383,"neow_bonus":"TEN_PERCENT_HP_BONUS","is_prod":false,"is_daily":false,"chose_seed":false,"campfire_upgraded":3,"win_rate":0,"timestamp":1566128863,"path_taken":["M","?","?","M","$","R","M","M","T","M","R","$","?","?","R","BOSS","M","?","M","?","M","R","E","R","T","?","M","R","M","?","R","BOSS","M","M","$","M"],"build_version":"2019-07-17","purchased_purges":3,"victory":false,"max_hp_per_floor":[78,83,83,83,83,83,83,83,83,83,83,83,83,83,83,83,83,83,83,83,83,83,83,83,83,83,88,88,88,88,88,88,88,88,88,88,88,88],"card_choices":[{"not_picked":["Compile Driver","Beam Cell","Rebound"],"picked":"SKIP","floor":1.0},{"not_picked":["Coolheaded","Melter"],"picked":"Thunder Strike","floor":4.0},{"not_picked":["Turbo","Cold Snap"],"picked":"Ball Lightning","floor":7.0},{"not_picked":["Compile Driver","Beam Cell"],"picked":"Hologram","floor":8.0},{"not_picked":["Chaos","Ball Lightning"],"picked":"Reinforced Body","floor":10.0},{"not_picked":["Go for the Eyes","Compile Driver"],"picked":"Coolheaded","floor":13.0},{"not_picked":["Rebound","White Noise"],"picked":"Static Discharge","floor":14.0},{"not_picked":["Multi-Cast","Reboot"],"picked":"All For One","floor":16.0},{"not_picked":["Stack","Compile Driver","Barrage"],"picked":"SKIP","floor":18.0},{"not_picked":["Sweeping Beam","Leap"],"picked":"Coolheaded+1","floor":20.0},{"not_picked":["Beam Cell","Compile Driver","Redo"],"picked":"SKIP","floor":22.0},{"not_picked":["Beam Cell","Compile Driver"],"picked":"Redo","floor":24.0},{"not_picked":["Turbo","Compile Driver","Static Discharge"],"picked":"SKIP","floor":28.0},{"not_picked":["Loop","Coolheaded"],"picked":"Capacitor","floor":30.0},{"not_picked":["Multi-Cast","Seek"],"picked":"Echo Form","floor":33},{"not_picked":["Turbo","Fusion"],"picked":"Skim+1","floor":35},{"not_picked":["Leap","Barrage+1"],"picked":"Go for the Eyes+1","floor":36}],"player_experience":505256,"relics_obtained":[{"floor":9.0,"key":"Pen Nib"},{"floor":13.0,"key":"Blood Vial"},{"floor":14.0,"key":"Odd Mushroom"},{"floor":24.0,"key":"DataDisk"},{"floor":26.0,"key":"Oddly Smooth Stone"}],"event_choices":[{"damage_healed":0.0,"max_hp_gain":5.0,"max_hp_loss":0.0,"gold_gain":0.0,"event_name":"Big Fish","player_choice":"Donut","floor":2.0,"gold_loss":0.0,"damage_taken":0.0},{"damage_healed":0.0,"max_hp_gain":0.0,"max_hp_loss":0.0,"gold_gain":0.0,"event_name":"Liars Game","player_choice":"Ignored","floor":3.0,"gold_loss":0.0,"damage_taken":0.0},{"damage_healed":0.0,"max_hp_gain":0.0,"max_hp_loss":0.0,"gold_gain":30.0,"event_name":"Dead Adventurer","player_choice":"Searched \u00273\u0027 times","floor":13.0,"gold_loss":0.0,"damage_taken":0.0},{"damage_healed":0.0,"max_hp_gain":0.0,"max_hp_loss":0.0,"gold_gain":0.0,"event_name":"Mushrooms","player_choice":"Fought Mushrooms","floor":14.0,"gold_loss":0.0,"damage_taken":0.0},{"damage_healed":0.0,"max_hp_gain":0.0,"max_hp_loss":0.0,"gold_gain":50.0,"event_name":"Nest","player_choice":"Stole From Cult","floor":19.0,"gold_loss":0.0,"damage_taken":0.0},{"damage_healed":0.0,"max_hp_gain":0.0,"max_hp_loss":0.0,"gold_gain":0.0,"event_name":"Cursed Tome","player_choice":"Ignored","floor":21.0,"gold_loss":0.0,"damage_taken":0.0},{"damage_healed":0.0,"max_hp_gain":5.0,"max_hp_loss":0.0,"gold_gain":0.0,"event_name":"Forgotten Altar","player_choice":"Shed Blood","floor":27.0,"gold_loss":0.0,"damage_taken":29.0},{"damage_healed":18.0,"max_hp_gain":0.0,"max_hp_loss":0.0,"gold_gain":0.0,"event_name":"The Library","player_choice":"Heal","floor":31.0,"gold_loss":0.0,"damage_taken":0.0}],"is_beta":false,"boss_relics":[{"not_picked":["Runic Pyramid","Astrolabe"],"picked":"Philosopher\u0027s Stone"},{"not_picked":["Busted Crown","Orrery"],"picked":"Runic Dome"}],"items_purged_floors":[5,12,37],"is_endless":false,"potions_floor_spawned":[4,8,14,18,33],"killed_by":"Writhing Mass","ascension_level":16}