{"gold_per_floor":[114,24,39,54,69,99,13,43,43,43,58,73,88,103,103,203,203,218,233,233,233,81,81,96,111,161,191,191],"floor_reached":28,"playtime":3902,"items_purged":[],"score":304,"play_id":"b4ba0e52-04dd-4dc3-9f70-4bc2da4d2632","local_time":"20180911112533","daily_mods":["Brewmaster","Elite Swarm","Night Terrors"],"is_ascension_mode":false,"campfire_choices":[{"data":"A Thousand Cuts","floor":15,"key":"SMITH"},{"data":"Burst","floor":23,"key":"SMITH"}],"neow_cost":"","seed_source_timestamp":2376390511896853,"circlet_count":0,"master_deck":["Defend_G","Defend_G","Defend_G","Defend_G","Defend_G","Strike_G","Strike_G","Strike_G","Strike_G","Strike_G","Survivor","Neutralize","Venomology","Venomology","Venomology","Venomology","Venomology","Dagger Spray","Dramatic Entrance","Calculated Gamble","Quick Slash","Infinite Blades","A Thousand Cuts+1","Infinite Blades","Flying Knee","Die Die Die","Regret","Crippling Poison","Leg Sweep","Crippling Poison","Crippling Poison","Envenom","Skewer+1","Leg Sweep","Venomology","Storm of Steel","Burst+1","Noxious Fumes","Sucker Punch+1","Distraction","After Image"],"special_seed":17785,"relics":["Ring of the Snake","White Beast Statue","Question Card","Anchor","Pantograph","Lantern","Runic Pyramid","Blood Vial","Snake Skull"],"potions_floor_usage":[1,1,3,3,4,4,5,5,5,6,6,6,6,8,8,8,8,11,12,13,16,16,16,16,16,18,18,18,19,19,19,19,19,19,19,24,24,25,25,25,25,27,27,27,28,28],"damage_taken":[{"damage":3,"enemies":"Jaw Worm","floor":1,"turns":5},{"damage":0,"enemies":"2 Louse","floor":3,"turns":2},{"damage":4,"enemies":"Small Slimes","floor":4,"turns":3},{"damage":3,"enemies":"Red Slaver","floor":5,"turns":4},{"damage":19,"enemies":"Gremlin Nob","floor":6,"turns":4},{"damage":18,"enemies":"3 Sentries","floor":8,"turns":6},{"damage":0,"enemies":"Exordium Wildlife","floor":11,"turns":2},{"damage":0,"enemies":"Looter","floor":12,"turns":2},{"damage":0,"enemies":"Blue Slaver","floor":13,"turns":2},{"damage":1,"enemies":"Exordium Wildlife","floor":14,"turns":3},{"damage":7,"enemies":"Slime Boss","floor":16,"turns":8},{"damage":38,"enemies":"2 Thieves","floor":18,"turns":5},{"damage":29,"enemies":"Spheric Guardian","floor":19,"turns":10},{"damage":23,"enemies":"Chosen and Byrds","floor":24,"turns":5},{"damage":7,"enemies":"Snake Plant","floor":25,"turns":5},{"damage":26,"enemies":"Slavers","floor":27,"turns":5},{"damage":22,"enemies":"Snecko","floor":28,"turns":3}],"seed_played":"-1622456894830768675","potions_obtained":[{"floor":1,"key":"Fire Potion"},{"floor":3,"key":"Regen Potion"},{"floor":6,"key":"SkillPotion"},{"floor":8,"key":"Poison Potion"},{"floor":11,"key":"Fire Potion"},{"floor":13,"key":"GhostInAJar"},{"floor":16,"key":"GamblersBrew"},{"floor":18,"key":"AttackPotion"},{"floor":19,"key":"SneckoOil"},{"floor":24,"key":"Weak Potion"},{"floor":25,"key":"Swift Potion"},{"floor":27,"key":"LiquidBronze"}],"is_trial":false,"path_per_floor":["M","$","M","M","M","E","$","E","T","?","M","M","M","M","R","B",null,"M","M","?","?","$","R","M","M","T","E"],"character_chosen":"THE_SILENT","items_purchased":["Dramatic Entrance","Infinite Blades","Flying Knee","Burst","Noxious Fumes"],"campfire_rested":0,"item_purchase_floors":[2,7,7,22,22],"current_hp_per_floor":[67,67,67,68,65,46,46,28,28,28,28,28,28,27,27,45,70,32,52,52,52,52,52,29,22,22,12,0],"gold":191,"neow_bonus":"","is_prod":false,"is_daily":true,"chose_seed":false,"campfire_upgraded":2,"win_rate":0.0,"timestamp":1536683133,"path_taken":["M","$","M","M","M","E","$","E","T","?","M","M","?","M","R","BOSS","M","M","?","?","?","R","M","M","T","E","?"],"build_version":"2018-09-06","purchased_purges":0,"victory":false,"max_hp_per_floor":[70,70,70,70,70,70,70,70,70,70,70,70,70,70,70,70,70,70,70,70,70,70,70,70,70,70,70,70],"card_choices":[{"not_picked":["Blade Dance","Prepared"],"picked":"Dagger Spray","floor":1},{"not_picked":["Dagger Spray","Dodge and Roll"],"picked":"Calculated Gamble","floor":3},{"not_picked":["Cloak And Dagger","Bane"],"picked":"Quick Slash","floor":4},{"not_picked":["Bane","Deflect"],"picked":"Infinite Blades","floor":5},{"not_picked":["Glass Knife","After Image"],"picked":"A Thousand Cuts","floor":6},{"not_picked":["Grand Finale","Glass Knife","Phantasmal Killer"],"picked":"Die Die Die","floor":8},{"not_picked":["Poisoned Stab","Riddle With Holes","Underhanded Strike"],"picked":"Crippling Poison","floor":11},{"not_picked":["Underhanded Strike","Blade Dance","Sucker Punch"],"picked":"Leg Sweep","floor":12},{"not_picked":["Slice","Sucker Punch","PiercingWail"],"picked":"Crippling Poison","floor":13},{"not_picked":["Dagger Spray","Flechettes","PiercingWail"],"picked":"Crippling Poison","floor":14},{"not_picked":["After Image","Adrenaline","Die Die Die"],"picked":"Envenom","floor":16},{"not_picked":["Prepared","Cloak And Dagger+1","Blade Dance+1"],"picked":"Skewer+1","floor":18},{"not_picked":["Acrobatics","Underhanded Strike+1","Sucker Punch"],"picked":"Leg Sweep","floor":19},{"not_picked":["Cloak And Dagger","Backflip","Blade Dance"],"picked":"Sucker Punch+1","floor":24},{"not_picked":["Backflip","Sucker Punch","Acrobatics"],"picked":"Distraction","floor":25},{"not_picked":["Grand Finale","Tools of the Trade","Corpse Explosion"],"picked":"After Image","floor":27}],"player_experience":5532,"relics_obtained":[{"floor":6,"key":"Question Card"},{"floor":8,"key":"Anchor"},{"floor":9,"key":"Pantograph"},{"floor":26,"key":"Blood Vial"},{"floor":27,"key":"Snake Skull"}],"event_choices":[{"event_name":"Big Fish","player_choice":"Box","floor":10,"damage_taken":0},{"event_name":"Duplicator","player_choice":"One dupe","floor":20,"damage_taken":0},{"event_name":"The Library","player_choice":"Read","floor":21,"damage_taken":0}],"is_beta":false,"boss_relics":[{"not_picked":["HoveringKite","Fusion Hammer"],"picked":"Runic Pyramid"}],"items_purged_floors":[],"is_endless":false,"potions_floor_spawned":[1,3,4,5,6,8,11,12,13,14,16,18,19,24,25,27],"killed_by":"Snecko","ascension_level":0}