{"gold_per_floor":[113,113,126,146,71,71,90,107,131,131,131,143,143,161,161,161],"floor_reached":16,"playtime":1376,"items_purged":["Strike_R"],"score":113,"play_id":"4bd6df4a-9205-4be6-afac-518287a88042","local_time":"20180920090949","is_ascension_mode":true,"campfire_choices":[{"data":"Shockwave","floor":6,"key":"SMITH"},{"data":"True Grit","floor":10,"key":"SMITH"},{"data":"Seeing Red","floor":13,"key":"SMITH"},{"data":"Inflame","floor":15,"key":"SMITH"}],"neow_cost":"NONE","seed_source_timestamp":648523044588093,"circlet_count":0,"master_deck":["Strike_R","Strike_R","Strike_R","Defend_R","Defend_R","Defend_R","Defend_R","Bash","Shockwave+1","True Grit+1","Feel No Pain","Seeing Red+1","Inflame+1"],"relics":["Burning Blood","Centennial Puzzle"],"potions_floor_usage":[8,16,16],"damage_taken":[{"damage":8,"enemies":"Jaw Worm","floor":1,"turns":4},{"damage":5,"enemies":"Small Slimes","floor":3,"turns":4},{"damage":10,"enemies":"Cultist","floor":4,"turns":5},{"damage":14,"enemies":"3 Louse","floor":7,"turns":5},{"damage":25,"enemies":"Exordium Thugs","floor":8,"turns":10},{"damage":32,"enemies":"Gremlin Gang","floor":12,"turns":8},{"damage":5,"enemies":"3 Louse","floor":14,"turns":7},{"damage":64,"enemies":"Slime Boss","floor":16,"turns":11}],"seed_played":"1581510915556406721","potions_obtained":[{"floor":1,"key":"Regen Potion"},{"floor":3,"key":"SpeedPotion"},{"floor":12,"key":"SpeedPotion"}],"is_trial":false,"path_per_floor":["M","?","M","M","$","R","M","M","T","R","?","M","R","M","R"],"character_chosen":"IRONCLAD","items_purchased":[],"campfire_rested":0,"item_purchase_floors":[],"current_hp_per_floor":[86,91,92,88,88,88,80,76,76,76,76,50,50,51,51,0],"gold":161,"neow_bonus":"TEN_PERCENT_HP_BONUS","is_prod":false,"is_daily":false,"chose_seed":false,"campfire_upgraded":4,"win_rate":0,"timestamp":1537452589,"path_taken":["M","?","M","M","$","R","M","M","T","R","?","M","R","M","R","BOSS"],"build_version":"2018-09-06","purchased_purges":1,"victory":false,"max_hp_per_floor":[88,93,93,93,93,93,93,93,93,93,93,93,93,93,93,93],"card_choices":[{"not_picked":["Rage","Second Wind"],"picked":"Shockwave","floor":1},{"not_picked":["Perfected Strike","Warcry","Havoc"],"picked":"SKIP","floor":3},{"not_picked":["Hemokinesis","Sever Soul","Havoc"],"picked":"SKIP","floor":4},{"not_picked":["Havoc","Clothesline"],"picked":"True Grit","floor":7},{"not_picked":["Dual Wield","Iron Wave"],"picked":"Feel No Pain","floor":8},{"not_picked":["Thunderclap","Twin Strike"],"picked":"Seeing Red","floor":12},{"not_picked":["Blood for Blood","Wild Strike"],"picked":"Inflame","floor":14}],"player_experience":176349,"relics_obtained":[{"floor":9,"key":"Centennial Puzzle"}],"event_choices":[{"event_name":"Big Fish","player_choice":"Donut","floor":2,"damage_taken":0},{"event_name":"Purifier","player_choice":"One Purge","floor":11,"damage_taken":0}],"is_beta":false,"boss_relics":[],"items_purged_floors":[5],"is_endless":false,"potions_floor_spawned":[1,3,12],"killed_by":"Slime Boss","ascension_level":4}