{"gold_per_floor":[115,133,308,308,308,308,337,15,40,40,68,85,85,105,105,210,210,210,210,210,210,210,210,210,210,210,210,210,16,16,16,16,16,16,16,16,16,16,16,16,16,16,16,16,16,16,16,16,16,16],"floor_reached":50,"playtime":3943,"items_purged":[],"score":605,"play_id":"01ba321a-c94e-41db-90f9-d888d07bd1df","local_time":"20190814052216","is_ascension_mode":true,"campfire_choices":[{"data":"Dualcast","floor":6,"key":"SMITH"},{"data":"Mind Blast","floor":10,"key":"SMITH"},{"floor":15,"key":"REST"},{"data":"Electrodynamics","floor":23,"key":"SMITH"},{"floor":32,"key":"REST"},{"floor":40,"key":"REST"},{"data":"Chill","floor":46,"key":"SMITH"},{"floor":49,"key":"REST"}],"neow_cost":"NONE","seed_source_timestamp":454212471229080,"circlet_count":0,"master_deck":["Defend_B+1","Defend_B+1","Defend_B+1","Zap+1","Dualcast+1","Rebound+1","Genetic Algorithm+1","Compile Driver+1","Mind Blast+1","Blizzard+1","Capacitor+1","Undo+1","Melter+1","Electrodynamics+1","Darkness+1","Sweeping Beam+1","Bite+1","Bite+1","Bite+1","Bite+1","Bite+1","Turbo+1","Amplify+1","All For One+1","Redo+1","Doom and Gloom+1","Self Repair+1","Discovery+1","Hello World+1","Redo+1","Ball Lightning+1","Thunder Strike+1","Loop+1","Gash+1","Compile Driver+1","Coolheaded+1","Chill+1","Parasite","Scrape+1","Redo+1","Pain"],"relics":["Cracked Core","NeowsBlessing","Mercury Hourglass","Bronze Scales","MealTicket","Orichalcum","Happy Flower","Ectoplasm","Red Mask","Strawberry","Oddly Smooth Stone","Busted Crown","Mark of the Bloom","NlothsMask","Anchor","WarpedTongs"],"potions_floor_usage":[11,11,33,50,50],"damage_taken":[{"damage":0,"enemies":"Jaw Worm","floor":1,"turns":1},{"damage":0,"enemies":"Small Slimes","floor":2,"turns":1},{"damage":0,"enemies":"3 Sentries","floor":7,"turns":1},{"damage":36,"enemies":"Lagavulin","floor":11,"turns":7},{"damage":0,"enemies":"2 Louse","floor":12,"turns":1},{"damage":7,"enemies":"Blue Slaver","floor":14,"turns":3},{"damage":33,"enemies":"Slime Boss","floor":16,"turns":9},{"damage":7,"enemies":"3 Byrds","floor":18,"turns":3},{"damage":22,"enemies":"Shell Parasite","floor":19,"turns":4},{"damage":8,"enemies":"Centurion and Healer","floor":21,"turns":4},{"damage":8,"enemies":"Masked Bandits","floor":22,"turns":3},{"damage":22,"enemies":"Slavers","floor":24,"turns":4},{"damage":2,"enemies":"Snake Plant","floor":25,"turns":3},{"damage":18,"enemies":"Shelled Parasite and Fungi","floor":27,"turns":3},{"damage":10,"enemies":"3 Cultists","floor":28,"turns":4},{"damage":9,"enemies":"Snecko","floor":31,"turns":4},{"damage":33,"enemies":"Champ","floor":33,"turns":8},{"damage":7,"enemies":"Orb Walker","floor":35,"turns":3},{"damage":1,"enemies":"3 Shapes","floor":37,"turns":3},{"damage":0,"enemies":"Sphere and 2 Shapes","floor":38,"turns":3},{"damage":22,"enemies":"Reptomancer","floor":41,"turns":4},{"damage":0,"enemies":"Transient","floor":42,"turns":5},{"damage":15,"enemies":"Writhing Mass","floor":44,"turns":5},{"damage":0,"enemies":"Jaw Worm Horde","floor":47,"turns":4},{"damage":52,"enemies":"Time Eater","floor":50,"turns":5}],"seed_played":"-6373168506604676306","potions_obtained":[{"floor":1,"key":"Dexterity Potion"},{"floor":7,"key":"SneckoOil"},{"floor":16,"key":"AttackPotion"},{"floor":21,"key":"Energy Potion"},{"floor":24,"key":"Swift Potion"},{"floor":35,"key":"GamblersBrew"}],"is_trial":false,"path_per_floor":["M","M","?","T","?","R","E","$","T","R","E","M","?","M","R","B",null,"M","M","?","M","?","R","E","M","T","M","M","$","?","M","R","B",null,"M","?","M","M","?","R","E","M","T","M","$","R","M","?","R","B"],"character_chosen":"DEFECT","items_purchased":["Mind Blast","MealTicket","Blizzard","Discovery","Hello World","Redo"],"campfire_rested":4,"item_purchase_floors":[8,8,8,29,29,29],"current_hp_per_floor":[75,75,75,75,75,75,75,75,75,75,39,39,32,27,49,18,75,68,48,48,48,48,48,43,47,47,39,33,48,48,52,76,62,82,82,82,81,81,81,81,59,59,59,44,44,44,44,44,44,0],"gold":16,"neow_bonus":"THREE_ENEMY_KILL","is_prod":false,"is_daily":false,"chose_seed":false,"campfire_upgraded":4,"win_rate":0,"timestamp":1565774536,"path_taken":["M","M","?","?","?","R","E","$","T","R","E","M","?","M","R","BOSS","M","M","?","M","?","R","E","M","T","M","M","?","?","M","R","BOSS","M","?","M","M","?","R","E","M","T","?","$","R","?","?","R","BOSS"],"build_version":"2019-07-17","purchased_purges":0,"victory":false,"max_hp_per_floor":[75,75,75,75,75,75,75,75,75,75,75,75,75,75,75,75,75,75,75,75,75,75,75,82,82,82,82,82,82,82,82,82,82,82,82,82,82,82,82,82,82,82,82,82,82,82,82,82,82,82],"card_choices":[{"not_picked":["Chill","Leap"],"picked":"Rebound","floor":1},{"not_picked":["Skim","Streamline"],"picked":"Genetic Algorithm","floor":2},{"not_picked":["Genetic Algorithm","Heatsinks"],"picked":"Compile Driver","floor":7},{"not_picked":["Barrage","Hologram"],"picked":"Capacitor","floor":11},{"not_picked":["Barrage","Conserve Battery"],"picked":"Undo","floor":12},{"not_picked":["Cold Snap","Rip and Tear"],"picked":"Melter","floor":14},{"not_picked":["Seek","Creative AI"],"picked":"Electrodynamics","floor":16},{"not_picked":["Static Discharge","Cold Snap"],"picked":"Darkness+1","floor":18},{"not_picked":["Compile Driver","Hologram"],"picked":"Sweeping Beam+1","floor":19},{"not_picked":["Rebound","Hologram"],"picked":"Turbo","floor":21},{"not_picked":["Reprogram","Skim"],"picked":"Amplify","floor":22},{"not_picked":["Beam Cell","Double Energy"],"picked":"All For One","floor":24},{"not_picked":["Conserve Battery","Doom and Gloom"],"picked":"Redo","floor":25},{"not_picked":["Steam","Scrape+1"],"picked":"Doom and Gloom+1","floor":27},{"not_picked":["Turbo","Steam"],"picked":"Self Repair","floor":28},{"not_picked":["Rebound","Cold Snap"],"picked":"Ball Lightning","floor":31},{"not_picked":["All For One","Biased Cognition"],"picked":"Thunder Strike","floor":33},{"not_picked":[],"picked":"Loop+1","floor":35},{"not_picked":[],"picked":"Gash+1","floor":37},{"not_picked":[],"picked":"Compile Driver+1","floor":38},{"not_picked":[],"picked":"Coolheaded+1","floor":41},{"not_picked":[],"picked":"Chill","floor":42},{"not_picked":[],"picked":"Scrape+1","floor":44},{"not_picked":[],"picked":"Redo+1","floor":47}],"player_experience":40239,"relics_obtained":[{"floor":4,"key":"Mercury Hourglass"},{"floor":7,"key":"Bronze Scales"},{"floor":9,"key":"Orichalcum"},{"floor":11,"key":"Happy Flower"},{"floor":22,"key":"Red Mask"},{"floor":24,"key":"Strawberry"},{"floor":26,"key":"Oddly Smooth Stone"},{"floor":41,"key":"Anchor"}],"event_choices":[{"damage_healed":0,"gold_gain":175,"player_choice":"AGREE","damage_taken":0,"max_hp_gain":0,"max_hp_loss":0,"event_name":"Liars Game","floor":3,"gold_loss":0,"cards_obtained":["Doubt"]},{"cards_removed":["Doubt"],"damage_healed":0,"gold_gain":0,"player_choice":"Forget","damage_taken":0,"max_hp_gain":0,"max_hp_loss":0,"event_name":"Living Wall","floor":5,"gold_loss":0},{"damage_healed":0,"gold_gain":0,"player_choice":"Success","damage_taken":7,"relics_obtained":["Blood Vial"],"max_hp_gain":0,"max_hp_loss":0,"event_name":"Scrap Ooze","floor":13,"gold_loss":0},{"damage_healed":0,"gold_gain":0,"player_choice":"Became a vampire (Vial)","damage_taken":0,"max_hp_gain":0,"max_hp_loss":0,"event_name":"Vampires","floor":20,"relics_lost":["Blood Vial"],"gold_loss":0,"cards_obtained":["Bite","Bite","Bite","Bite","Bite"]},{"damage_healed":0,"gold_gain":0,"player_choice":"Fought Bandits","damage_taken":0,"max_hp_gain":0,"max_hp_loss":0,"event_name":"Masked Bandits","floor":22,"gold_loss":0},{"cards_removed":["Defend_B"],"damage_healed":0,"gold_gain":0,"player_choice":"Elegance","damage_taken":0,"max_hp_gain":0,"max_hp_loss":0,"event_name":"Back to Basics","floor":30,"gold_loss":0},{"damage_healed":0,"gold_gain":0,"player_choice":"Upgrade","damage_taken":0,"relics_obtained":["Mark of the Bloom"],"max_hp_gain":0,"max_hp_loss":0,"event_name":"MindBloom","floor":36,"gold_loss":0,"cards_upgraded":["Defend_B","Defend_B","Defend_B","Zap","Rebound","Genetic Algorithm","Compile Driver","Blizzard","Capacitor","Undo","Melter","Bite","Bite","Bite","Bite","Bite","Turbo","Amplify","All For One","Redo","Self Repair","Discovery","Hello World","Redo","Ball Lightning","Thunder Strike"]},{"damage_healed":0,"gold_gain":0,"player_choice":"Trade","damage_taken":0,"relics_obtained":["NlothsMask"],"max_hp_gain":0,"max_hp_loss":0,"event_name":"FaceTrader","floor":39,"gold_loss":0},{"damage_healed":0,"gold_gain":0,"player_choice":"Rummage","damage_taken":0,"relics_obtained":["WarpedTongs"],"max_hp_gain":0,"max_hp_loss":0,"event_name":"Accursed Blacksmith","floor":48,"gold_loss":0,"cards_obtained":["Pain"]}],"is_beta":false,"boss_relics":[{"not_picked":["Lizard Tail","Philosopher\u0027s Stone"],"picked":"Ectoplasm"},{"not_picked":["Eternal Feather","Black Star"],"picked":"Busted Crown"}],"items_purged_floors":[],"is_endless":false,"potions_floor_spawned":[1,7,16,21,24,25,27,28,35,41],"killed_by":"Time Eater","ascension_level":1}