{"gold_per_floor":[19,19,38,38,53,88,113,149,218,218,241,265,305,230,230,356,356,296,116,116,116,116,116,116,116,116,116,116,116,116,16,16,16,16,16,16,16,16,16,16,16,16,16,16,16,16,16,16,16,16],"floor_reached":51,"playtime":10789,"items_purged":["Strike_R","Strike_R"],"score":864,"play_id":"ca1ec4c1-0ed9-435e-b837-e46a6347f0eb","local_time":"20190829030514","is_ascension_mode":true,"campfire_choices":[{"floor":10.0,"key":"REST"},{"data":"Shockwave","floor":15,"key":"SMITH"},{"data":"Armaments","floor":24,"key":"SMITH"},{"data":"Demon Form","floor":29,"key":"SMITH"},{"data":"Whirlwind","floor":32,"key":"SMITH"},{"data":"Offering","floor":40,"key":"SMITH"},{"data":"Barricade","floor":42,"key":"SMITH"},{"data":"Pommel Strike","floor":49,"key":"SMITH"}],"neow_cost":"NO_GOLD","seed_source_timestamp":0,"circlet_count":0,"master_deck":["Strike_R","Defend_R","Defend_R+1","Defend_R","Bash","Whirlwind+1","Shrug It Off","Shockwave+1","Demon Form+1","Iron Wave","Ghostly Armor","Iron Wave","Headbutt","Reaper","Headbutt","Armaments+1","Pommel Strike+1","Seeing Red+1","Barricade+1","Metallicize","Offering+1","Flex+1","Clothesline+1","Body Slam+1","Double Tap","Panacea","Metallicize+1","Entrench+1"],"special_seed":0,"relics":["Burning Blood","Golden Idol","Thread and Needle","Peace Pipe","Question Card","Anchor","Ectoplasm","Pen Nib","Red Mask","Ancient Tea Set","Juzu Bracelet","Champion Belt","Strawberry","Coffee Dripper","MawBank","War Paint","Du-Vu Doll","Lantern"],"potions_floor_usage":[18,21,23,28,35,37,44,44,44,48,48,50,50],"damage_taken":[{"damage":0.0,"enemies":"Small Slimes","floor":1.0,"turns":3.0},{"damage":4.0,"enemies":"2 Louse","floor":3.0,"turns":3.0},{"damage":18.0,"enemies":"Cultist","floor":5.0,"turns":7.0},{"damage":28.0,"enemies":"3 Sentries","floor":6.0,"turns":5.0},{"damage":4.0,"enemies":"Lots of Slimes","floor":7.0,"turns":2.0},{"damage":2.0,"enemies":"Gremlin Nob","floor":8.0,"turns":4.0},{"damage":0,"enemies":"Large Slime","floor":11,"turns":5},{"damage":0,"enemies":"Blue Slaver","floor":12,"turns":4},{"damage":7,"enemies":"3 Sentries","floor":13,"turns":4},{"damage":25,"enemies":"Hexaghost","floor":16,"turns":7},{"damage":8,"enemies":"2 Thieves","floor":18,"turns":4},{"damage":29,"enemies":"Spheric Guardian","floor":20,"turns":8},{"damage":6,"enemies":"Masked Bandits","floor":21,"turns":3},{"damage":24,"enemies":"Gremlin Leader","floor":23,"turns":6},{"damage":7,"enemies":"Centurion and Healer","floor":25,"turns":5},{"damage":19,"enemies":"Snake Plant","floor":27,"turns":5},{"damage":1,"enemies":"Slavers","floor":28,"turns":7},{"damage":0,"enemies":"Book of Stabbing","floor":30,"turns":4},{"damage":9,"enemies":"Collector","floor":33,"turns":7},{"damage":25,"enemies":"3 Darklings","floor":35,"turns":3},{"damage":6,"enemies":"3 Shapes","floor":36,"turns":19},{"damage":26,"enemies":"Transient","floor":37,"turns":5},{"damage":6,"enemies":"Sphere and 2 Shapes","floor":38,"turns":5},{"damage":6,"enemies":"Nemesis","floor":41,"turns":7},{"damage":14,"enemies":"Spire Growth","floor":44,"turns":5},{"damage":0,"enemies":"2 Orb Walkers","floor":47,"turns":1},{"damage":18,"enemies":"Reptomancer","floor":48,"turns":6},{"damage":10,"enemies":"Donu and Deca","floor":50,"turns":9}],"seed_played":"-7474545542055665133","potions_obtained":[{"floor":3.0,"key":"SpeedPotion"},{"floor":7.0,"key":"SteroidPotion"},{"floor":8.0,"key":"Fire Potion"},{"floor":11,"key":"Fire Potion"},{"floor":16,"key":"Explosive Potion"},{"floor":21,"key":"Block Potion"},{"floor":23,"key":"SpeedPotion"},{"floor":28,"key":"Explosive Potion"},{"floor":30,"key":"GamblersBrew"},{"floor":35,"key":"EntropicBrew"},{"floor":41,"key":"Poison Potion"},{"floor":47,"key":"FearPotion"},{"floor":48,"key":"SpeedPotion"}],"is_trial":false,"path_per_floor":["M","?","M","?","M","E","M","E","T","R","M","M","E","$","R","B",null,"M","$","M","?","?","E","R","M","T","M","E","R","E","$","R","B",null,"M","M","M","M","?","R","E","R","T","M","?","?","?","E","R","B",null],"character_chosen":"IRONCLAD","items_purchased":["Armaments","Pen Nib"],"campfire_rested":1,"item_purchase_floors":[19,19],"current_hp_per_floor":[80,60,62,62,50,28,30,34,34,58,64,70,69,69,69,50,80,78,78,75,77,77,80,80,80,80,67,79,79,87,87,87,84,87,74,87,67,87,79,79,87,87,87,79,79,79,85,75,75,85],"gold":16,"neow_bonus":"REMOVE_TWO","is_prod":false,"is_daily":false,"chose_seed":false,"campfire_upgraded":7,"win_rate":0,"timestamp":1567037114,"path_taken":["M","?","M","?","M","E","?","E","T","R","M","M","E","?","R","BOSS","M","$","M","?","?","E","R","M","T","M","E","R","E","?","R","BOSS","M","M","M","M","?","R","E","R","T","M","?","?","?","E","R","BOSS"],"build_version":"2019-07-17","purchased_purges":2,"victory":true,"max_hp_per_floor":[80,80,80,80,80,80,80,80,80,80,80,80,80,80,80,80,80,80,80,80,80,80,80,80,80,80,80,80,80,87,87,87,87,87,87,87,87,87,87,87,87,87,87,87,87,87,87,87,87,87],"card_choices":[{"not_picked":["Body Slam","Twin Strike"],"picked":"Whirlwind","floor":1.0},{"not_picked":["Headbutt","Hemokinesis"],"picked":"Shrug It Off","floor":3.0},{"not_picked":["Armaments","True Grit"],"picked":"Shockwave","floor":5.0},{"not_picked":["Cleave","Fire Breathing"],"picked":"Demon Form","floor":6.0},{"not_picked":["Wild Strike","Feel No Pain"],"picked":"Iron Wave","floor":7.0},{"not_picked":["Clash","Inflame"],"picked":"Ghostly Armor","floor":8.0},{"not_picked":["Clothesline","Ghostly Armor","Searing Blow"],"picked":"Iron Wave","floor":11},{"not_picked":["Body Slam","Twin Strike","Shockwave","Ghostly Armor"],"picked":"SKIP","floor":12},{"not_picked":["Wild Strike","Twin Strike","Dual Wield"],"picked":"Headbutt","floor":13},{"not_picked":["Double Tap","Limit Break","Juggernaut"],"picked":"Reaper","floor":16},{"not_picked":["Anger","Rampage","Perfected Strike"],"picked":"Headbutt","floor":18},{"not_picked":["Iron Wave+1","Cleave","Heavy Blade"],"picked":"Pommel Strike","floor":20},{"not_picked":["Carnage","Body Slam","Rupture"],"picked":"Seeing Red","floor":23},{"not_picked":["Iron Wave","Flex","Armaments"],"picked":"Barricade","floor":25},{"not_picked":["Searing Blow","Blood for Blood+1","Body Slam","Rupture"],"picked":"SKIP","floor":27},{"not_picked":["Warcry","Flex","Headbutt","Twin Strike"],"picked":"SKIP","floor":28},{"not_picked":["Uppercut","Cleave","Hemokinesis+1"],"picked":"Metallicize","floor":30},{"not_picked":["Brutality","Berserk","Fiend Fire"],"picked":"Offering","floor":33},{"not_picked":["Anger+1","Rage","Combust"],"picked":"Flex+1","floor":35},{"not_picked":["Rage","Pommel Strike","Barricade"],"picked":"Clothesline+1","floor":36},{"not_picked":["Armaments+1","Sword Boomerang","Rupture","Pommel Strike"],"picked":"SKIP","floor":37},{"not_picked":["Heavy Blade+1","Bludgeon","True Grit","Cleave"],"picked":"SKIP","floor":38},{"not_picked":["Rupture+1","Warcry+1","Cleave+1"],"picked":"Body Slam+1","floor":41},{"not_picked":["Ghostly Armor","Armaments","Anger"],"picked":"Double Tap","floor":44},{"not_picked":["Metamorphosis","Deep Breath","Swift Strike"],"picked":"Panacea","floor":45},{"not_picked":["Twin Strike+1","Body Slam+1","Iron Wave"],"picked":"Metallicize+1","floor":47},{"not_picked":["Headbutt+1","True Grit+1","Combust"],"picked":"Entrench+1","floor":48}],"player_experience":144052,"relics_obtained":[{"floor":6.0,"key":"Thread and Needle"},{"floor":8.0,"key":"Peace Pipe"},{"floor":9.0,"key":"Question Card"},{"floor":13,"key":"Anchor"},{"floor":21,"key":"Red Mask"},{"floor":23,"key":"Ancient Tea Set"},{"floor":26,"key":"Juzu Bracelet"},{"floor":28,"key":"Champion Belt"},{"floor":30,"key":"Strawberry"},{"floor":41,"key":"MawBank"},{"floor":43,"key":"War Paint"},{"floor":47,"key":"Du-Vu Doll"},{"floor":48,"key":"Lantern"}],"event_choices":[{"damage_healed":0.0,"max_hp_gain":0.0,"max_hp_loss":0.0,"gold_gain":0.0,"event_name":"Golden Idol","player_choice":"Take Damage","floor":2.0,"gold_loss":0.0,"damage_taken":20.0,"relics_obtained":["Golden Idol"]},{"cards_removed":["Strike_R"],"damage_healed":0.0,"max_hp_gain":0.0,"max_hp_loss":0.0,"gold_gain":0.0,"event_name":"Purifier","player_choice":"Purged","floor":4.0,"gold_loss":0.0,"damage_taken":0.0},{"damage_healed":0,"gold_gain":0,"player_choice":"Fought Bandits","damage_taken":0,"max_hp_gain":0,"max_hp_loss":0,"event_name":"Masked Bandits","floor":21,"gold_loss":0},{"damage_healed":0,"gold_gain":0,"player_choice":"Ignored","damage_taken":0,"max_hp_gain":0,"max_hp_loss":0,"event_name":"Ghosts","floor":22,"gold_loss":0},{"damage_healed":0,"gold_gain":0,"player_choice":"Damaged","damage_taken":8,"max_hp_gain":0,"max_hp_loss":0,"event_name":"Wheel of Change","floor":39,"gold_loss":0},{"damage_healed":0,"gold_gain":0,"player_choice":"Memory 1","damage_taken":0,"max_hp_gain":0,"max_hp_loss":0,"event_name":"SensoryStone","floor":45,"gold_loss":0},{"damage_healed":0,"gold_gain":0,"player_choice":"Ignored","damage_taken":0,"max_hp_gain":0,"max_hp_loss":0,"event_name":"SecretPortal","floor":46,"gold_loss":0},{"damage_healed":0,"gold_gain":0,"player_choice":"Fight","damage_taken":0,"max_hp_gain":0,"max_hp_loss":0,"event_name":"Mysterious Sphere","floor":47,"gold_loss":0}],"is_beta":false,"boss_relics":[{"not_picked":["Calling Bell","Tiny House"],"picked":"Ectoplasm"},{"not_picked":["Philosopher\u0027s Stone","Fusion Hammer"],"picked":"Coffee Dripper"}],"items_purged_floors":[14,31],"is_endless":false,"potions_floor_spawned":[3,7,8,11,16,21,23,28,30,33,35,41,47,48],"ascension_level":2}