{"gold_per_floor":[112,112,130,150,170,170,204,204,204,217,243,243,270,281,281,383,383,394,414,424,442,442],"floor_reached":22,"playtime":2789,"items_purged":[],"score":315,"play_id":"7bbb8838-9fcd-4f04-9b9c-3320e9226b7d","local_time":"20190818212713","is_ascension_mode":true,"campfire_choices":[{"data":"Neutralize","floor":6,"key":"SMITH"},{"floor":8,"key":"REST"},{"floor":12,"key":"REST"},{"data":"Dagger Spray","floor":15,"key":"SMITH"}],"neow_cost":"NONE","seed_source_timestamp":392292822654617,"circlet_count":0,"master_deck":["AscendersBane","Survivor+1","Neutralize+1","Panacea","Dagger Spray+1","Quick Slash","Poisoned Stab","Backstab","Blur","Leg Sweep","Catalyst+1","PiercingWail","Dodge and Roll","Corpse Explosion","Deadly Poison","Crippling Poison","Underhanded Strike","Grand Finale","Choke","Venomology","Infinite Blades","Skewer","Heel Hook","PiercingWail","Blade Dance","Backflip","Deadly Poison"],"relics":["Ring of the Snake","Bottled Flame","The Courier","Kunai","War Paint","Pandora\u0027s Box"],"potions_floor_usage":[13,16,16,20,20,21,21,22],"damage_taken":[{"damage":0,"enemies":"Small Slimes","floor":1,"turns":5},{"damage":2,"enemies":"Cultist","floor":3,"turns":4},{"damage":6,"enemies":"2 Louse","floor":4,"turns":3},{"damage":0,"enemies":"Exordium Wildlife","floor":5,"turns":5},{"damage":25,"enemies":"Gremlin Nob","floor":7,"turns":5},{"damage":3,"enemies":"3 Louse","floor":10,"turns":3},{"damage":22,"enemies":"Lagavulin","floor":11,"turns":10},{"damage":9,"enemies":"3 Sentries","floor":13,"turns":11},{"damage":0,"enemies":"2 Fungi Beasts","floor":14,"turns":4},{"damage":40,"enemies":"Slime Boss","floor":16,"turns":24},{"damage":29,"enemies":"Spheric Guardian","floor":18,"turns":8},{"damage":13,"enemies":"Chosen","floor":19,"turns":5},{"damage":3,"enemies":"Snake Plant","floor":20,"turns":4},{"damage":0,"enemies":"Centurion and Healer","floor":21,"turns":5},{"damage":13,"enemies":"Shelled Parasite and Fungi","floor":22,"turns":4}],"seed_played":"-3198545945329693630","potions_obtained":[{"floor":1,"key":"SpeedPotion"},{"floor":10,"key":"SpeedPotion"},{"floor":13,"key":"EssenceOfSteel"},{"floor":14,"key":"Regen Potion"},{"floor":19,"key":"PowerPotion"},{"floor":20,"key":"AttackPotion"},{"floor":21,"key":"PowerPotion"}],"is_trial":false,"path_per_floor":["M","?","M","M","M","R","E","R","T","M","E","R","E","M","R","B",null,"M","M","M","M","M"],"character_chosen":"THE_SILENT","items_purchased":[],"campfire_rested":2,"item_purchase_floors":[],"current_hp_per_floor":[63,63,61,55,55,55,30,51,51,48,26,47,38,38,38,13,56,27,14,11,11,0],"gold":442,"neow_bonus":"RANDOM_COLORLESS","is_prod":false,"is_daily":false,"chose_seed":false,"campfire_upgraded":2,"win_rate":0,"timestamp":1566178033,"path_taken":["M","?","M","?","M","R","E","R","T","M","E","R","E","M","R","BOSS","M","M","M","M","?"],"build_version":"2019-07-17","purchased_purges":0,"victory":false,"max_hp_per_floor":[70,70,70,70,70,70,70,70,70,70,70,70,70,70,70,70,70,70,70,70,70,70],"card_choices":[{"not_picked":["Outmaneuver","Backflip"],"picked":"Dagger Spray","floor":1},{"not_picked":["PiercingWail","Slice"],"picked":"Quick Slash","floor":3},{"not_picked":["Heel Hook","Tactician"],"picked":"Poisoned Stab","floor":4},{"not_picked":["Eviscerate","Dagger Throw"],"picked":"Backstab","floor":5},{"not_picked":["Dagger Throw","Reflex"],"picked":"Blur","floor":7},{"not_picked":["Quick Slash","Bouncing Flask"],"picked":"Leg Sweep","floor":10},{"not_picked":["Prepared","Predator"],"picked":"Catalyst","floor":11},{"not_picked":["Die Die Die","Tactician"],"picked":"PiercingWail","floor":13},{"not_picked":["Choke","Bouncing Flask"],"picked":"Dodge and Roll","floor":14},{"not_picked":["Night Terror","Unload"],"picked":"Corpse Explosion","floor":16},{"not_picked":["Eviscerate","Accuracy"],"picked":"PiercingWail","floor":18},{"not_picked":["Bane","Deflect"],"picked":"Blade Dance","floor":19},{"not_picked":["Skewer","Heel Hook"],"picked":"Backflip","floor":20},{"not_picked":["Catalyst","Underhanded Strike"],"picked":"Deadly Poison","floor":21}],"player_experience":434384,"relics_obtained":[{"floor":7,"key":"Bottled Flame"},{"floor":9,"key":"The Courier"},{"floor":11,"key":"Kunai"},{"floor":13,"key":"War Paint"}],"event_choices":[{"cards_removed":["Strike_G"],"damage_healed":0,"gold_gain":0,"player_choice":"Offered Basic","damage_taken":0,"max_hp_gain":0,"max_hp_loss":0,"event_name":"Bonfire Elementals","floor":2,"gold_loss":0}],"is_beta":false,"boss_relics":[{"not_picked":["Coffee Dripper","Ring of the Serpent"],"picked":"Pandora\u0027s Box"}],"items_purged_floors":[],"is_endless":false,"potions_floor_spawned":[1,10,13,14,19,20,21],"killed_by":"Shelled Parasite and Fungi","ascension_level":10}