{"gold_per_floor":[110,110,110,130,130,130,143,170,216,246,256,275,288,288,288,384,384,400,414,9,28,38,70,22,22,22,56,56,85,108,125,125,125],"floor_reached":33,"playtime":4340,"items_purged":[],"score":359,"play_id":"db2103d5-ec6e-4f98-851d-b4148624c395","local_time":"20190708022906","is_ascension_mode":true,"campfire_choices":[{"floor":6,"key":"REST"},{"floor":15,"key":"REST"},{"floor":25,"key":"REST"},{"floor":28,"key":"REST"},{"floor":32,"key":"REST"}],"neow_cost":"NONE","seed_source_timestamp":478342314872218,"circlet_count":0,"master_deck":["Strike_B+1","Strike_B","Strike_B","Defend_B","Defend_B+1","Defend_B","Defend_B","Zap","Dualcast","Creative AI","Turbo","FTL","Compile Driver","Capacitor","Leap","Leap","Genetic Algorithm","Beam Cell","Decay","Reboot","Ball Lightning","Steam","Sweeping Beam","Ball Lightning","Storm","Stack","Rebound+1","Barrage","Go for the Eyes+1","Cold Snap"],"relics":["Cracked Core","Regal Pillow","Anchor","Calipers","Fusion Hammer","Mummified Hand","PreservedInsect","Smiling Mask","Blood Vial","Boot","Juzu Bracelet","Dream Catcher"],"potions_floor_usage":[10,23,27,29,33,33],"damage_taken":[{"damage":1,"enemies":"Jaw Worm","floor":1,"turns":3},{"damage":7,"enemies":"Small Slimes","floor":4,"turns":4},{"damage":0,"enemies":"2 Louse","floor":7,"turns":2},{"damage":16,"enemies":"Lagavulin","floor":8,"turns":8},{"damage":13,"enemies":"3 Sentries","floor":10,"turns":7},{"damage":5,"enemies":"Lots of Slimes","floor":11,"turns":4},{"damage":9,"enemies":"Exordium Thugs","floor":12,"turns":4},{"damage":0,"enemies":"2 Fungi Beasts","floor":13,"turns":4},{"damage":62,"enemies":"Hexaghost","floor":16,"turns":12},{"damage":30,"enemies":"Shell Parasite","floor":18,"turns":8},{"damage":2,"enemies":"Chosen","floor":19,"turns":6},{"damage":6,"enemies":"Shelled Parasite and Fungi","floor":21,"turns":7},{"damage":5,"enemies":"Chosen and Byrds","floor":22,"turns":7},{"damage":0,"enemies":"Book of Stabbing","floor":23,"turns":3},{"damage":23,"enemies":"Gremlin Leader","floor":27,"turns":5},{"damage":31,"enemies":"Book of Stabbing","floor":29,"turns":6},{"damage":42,"enemies":"Cultist and Chosen","floor":31,"turns":6},{"damage":58,"enemies":"Automaton","floor":33,"turns":6}],"seed_played":"5111877768430599280","potions_obtained":[{"floor":4,"key":"Fire Potion"},{"floor":8,"key":"SpeedPotion"},{"floor":11,"key":"SpeedPotion"},{"floor":13,"key":"Explosive Potion"},{"floor":18,"key":"Strength Potion"},{"floor":29,"key":"LiquidBronze"},{"floor":31,"key":"GamblersBrew"}],"is_trial":false,"path_per_floor":["M","?","?","M","?","R","M","E","T","E","M","M","M","?","R","B",null,"M","M","$","M","M","E","$","R","T","E","R","E","T","M","R","B"],"character_chosen":"DEFECT","items_purchased":["Mummified Hand","PreservedInsect","Stack"],"campfire_rested":5,"item_purchase_floors":[20,20,24],"current_hp_per_floor":[74,62,55,48,33,70,70,54,54,41,36,27,27,27,64,2,75,45,43,43,37,32,32,32,69,69,48,75,44,44,4,41,0],"gold":125,"neow_bonus":"ONE_RANDOM_RARE_CARD","is_prod":false,"is_daily":false,"chose_seed":false,"campfire_upgraded":0,"win_rate":0,"timestamp":1562567346,"path_taken":["M","?","?","M","?","R","M","E","T","E","M","?","M","?","R","BOSS","M","M","$","M","?","E","?","R","T","E","R","E","?","M","R","BOSS"],"build_version":"2019-07-05","purchased_purges":0,"victory":false,"max_hp_per_floor":[75,75,75,75,75,75,75,75,75,75,75,75,75,75,75,75,75,75,75,75,75,75,75,75,75,75,75,75,75,75,75,75,75],"card_choices":[{"not_picked":["Barrage","Leap"],"picked":"Turbo","floor":1},{"not_picked":["Melter","Streamline"],"picked":"FTL","floor":4},{"not_picked":["Leap","Multi-Cast"],"picked":"Compile Driver","floor":7},{"not_picked":["Leap","Tempest"],"picked":"Capacitor","floor":8},{"not_picked":["Go for the Eyes","Streamline"],"picked":"Leap","floor":10},{"not_picked":["Doom and Gloom","Compile Driver"],"picked":"Leap","floor":11},{"not_picked":["Cold Snap","Leap"],"picked":"Genetic Algorithm","floor":12},{"not_picked":["Blizzard","Barrage"],"picked":"Beam Cell","floor":13},{"not_picked":["Meteor Strike","Creative AI"],"picked":"Reboot","floor":16},{"not_picked":["Turbo+1","FTL"],"picked":"Ball Lightning","floor":18},{"not_picked":["Tempest","Streamline"],"picked":"Steam","floor":19},{"not_picked":["Barrage","Steam"],"picked":"Sweeping Beam","floor":21},{"not_picked":["Steam","Go for the Eyes"],"picked":"Ball Lightning","floor":22},{"not_picked":["Gash+1","Blizzard"],"picked":"Storm","floor":23},{"not_picked":["Compile Driver","All For One"],"picked":"Rebound+1","floor":27},{"not_picked":["Redo","Biased Cognition"],"picked":"Barrage","floor":29},{"not_picked":["Gash+1","Rebound"],"picked":"Go for the Eyes+1","floor":31},{"not_picked":["Hologram","Barrage+1"],"picked":"Cold Snap","floor":32}],"player_experience":169119,"relics_obtained":[{"floor":8,"key":"Anchor"},{"floor":10,"key":"Calipers"},{"floor":23,"key":"Smiling Mask"},{"floor":26,"key":"Blood Vial"},{"floor":27,"key":"Boot"},{"floor":29,"key":"Juzu Bracelet"},{"floor":30,"key":"Dream Catcher"}],"event_choices":[{"damage_healed":0,"gold_gain":0,"player_choice":"Success","damage_taken":12,"relics_obtained":["Regal Pillow"],"max_hp_gain":0,"max_hp_loss":0,"event_name":"Scrap Ooze","floor":2,"gold_loss":0},{"cards_removed":["Strike_B"],"damage_healed":0,"gold_gain":0,"player_choice":"Card Removal","damage_taken":7,"max_hp_gain":0,"max_hp_loss":0,"event_name":"Golden Wing","floor":3,"gold_loss":0},{"damage_healed":0,"gold_gain":0,"player_choice":"Entered Light","damage_taken":15,"max_hp_gain":0,"max_hp_loss":0,"event_name":"Shining Light","floor":5,"gold_loss":0,"cards_upgraded":["Strike_B","Defend_B"]},{"damage_healed":0,"gold_gain":0,"player_choice":"Cursed","damage_taken":0,"max_hp_gain":0,"max_hp_loss":0,"event_name":"Wheel of Change","floor":14,"gold_loss":0,"cards_obtained":["Decay"]}],"is_beta":false,"boss_relics":[{"not_picked":["Philosopher\u0027s Stone","Calling Bell"],"picked":"Fusion Hammer"}],"items_purged_floors":[],"is_endless":false,"potions_floor_spawned":[4,8,11,13,18,29,31],"killed_by":"Automaton","ascension_level":1}