{"gold_per_floor":[118,136,136,136,147,147,179,179,202,46,61,123,123,7,7,111,111,122,139,45,63,76,76,102,122,148,182,200,200,170,183,183,183],"floor_reached":33,"playtime":2310,"items_purged":[],"score":287,"play_id":"85c67153-674f-483c-b3a1-1d17e866435d","local_time":"20190828135448","is_ascension_mode":false,"campfire_choices":[{"floor":6,"key":"RECALL"},{"data":"Armaments","floor":13,"key":"SMITH"},{"floor":15,"key":"REST"},{"floor":23,"key":"REST"},{"floor":29,"key":"REST"},{"floor":32,"key":"REST"}],"neow_cost":"NONE","seed_source_timestamp":57078902400249,"circlet_count":0,"master_deck":["Strike_R","Strike_R","Strike_R","Strike_R","Defend_R","Defend_R","Defend_R","Bash","Spot Weakness","Rampage","Clash","Clothesline","Armaments+1","Armaments","Intimidate","Anger","Warcry","Rage","Armaments","Evolve","Juggernaut","Infernal Blade","Headbutt","Feel No Pain","True Grit","Burning Pact+1","Warcry","Heavy Blade","Reckless Charge+1","Sword Boomerang+1","Disarm","Shrug It Off+1"],"relics":["Philosopher\u0027s Stone","Vajra","Anchor","Pen Nib","Self Forming Clay","Busted Crown","Matryoshka","Blood Vial","Letter Opener"],"potions_floor_usage":[18,24,27,27,28,33,33,33],"damage_taken":[{"damage":3,"enemies":"Small Slimes","floor":1,"turns":4},{"damage":0,"enemies":"2 Louse","floor":2,"turns":3},{"damage":0,"enemies":"Cultist","floor":5,"turns":2},{"damage":20,"enemies":"Gremlin Nob","floor":7,"turns":4},{"damage":0,"enemies":"Looter","floor":11,"turns":2},{"damage":15,"enemies":"Gremlin Nob","floor":12,"turns":3},{"damage":34,"enemies":"Slime Boss","floor":16,"turns":9},{"damage":2,"enemies":"3 Byrds","floor":18,"turns":3},{"damage":1,"enemies":"Spheric Guardian","floor":19,"turns":3},{"damage":27,"enemies":"Snecko","floor":21,"turns":5},{"damage":12,"enemies":"Snake Plant","floor":22,"turns":4},{"damage":12,"enemies":"Book of Stabbing","floor":24,"turns":5},{"damage":15,"enemies":"Centurion and Healer","floor":25,"turns":4},{"damage":46,"enemies":"Slavers","floor":27,"turns":6},{"damage":7,"enemies":"Cultist and Chosen","floor":28,"turns":6},{"damage":0,"enemies":"Snecko","floor":31,"turns":5},{"damage":70,"enemies":"Champ","floor":33,"turns":9}],"seed_played":"795635478799522207","potions_obtained":[{"floor":5,"key":"LiquidBronze"},{"floor":11,"key":"GamblersBrew"},{"floor":18,"key":"Block Potion"},{"floor":22,"key":"BloodPotion"},{"floor":24,"key":"SkillPotion"},{"floor":28,"key":"EssenceOfSteel"},{"floor":30,"key":"SkillPotion"},{"floor":30,"key":"Dexterity Potion"}],"is_trial":false,"path_per_floor":["M","M","?","?","M","R","E","?","T","$","M","?","R","$","R","B",null,"M","M","$","M","M","R","E","M","T","E","M","R","?","M","R","B"],"character_chosen":"IRONCLAD","items_purchased":["Armaments","Intimidate","Anger","Armaments","Evolve","Feel No Pain","True Grit"],"campfire_rested":4,"item_purchase_floors":[10,10,10,14,14,20,20],"current_hp_per_floor":[77,77,70,70,70,70,50,47,47,47,47,32,32,32,56,22,80,78,77,77,50,38,62,50,35,35,11,6,30,30,32,56,0],"gold":183,"neow_bonus":"BOSS_RELIC","is_prod":false,"is_daily":false,"chose_seed":false,"campfire_upgraded":1,"win_rate":0,"timestamp":1567014888,"path_taken":["M","M","?","?","M","R","E","?","T","$","M","?","R","?","R","BOSS","M","M","$","M","M","R","E","M","T","E","M","R","?","M","R","BOSS"],"build_version":"2019-07-17","purchased_purges":0,"victory":false,"max_hp_per_floor":[80,80,80,80,80,80,80,80,80,80,80,80,80,80,80,80,80,80,80,80,80,80,80,80,80,80,80,80,80,80,80,80,80],"card_choices":[{"not_picked":["Sword Boomerang","Body Slam"],"picked":"Spot Weakness","floor":1},{"not_picked":["Blood for Blood","Rupture"],"picked":"Rampage","floor":2},{"not_picked":["Second Wind","Pummel"],"picked":"Clothesline","floor":5},{"not_picked":["Thunderclap","Cleave"],"picked":"Armaments","floor":7},{"not_picked":["Brutality","Uppercut"],"picked":"Warcry","floor":11},{"not_picked":["Headbutt","Armaments"],"picked":"Rage","floor":12},{"not_picked":["Limit Break","Immolate"],"picked":"Juggernaut","floor":16},{"not_picked":[],"picked":"Infernal Blade","floor":18},{"not_picked":[],"picked":"Headbutt","floor":19},{"not_picked":[],"picked":"Burning Pact+1","floor":21},{"not_picked":[],"picked":"Warcry","floor":22},{"not_picked":[],"picked":"Heavy Blade","floor":24},{"not_picked":[],"picked":"Reckless Charge+1","floor":25},{"not_picked":[],"picked":"Sword Boomerang+1","floor":27},{"not_picked":[],"picked":"Disarm","floor":28},{"not_picked":[],"picked":"Shrug It Off+1","floor":31}],"player_experience":133522,"relics_obtained":[{"floor":7,"key":"Vajra"},{"floor":9,"key":"Pen Nib"},{"floor":12,"key":"Self Forming Clay"},{"floor":24,"key":"Matryoshka"},{"floor":26,"key":"Blood Vial"},{"floor":27,"key":"Letter Opener"}],"event_choices":[{"cards_removed":["Strike_R"],"damage_healed":0,"gold_gain":0,"player_choice":"Card Removal","damage_taken":7,"max_hp_gain":0,"max_hp_loss":0,"event_name":"Golden Wing","floor":3,"gold_loss":0},{"damage_healed":0,"gold_gain":0,"cards_transformed":["Defend_R"],"player_choice":"Change","damage_taken":0,"max_hp_gain":0,"max_hp_loss":0,"event_name":"Living Wall","floor":4,"gold_loss":0,"cards_obtained":["Clash"]},{"damage_healed":0,"gold_gain":0,"player_choice":"Success","damage_taken":3,"relics_obtained":["Anchor"],"max_hp_gain":0,"max_hp_loss":0,"event_name":"Scrap Ooze","floor":8,"gold_loss":0},{"damage_healed":0,"gold_gain":30,"player_choice":"Searched \u00273\u0027 times","damage_taken":0,"max_hp_gain":0,"max_hp_loss":0,"event_name":"Dead Adventurer","floor":12,"gold_loss":0},{"damage_healed":0,"gold_gain":0,"player_choice":"Bought 2 Potions","damage_taken":0,"max_hp_gain":0,"max_hp_loss":0,"event_name":"The Woman in Blue","floor":30,"gold_loss":0}],"is_beta":false,"boss_relics":[{"not_picked":["Astrolabe","Lizard Tail"],"picked":"Busted Crown"}],"items_purged_floors":[],"is_endless":false,"potions_floor_spawned":[5,11,18,22,24,25,28],"killed_by":"Champ","ascension_level":0}