{"gold_per_floor":[109,72,72,84,84,110,127,127,127,127,137,137,156,175,175,272,272,285,299,299,310,310],"floor_reached":22,"playtime":1205,"items_purged":[],"score":291,"play_id":"fe2288f1-b1e6-407c-89e7-a56109287972","local_time":"20190730180519","is_ascension_mode":true,"campfire_choices":[{"data":"Zap","floor":8,"key":"SMITH"},{"data":"Defragment","floor":10,"key":"SMITH"},{"floor":12,"key":"REST"},{"floor":15,"key":"REST"}],"neow_cost":"NONE","seed_source_timestamp":2050726884480566,"circlet_count":0,"master_deck":["AscendersBane","Strike_B","Defend_B","Defend_B","Defend_B","Zap+1","Dualcast","Forethought","Coolheaded","Defragment+1","FTL","Gash","Rainbow","Coolheaded","Machine Learning","Go for the Eyes","Barrage","BootSequence+1"],"relics":["Cracked Core","Letter Opener","Mummified Hand","Empty Cage"],"potions_floor_usage":[6,16,18,22],"damage_taken":[{"damage":4,"enemies":"Jaw Worm","floor":1,"turns":5},{"damage":0,"enemies":"2 Louse","floor":4,"turns":3},{"damage":40,"enemies":"Gremlin Nob","floor":6,"turns":4},{"damage":3,"enemies":"Small Slimes","floor":7,"turns":3},{"damage":13,"enemies":"Gremlin Gang","floor":11,"turns":3},{"damage":4,"enemies":"Blue Slaver","floor":13,"turns":4},{"damage":9,"enemies":"Large Slime","floor":14,"turns":4},{"damage":42,"enemies":"Hexaghost","floor":16,"turns":10},{"damage":29,"enemies":"2 Thieves","floor":18,"turns":4},{"damage":11,"enemies":"Spheric Guardian","floor":19,"turns":4},{"damage":16,"enemies":"3 Cultists","floor":21,"turns":5},{"damage":6,"enemies":"Centurion and Healer","floor":22,"turns":1}],"seed_played":"6376583656760616936","potions_obtained":[{"floor":1,"key":"SteroidPotion"},{"floor":6,"key":"FearPotion"},{"floor":16,"key":"AttackPotion"},{"floor":18,"key":"EssenceOfSteel"}],"is_trial":false,"path_per_floor":["M","$","?","M","?","E","M","R","T","R","M","R","M","M","R","B",null,"M","M","?","M","M"],"character_chosen":"DEFECT","items_purchased":["Defragment"],"campfire_rested":2,"item_purchase_floors":[2],"current_hp_per_floor":[64,64,69,69,69,29,26,26,26,26,13,37,33,24,48,6,62,33,22,22,6,0],"gold":310,"neow_bonus":"RANDOM_COLORLESS","is_prod":false,"is_daily":false,"chose_seed":false,"campfire_upgraded":2,"win_rate":0,"timestamp":1564477519,"path_taken":["M","$","?","M","?","E","M","R","T","R","M","R","M","M","R","BOSS","M","M","?","M","M"],"build_version":"2019-07-17","purchased_purges":0,"victory":false,"max_hp_per_floor":[75,75,80,80,80,80,80,80,80,80,80,80,80,80,80,80,80,80,80,80,80,80],"card_choices":[{"not_picked":["Turbo","Conserve Battery"],"picked":"Coolheaded","floor":1},{"not_picked":["Self Repair","Genetic Algorithm"],"picked":"FTL","floor":4},{"not_picked":["Rebound","Barrage","Ball Lightning"],"picked":"SKIP","floor":6},{"not_picked":["Leap","Melter","Rip and Tear"],"picked":"SKIP","floor":7},{"not_picked":["Leap","FTL"],"picked":"Gash","floor":11},{"not_picked":["Compile Driver","Ball Lightning"],"picked":"Rainbow","floor":13},{"not_picked":["Rebound","Recycle"],"picked":"Coolheaded","floor":14},{"not_picked":["Amplify","Buffer"],"picked":"Machine Learning","floor":16},{"not_picked":["Redo","Sweeping Beam+1","Leap"],"picked":"SKIP","floor":18},{"not_picked":["Reprogram+1","Rebound","Cold Snap"],"picked":"SKIP","floor":19},{"not_picked":["Barrage","Beam Cell"],"picked":"BootSequence+1","floor":21}],"player_experience":419378,"relics_obtained":[{"floor":6,"key":"Letter Opener"},{"floor":9,"key":"Mummified Hand"}],"event_choices":[{"damage_healed":0,"gold_gain":0,"player_choice":"Donut","damage_taken":0,"max_hp_gain":5,"max_hp_loss":0,"event_name":"Big Fish","floor":3,"gold_loss":0},{"damage_healed":0,"gold_gain":0,"player_choice":"Ignored","damage_taken":0,"max_hp_gain":0,"max_hp_loss":0,"event_name":"Liars Game","floor":5,"gold_loss":0},{"damage_healed":0,"gold_gain":0,"cards_transformed":["Strike_B","Strike_B"],"player_choice":"Became Test Subject","damage_taken":0,"max_hp_gain":0,"max_hp_loss":0,"event_name":"Drug Dealer","floor":20,"gold_loss":0,"cards_obtained":["Go for the Eyes","Barrage"]}],"is_beta":false,"boss_relics":[{"not_picked":["Ectoplasm","FrozenCore"],"picked":"Empty Cage"}],"items_purged_floors":[],"is_endless":false,"potions_floor_spawned":[1,6,16,18],"killed_by":"Centurion and Healer","ascension_level":11}