{"gold_per_floor":[113,5,17,17,17,42,42,53,53,81,92,92,123,142,142,246,246,265,279,259,271,196,227,227,243,243,243,274,284,284,10,10,105,105,115,15,115,115,25,25,50,62,114,114,114,114],"floor_reached":46,"playtime":3619,"items_purged":["Injury","Decay"],"score":529,"play_id":"b7fcc891-2226-4cd3-91b7-b60dac26af99","local_time":"20190819035905","is_ascension_mode":false,"campfire_choices":[{"data":"Distraction","floor":7,"key":"SMITH"},{"floor":12,"key":"REST"},{"floor":15,"key":"REST"},{"floor":24,"key":"REST"},{"floor":30,"key":"REST"},{"data":"Mayhem","floor":32,"key":"SMITH"},{"data":"Night Terror","floor":40,"key":"SMITH"},{"floor":45,"key":"REST"}],"neow_cost":"CURSE","seed_source_timestamp":10137058220052,"circlet_count":0,"master_deck":["Strike_G+1","Strike_G","Defend_G","Defend_G","Defend_G","Survivor","Neutralize","Impatience","The Bomb","Blur","Noxious Fumes","Flying Knee","Caltrops","Distraction+1","Leg Sweep","Night Terror+1","Tactician","Bane","Terror","Die Die Die","Dagger Throw+1","Well Laid Plans+1","Prepared+1","Tactician","Dagger Throw+1","Bullet Time","Choke","Noxious Fumes","Deflect+1","PanicButton+1","Mayhem+1","Doppelganger","Decay","Writhe","PiercingWail+1","Deflect+1","Poisoned Stab","Crippling Poison+1","Madness+1","Madness+1"],"relics":["Ring of the Snake","Mercury Hourglass","Bag of Preparation","Meat on the Bone","Mango","Bronze Scales","Black Star","Anchor","Orichalcum","Pocketwatch","WingedGreaves","Vajra","Calling Bell","Juzu Bracelet","Kunai","Thread and Needle","Gambling Chip","Toxic Egg 2","Paper Crane","Potion Belt"],"potions_floor_usage":[6,16,21,21,23,33,41],"damage_taken":[{"damage":0,"enemies":"Jaw Worm","floor":1,"turns":5},{"damage":0,"enemies":"Small Slimes","floor":3,"turns":5},{"damage":8,"enemies":"Gremlin Nob","floor":6,"turns":5},{"damage":1,"enemies":"Cultist","floor":8,"turns":3},{"damage":18,"enemies":"3 Sentries","floor":10,"turns":5},{"damage":0,"enemies":"Large Slime","floor":11,"turns":3},{"damage":32,"enemies":"Gremlin Nob","floor":13,"turns":5},{"damage":8,"enemies":"Gremlin Gang","floor":14,"turns":3},{"damage":20,"enemies":"The Guardian","floor":16,"turns":10},{"damage":32,"enemies":"3 Byrds","floor":18,"turns":3},{"damage":5,"enemies":"Shell Parasite","floor":19,"turns":5},{"damage":6,"enemies":"Centurion and Healer","floor":21,"turns":3},{"damage":28,"enemies":"Gremlin Leader","floor":23,"turns":5},{"damage":48,"enemies":"Sentry and Sphere","floor":25,"turns":5},{"damage":8,"enemies":"Book of Stabbing","floor":28,"turns":4},{"damage":3,"enemies":"Snake Plant","floor":29,"turns":4},{"damage":15,"enemies":"Automaton","floor":33,"turns":7},{"damage":18,"enemies":"3 Shapes","floor":35,"turns":3},{"damage":0,"enemies":"Mind Bloom Boss Battle","floor":37,"turns":6},{"damage":46,"enemies":"Giant Head","floor":41,"turns":11},{"damage":0,"enemies":"Orb Walker","floor":42,"turns":3},{"damage":74,"enemies":"Reptomancer","floor":46,"turns":2}],"seed_played":"7398664653414157283","potions_obtained":[{"floor":3,"key":"PowerPotion"},{"floor":8,"key":"Strength Potion"},{"floor":14,"key":"Block Potion"},{"floor":19,"key":"SteroidPotion"},{"floor":20,"key":"SteroidPotion"},{"floor":21,"key":"LiquidBronze"},{"floor":28,"key":"SkillPotion"},{"floor":42,"key":"Swift Potion"}],"is_trial":false,"path_per_floor":["M","$","M","?","?","E","R","M","T","E","M","R","E","M","R","B",null,"M","M","?","M","?","E","R","M","T","?","E","M","R","$","R","B",null,"M","$","?","?","?","R","E","M","T","?","R","E"],"character_chosen":"THE_SILENT","items_purchased":["Noxious Fumes","PanicButton","Mayhem"],"campfire_rested":5,"item_purchase_floors":[2,31,31],"current_hp_per_floor":[70,70,70,58,58,50,50,49,49,57,57,82,50,54,79,59,84,52,47,47,53,53,37,62,26,26,26,30,39,64,64,64,49,84,66,66,66,66,66,66,32,44,44,33,58,0],"gold":114,"neow_bonus":"RANDOM_COLORLESS_2","is_prod":false,"is_daily":false,"chose_seed":false,"campfire_upgraded":3,"win_rate":0.0,"timestamp":1566201545,"path_taken":["M","$","M","?","?","E","R","?","T","E","M","R","E","M","R","BOSS","M","M","?","?","?","E","R","M","T","?","E","M","R","$","R","BOSS","M","$","?","?","?","R","E","M","T","?","R","E"],"build_version":"2019-07-17","purchased_purges":2,"victory":false,"max_hp_per_floor":[70,70,70,70,70,70,70,70,70,84,84,84,84,84,84,84,84,84,84,84,84,84,84,84,84,84,84,84,84,84,84,84,84,84,84,84,84,84,84,84,84,84,84,84,84,84],"card_choices":[{"not_picked":["Quick Slash","Slice"],"picked":"Blur","floor":1},{"not_picked":["Acrobatics","Sucker Punch"],"picked":"Flying Knee","floor":3},{"not_picked":["Slice","Underhanded Strike"],"picked":"Distraction","floor":6},{"not_picked":["Sucker Punch","Poisoned Stab"],"picked":"Leg Sweep","floor":8},{"not_picked":["Deadly Poison","Eviscerate"],"picked":"Night Terror","floor":10},{"not_picked":["Dagger Throw","Deadly Poison"],"picked":"Tactician","floor":11},{"not_picked":["Eviscerate","Underhanded Strike"],"picked":"Bane","floor":13},{"not_picked":["Blade Dance","Well Laid Plans"],"picked":"Terror","floor":14},{"not_picked":["Tools of the Trade","Doppelganger"],"picked":"Die Die Die","floor":16},{"not_picked":["Noxious Fumes+1","Bane"],"picked":"Dagger Throw+1","floor":18},{"not_picked":["Escape Plan","Dagger Spray"],"picked":"Well Laid Plans+1","floor":19},{"not_picked":["Sucker Punch+1","Choke"],"picked":"Prepared+1","floor":21},{"not_picked":["Bane","Acrobatics+1"],"picked":"Tactician","floor":23},{"not_picked":["Masterful Stab","Blade Dance+1"],"picked":"Dagger Throw+1","floor":25},{"not_picked":["Night Terror","Deflect"],"picked":"Noxious Fumes","floor":28},{"not_picked":["Dagger Throw","PiercingWail"],"picked":"Deflect+1","floor":29},{"not_picked":["Unload","Wraith Form v2"],"picked":"Doppelganger","floor":33},{"not_picked":["Bouncing Flask","Sucker Punch"],"picked":"PiercingWail+1","floor":35},{"not_picked":["Acrobatics+1","Expertise+1"],"picked":"Deflect+1","floor":37},{"not_picked":["Sucker Punch+1","Caltrops+1"],"picked":"Poisoned Stab","floor":41},{"not_picked":["Deadly Poison+1","Bouncing Flask+1"],"picked":"Crippling Poison+1","floor":42}],"player_experience":62013,"relics_obtained":[{"floor":6,"key":"Bag of Preparation"},{"floor":9,"key":"Meat on the Bone"},{"floor":10,"key":"Mango"},{"floor":13,"key":"Bronze Scales"},{"floor":23,"key":"Anchor"},{"floor":23,"key":"Orichalcum"},{"floor":26,"key":"Pocketwatch"},{"floor":28,"key":"WingedGreaves"},{"floor":28,"key":"Vajra"},{"floor":34,"key":"Juzu Bracelet"},{"floor":34,"key":"Kunai"},{"floor":34,"key":"Thread and Needle"},{"floor":37,"key":"Gambling Chip"},{"floor":41,"key":"Toxic Egg 2"},{"floor":41,"key":"Paper Crane"},{"floor":43,"key":"Potion Belt"}],"event_choices":[{"damage_healed":0,"gold_gain":0,"player_choice":"Success","damage_taken":12,"relics_obtained":["Mercury Hourglass"],"max_hp_gain":0,"max_hp_loss":0,"event_name":"Scrap Ooze","floor":4,"gold_loss":0},{"damage_healed":0,"gold_gain":0,"cards_transformed":["Defend_G"],"player_choice":"Transformed","damage_taken":0,"max_hp_gain":0,"max_hp_loss":0,"event_name":"Transmorgrifier","floor":5,"gold_loss":0,"cards_obtained":["Caltrops"]},{"damage_healed":0,"gold_gain":0,"player_choice":"Bought 1 Potion","damage_taken":0,"max_hp_gain":0,"max_hp_loss":0,"event_name":"The Woman in Blue","floor":20,"gold_loss":0},{"cards_removed":["Strike_G"],"damage_healed":0,"gold_gain":0,"player_choice":"Gave Gold","damage_taken":0,"max_hp_gain":0,"max_hp_loss":0,"event_name":"Beggar","floor":22,"gold_loss":75},{"damage_healed":0,"gold_gain":0,"cards_transformed":["Defend_G","Strike_G"],"player_choice":"Became Test Subject","damage_taken":0,"max_hp_gain":0,"max_hp_loss":0,"event_name":"Drug Dealer","floor":27,"gold_loss":0,"cards_obtained":["Bullet Time","Choke"]},{"damage_healed":0,"gold_gain":0,"player_choice":"Fight","damage_taken":0,"max_hp_gain":0,"max_hp_loss":0,"event_name":"MindBloom","floor":37,"gold_loss":0},{"damage_healed":0,"gold_gain":0,"player_choice":"Upgraded","damage_taken":0,"max_hp_gain":0,"max_hp_loss":0,"event_name":"Upgrade Shrine","floor":38,"gold_loss":0,"cards_upgraded":["PanicButton"]},{"cards_removed":["Strike_G"],"damage_healed":0,"gold_gain":0,"player_choice":"Upgrade and Remove","damage_taken":0,"max_hp_gain":0,"max_hp_loss":0,"event_name":"Designer","floor":39,"gold_loss":90,"cards_upgraded":["Strike_G"]},{"damage_healed":0,"gold_gain":0,"player_choice":"Embrace Madness","damage_taken":11,"max_hp_gain":0,"max_hp_loss":0,"event_name":"Winding Halls","floor":44,"gold_loss":0,"cards_obtained":["Madness","Madness"]}],"is_beta":false,"boss_relics":[{"not_picked":["Fusion Hammer","Ectoplasm"],"picked":"Black Star"},{"not_picked":["Empty Cage","Snecko Eye"],"picked":"Calling Bell"}],"items_purged_floors":[2,36],"is_endless":false,"potions_floor_spawned":[3,8,14,19,21,28,42],"killed_by":"Reptomancer","ascension_level":0}