{"gold_per_floor":[118,135,85,98,113,113,113,113,191,223,148,158,191,210,210,312,312,328,338,238,257,64,94,94,126,126,126,144,157,167,196,196,298,298,314,333,26,40,52,52,85,85,111,143,70,95,114,114,114,114,114,114,39,69,69],"floor_reached":55,"playtime":7859,"items_purged":["Defend_B","Defend_B","Strike_B","Strike_B"],"score":896,"play_id":"f619153b-0c6d-497d-9378-49245a76faa4","local_time":"20190708110403","is_ascension_mode":true,"campfire_choices":[{"data":"Glacier","floor":6,"key":"SMITH"},{"data":"Consume","floor":8,"key":"SMITH"},{"data":"Capacitor","floor":15,"key":"SMITH"},{"data":"Biased Cognition","floor":24,"key":"SMITH"},{"data":"Reinforced Body","floor":27,"key":"SMITH"},{"data":"FTL","floor":32,"key":"SMITH"},{"floor":40,"key":"RECALL"},{"floor":42,"key":"REST"},{"floor":49,"key":"REST"},{"floor":52,"key":"REST"}],"neow_cost":"NONE","seed_source_timestamp":118042238018615,"circlet_count":0,"master_deck":["Strike_B+1","Defend_B","Defend_B+1","Zap+1","Dualcast+1","Consume+1","Capacitor+1","Glacier+1","Biased Cognition+1","Reinforced Body+1","FTL+1","Barrage+1","Glacier+1","Self Repair+1","Barrage+1","Loop"],"relics":["Cracked Core","Shuriken","Pen Nib","War Paint","Inserter","Matryoshka","WingedGreaves","Blue Candle","Whetstone","Fusion Hammer","Art of War","Du-Vu Doll","Centennial Puzzle","Omamori","Juzu Bracelet","Smiling Mask","StoneCalendar"],"potions_floor_usage":[16,25,29,29,31,38,41,41,50,55,55],"damage_taken":[{"damage":11,"enemies":"2 Louse","floor":1,"turns":3},{"damage":1,"enemies":"Cultist","floor":2,"turns":4},{"damage":7,"enemies":"Jaw Worm","floor":4,"turns":4},{"damage":0,"enemies":"Blue Slaver","floor":5,"turns":5},{"damage":15,"enemies":"Lagavulin","floor":10,"turns":6},{"damage":7,"enemies":"Looter","floor":12,"turns":4},{"damage":13,"enemies":"3 Sentries","floor":13,"turns":8},{"damage":0,"enemies":"Large Slime","floor":14,"turns":9},{"damage":10,"enemies":"Hexaghost","floor":16,"turns":10},{"damage":0,"enemies":"Spheric Guardian","floor":18,"turns":7},{"damage":0,"enemies":"Chosen","floor":19,"turns":7},{"damage":0,"enemies":"Sentry and Sphere","floor":21,"turns":12},{"damage":24,"enemies":"Gremlin Leader","floor":23,"turns":8},{"damage":27,"enemies":"Book of Stabbing","floor":25,"turns":11},{"damage":0,"enemies":"Centurion and Healer","floor":28,"turns":7},{"damage":0,"enemies":"Snake Plant","floor":29,"turns":5},{"damage":0,"enemies":"Shelled Parasite and Fungi","floor":30,"turns":7},{"damage":5,"enemies":"Slavers","floor":31,"turns":8},{"damage":10,"enemies":"Automaton","floor":33,"turns":12},{"damage":7,"enemies":"3 Darklings","floor":35,"turns":5},{"damage":34,"enemies":"3 Shapes","floor":36,"turns":4},{"damage":0,"enemies":"Transient","floor":38,"turns":5},{"damage":0,"enemies":"Spire Growth","floor":39,"turns":5},{"damage":6,"enemies":"Nemesis","floor":41,"turns":7},{"damage":8,"enemies":"Giant Head","floor":44,"turns":9},{"damage":44,"enemies":"Reptomancer","floor":46,"turns":8},{"damage":21,"enemies":"Writhing Mass","floor":47,"turns":6},{"damage":26,"enemies":"Awakened One","floor":50,"turns":13},{"damage":79,"enemies":"Shield and Spear","floor":54,"turns":10},{"damage":41,"enemies":"The Heart","floor":55,"turns":2}],"seed_played":"8188323758052268053","potions_obtained":[{"floor":1,"key":"Energy Potion"},{"floor":5,"key":"Strength Potion"},{"floor":13,"key":"Weak Potion"},{"floor":14,"key":"Swift Potion"},{"floor":19,"key":"Block Potion"},{"floor":28,"key":"Regen Potion"},{"floor":29,"key":"Block Potion"},{"floor":31,"key":"Energy Potion"},{"floor":33,"key":"Swift Potion"},{"floor":38,"key":"Fire Potion"},{"floor":47,"key":"Fire Potion"}],"is_trial":false,"path_per_floor":["M","M","?","M","M","R","?","R","T","E","$","M","E","M","R","B",null,"M","M","$","M","$","E","R","E","T","R","M","M","M","E","R","B",null,"M","M","$","M","M","R","E","R","T","E","$","E","M","?","R","B",null,"R","$","E","B"],"character_chosen":"DEFECT","items_purchased":["FTL","Art of War","Loop","LiquidBronze"],"campfire_rested":3,"item_purchase_floors":[22,37,45,53],"current_hp_per_floor":[71,70,70,63,63,63,63,63,63,48,48,41,28,28,28,18,82,82,82,82,82,82,58,58,31,31,31,31,31,31,51,51,51,82,82,58,58,68,78,78,82,82,82,82,82,48,37,37,61,45,82,82,82,13,0],"gold":69,"neow_bonus":"TEN_PERCENT_HP_BONUS","is_prod":false,"is_daily":false,"chose_seed":false,"campfire_upgraded":6,"win_rate":0,"timestamp":1562551443,"path_taken":["M","M","?","M","M","R","?","R","T","E","$","M","E","M","R","BOSS","M","M","$","M","$","E","R","E","T","R","M","M","?","E","R","BOSS","M","M","$","M","M","R","E","R","T","E","$","E","M","?","R","BOSS","R","$","E","BOSS"],"build_version":"2019-07-05","purchased_purges":4,"victory":false,"max_hp_per_floor":[82,82,82,82,82,82,82,82,82,82,82,82,82,82,82,82,82,82,82,82,82,82,82,82,82,82,82,82,82,82,82,82,82,82,82,82,82,82,82,82,82,82,82,82,82,82,82,82,82,82,82,82,82,82,82],"card_choices":[{"not_picked":["Conserve Battery","Sweeping Beam"],"picked":"Consume","floor":1},{"not_picked":["Conserve Battery","Steam"],"picked":"Capacitor","floor":2},{"not_picked":["Hologram","Fusion"],"picked":"Glacier","floor":4},{"not_picked":["Scrape","Turbo","Compile Driver"],"picked":"SKIP","floor":5},{"not_picked":["Beam Cell","Electrodynamics","Redo"],"picked":"SKIP","floor":10},{"not_picked":["Storm","Scrape","Barrage"],"picked":"SKIP","floor":12},{"not_picked":["Cold Snap","Barrage","Turbo"],"picked":"SKIP","floor":13},{"not_picked":["Gash","Undo","Ball Lightning"],"picked":"SKIP","floor":14},{"not_picked":["Creative AI","Rainbow"],"picked":"Biased Cognition","floor":16},{"not_picked":["Consume","Gash","Recycle"],"picked":"SKIP","floor":18},{"not_picked":["Barrage","Gash"],"picked":"Reinforced Body","floor":19},{"not_picked":["Beam Cell+1","Gash","Fusion"],"picked":"SKIP","floor":21},{"not_picked":["Redo","Scrape"],"picked":"Barrage","floor":23},{"not_picked":["Beam Cell+1","Steam Power"],"picked":"Glacier+1","floor":25},{"not_picked":["Ball Lightning","Fusion+1","Reprogram+1"],"picked":"SKIP","floor":28},{"not_picked":["Cold Snap","Double Energy","Tempest+1"],"picked":"SKIP","floor":29},{"not_picked":["Barrage","Meteor Strike"],"picked":"Self Repair+1","floor":30},{"not_picked":["Steam","Undo+1"],"picked":"Barrage+1","floor":31},{"not_picked":["Go for the Eyes","Cold Snap","Turbo+1"],"picked":"SKIP","floor":35},{"not_picked":["Steam+1","Reprogram+1","Redo"],"picked":"SKIP","floor":36},{"not_picked":["Glacier+1","Gash+1","Capacitor"],"picked":"SKIP","floor":38},{"not_picked":["Compile Driver+1","Streamline","Heatsinks"],"picked":"SKIP","floor":39},{"not_picked":["Aggregate+1","Barrage","Self Repair"],"picked":"SKIP","floor":41},{"not_picked":["Electrodynamics","Genetic Algorithm","Steam"],"picked":"SKIP","floor":44},{"not_picked":["Undo","Turbo","Multi-Cast"],"picked":"SKIP","floor":46},{"not_picked":["Compile Driver","Barrage+1","Streamline"],"picked":"SKIP","floor":47},{"not_picked":["Fusion","Reprogram+1","Capacitor"],"picked":"SKIP","floor":54}],"player_experience":192885,"relics_obtained":[{"floor":9,"key":"Shuriken"},{"floor":10,"key":"Pen Nib"},{"floor":13,"key":"War Paint"},{"floor":23,"key":"Matryoshka"},{"floor":25,"key":"WingedGreaves"},{"floor":26,"key":"Blue Candle"},{"floor":31,"key":"Whetstone"},{"floor":41,"key":"Du-Vu Doll"},{"floor":43,"key":"Centennial Puzzle"},{"floor":43,"key":"Omamori"},{"floor":44,"key":"Juzu Bracelet"},{"floor":46,"key":"Smiling Mask"},{"floor":54,"key":"StoneCalendar"}],"event_choices":[{"cards_removed":["Strike_B"],"damage_healed":0,"gold_gain":0,"player_choice":"Card Removal","damage_taken":0,"max_hp_gain":0,"max_hp_loss":0,"event_name":"The Cleric","floor":3,"gold_loss":50},{"damage_healed":0,"gold_gain":0,"player_choice":"Forge","damage_taken":0,"max_hp_gain":0,"max_hp_loss":0,"event_name":"Accursed Blacksmith","floor":7,"gold_loss":0,"cards_upgraded":["Zap"]},{"damage_healed":0,"gold_gain":0,"player_choice":"Ignored","damage_taken":0,"max_hp_gain":0,"max_hp_loss":0,"event_name":"Tomb of Lord Red Mask","floor":48,"gold_loss":0}],"is_beta":false,"boss_relics":[{"not_picked":["Calling Bell","Philosopher\u0027s Stone"],"picked":"Inserter"},{"not_picked":["Lizard Tail","Tiny House"],"picked":"Fusion Hammer"}],"items_purged_floors":[11,20,22,37],"is_endless":false,"potions_floor_spawned":[1,5,13,14,19,21,28,29,31,33,36,38,39,47],"killed_by":"The Heart","ascension_level":3}