{"gold_per_floor":[112,130,55,69,86,111,183,197,271,271,286,297,297,315,315,315],"floor_reached":16,"playtime":1004,"items_purged":["Strike_B"],"score":186,"play_id":"75f2bff4-3e61-4cde-b068-32dbbbf2dcde","local_time":"20190812144430","is_ascension_mode":true,"campfire_choices":[{"floor":13,"key":"REST"},{"floor":15,"key":"REST"}],"neow_cost":"NONE","seed_source_timestamp":949271773239626,"circlet_count":0,"master_deck":["AscendersBane","Strike_B","Strike_B","Defend_B","Defend_B","Defend_B","Defend_B","Zap+1","Dualcast","Coolheaded","Streamline","Conserve Battery","BootSequence+1","Glacier+1","Consume+1"],"relics":["Cracked Core","Toxic Egg 2","Singing Bowl"],"potions_floor_usage":[8,16,16],"damage_taken":[{"damage":2,"enemies":"Jaw Worm","floor":1,"turns":3},{"damage":4,"enemies":"2 Louse","floor":2,"turns":3},{"damage":0,"enemies":"Cultist","floor":4,"turns":3},{"damage":14,"enemies":"Red Slaver","floor":5,"turns":3},{"damage":18,"enemies":"Lagavulin","floor":6,"turns":8},{"damage":9,"enemies":"Exordium Thugs","floor":8,"turns":5},{"damage":3,"enemies":"Lots of Slimes","floor":11,"turns":4},{"damage":7,"enemies":"Exordium Wildlife","floor":12,"turns":5},{"damage":0,"enemies":"Looter","floor":14,"turns":2},{"damage":58,"enemies":"Slime Boss","floor":16,"turns":15}],"seed_played":"7008805410556855912","potions_obtained":[{"floor":1,"key":"Explosive Potion"},{"floor":2,"key":"Swift Potion"},{"floor":8,"key":"Block Potion"},{"floor":12,"key":"EssenceOfSteel"}],"is_trial":false,"path_per_floor":["M","M","$","M","M","E","?","M","T","?","M","M","R","M","R","B"],"character_chosen":"DEFECT","items_purchased":[],"campfire_rested":2,"item_purchase_floors":[],"current_hp_per_floor":[62,58,58,58,44,26,26,17,17,17,16,9,30,30,51,0],"gold":315,"neow_bonus":"UPGRADE_CARD","is_prod":false,"is_daily":false,"chose_seed":false,"campfire_upgraded":0,"win_rate":0,"timestamp":1565588670,"path_taken":["M","M","$","M","M","E","?","M","T","?","?","M","R","M","R","BOSS"],"build_version":"2019-07-17","purchased_purges":1,"victory":false,"max_hp_per_floor":[71,71,71,71,71,71,71,71,71,71,73,73,73,73,73,73],"card_choices":[{"not_picked":["Hello World","Leap","Melter"],"picked":"SKIP","floor":1},{"not_picked":["Hologram","Steam Power"],"picked":"Coolheaded","floor":2},{"not_picked":["Storm","Recycle"],"picked":"Streamline","floor":4},{"not_picked":["Stack","Ball Lightning"],"picked":"Conserve Battery","floor":5},{"not_picked":["Steam","Hello World"],"picked":"BootSequence","floor":6},{"not_picked":["Sweeping Beam","Rebound","Beam Cell"],"picked":"SKIP","floor":8},{"not_picked":["Rebound","Double Energy+1","Storm"],"picked":"Singing Bowl","floor":11},{"not_picked":["Hologram+1","Beam Cell"],"picked":"Glacier+1","floor":12},{"not_picked":["Barrage","Loop"],"picked":"Consume+1","floor":14}],"player_experience":478804,"relics_obtained":[{"floor":6,"key":"Toxic Egg 2"},{"floor":9,"key":"Singing Bowl"}],"event_choices":[{"damage_healed":0,"gold_gain":72,"player_choice":"Gained Gold","damage_taken":0,"max_hp_gain":0,"max_hp_loss":0,"event_name":"Golden Wing","floor":7,"gold_loss":0},{"cards_removed":["Strike_B"],"damage_healed":0,"gold_gain":0,"player_choice":"Purged","damage_taken":0,"max_hp_gain":0,"max_hp_loss":0,"event_name":"Purifier","floor":10,"gold_loss":0}],"is_beta":false,"boss_relics":[],"items_purged_floors":[3],"is_endless":false,"potions_floor_spawned":[1,2,6,8,12],"killed_by":"Slime Boss","ascension_level":15}