{"gold_per_floor":[110,185,25,25,42,69,80,80,80,80,106,116,136,156,156,258,258,276,15,27,27,27,27],"floor_reached":23,"playtime":1867,"items_purged":[],"score":226,"play_id":"6e1a4f47-9729-4e0e-b661-f39efa27a0d4","local_time":"20190829080314","is_ascension_mode":false,"campfire_choices":[{"data":"Coolheaded","floor":8,"key":"SMITH"},{"data":"Zap","floor":10,"key":"SMITH"},{"data":"Defragment","floor":15,"key":"SMITH"}],"neow_cost":"NONE","seed_source_timestamp":49739080086773,"circlet_count":0,"master_deck":["Strike_B","Strike_B","Defend_B","Defend_B","Defend_B","Zap+1","Dualcast","Coolheaded+1","Electrodynamics","Gash","Barrage","Static Discharge","Defragment+1","Coolheaded","Barrage","BootSequence","Echo Form","Redo+1","Turbo","Recycle","Creative AI","RitualDagger+1"],"relics":["Cracked Core","NeowsBlessing","Bottled Lightning","Cables","Omamori","Black Star","Molten Egg 2"],"potions_floor_usage":[16],"damage_taken":[{"damage":0,"enemies":"2 Louse","floor":1,"turns":1},{"damage":0,"enemies":"Jaw Worm","floor":5,"turns":1},{"damage":0,"enemies":"Lagavulin","floor":6,"turns":1},{"damage":0,"enemies":"Cultist","floor":7,"turns":3},{"damage":13,"enemies":"3 Sentries","floor":11,"turns":3},{"damage":0,"enemies":"Exordium Wildlife","floor":12,"turns":2},{"damage":0,"enemies":"3 Louse","floor":13,"turns":1},{"damage":10,"enemies":"Large Slime","floor":14,"turns":5},{"damage":1,"enemies":"The Guardian","floor":16,"turns":10},{"damage":0,"enemies":"Shell Parasite","floor":18,"turns":5},{"damage":6,"enemies":"Spheric Guardian","floor":20,"turns":3},{"damage":63,"enemies":"Gremlin Leader","floor":23,"turns":4}],"seed_played":"6301450752715106525","potions_obtained":[{"floor":5,"key":"EssenceOfSteel"},{"floor":6,"key":"AttackPotion"},{"floor":16,"key":"Ancient Potion"}],"is_trial":false,"path_per_floor":["M","?","$","?","M","E","M","R","T","R","E","M","M","M","R","B",null,"M","$","M","?","?","E"],"character_chosen":"DEFECT","items_purchased":["Electrodynamics","Molten Egg 2"],"campfire_rested":0,"item_purchase_floors":[3,19],"current_hp_per_floor":[75,64,64,64,64,64,64,64,64,64,51,51,51,41,41,40,75,75,75,69,69,63,0],"gold":27,"neow_bonus":"THREE_ENEMY_KILL","is_prod":false,"is_daily":false,"chose_seed":false,"campfire_upgraded":3,"win_rate":0,"timestamp":1567080194,"path_taken":["M","?","$","?","M","E","M","R","T","R","E","M","?","M","R","BOSS","M","$","M","?","?","E"],"build_version":"2019-07-17","purchased_purges":0,"victory":false,"max_hp_per_floor":[75,75,75,75,75,75,75,75,75,75,75,75,75,75,75,75,75,75,75,75,75,75,75],"card_choices":[{"not_picked":["Rebound","Stack"],"picked":"Coolheaded","floor":1},{"not_picked":["Redo","Compile Driver"],"picked":"Gash","floor":5},{"not_picked":["Ball Lightning","Stack"],"picked":"Barrage","floor":6},{"not_picked":["Streamline","Tempest"],"picked":"Static Discharge","floor":7},{"not_picked":["Blizzard","Amplify"],"picked":"Defragment","floor":11},{"not_picked":["Redo","Lockon"],"picked":"Coolheaded","floor":12},{"not_picked":["Lockon","Go for the Eyes"],"picked":"Barrage","floor":13},{"not_picked":["Sweeping Beam","Steam"],"picked":"BootSequence","floor":14},{"not_picked":["Amplify","Seek"],"picked":"Echo Form","floor":16},{"not_picked":["Streamline","Heatsinks"],"picked":"Redo+1","floor":18},{"not_picked":["Fusion","Redo"],"picked":"Turbo","floor":20}],"player_experience":135832,"relics_obtained":[{"floor":6,"key":"Bottled Lightning"},{"floor":9,"key":"Cables"},{"floor":11,"key":"Omamori"}],"event_choices":[{"damage_healed":0,"gold_gain":75,"player_choice":"Gather Gold","damage_taken":11,"max_hp_gain":0,"max_hp_loss":0,"event_name":"World of Goop","floor":2,"gold_loss":0},{"cards_removed":["Defend_B"],"damage_healed":0,"gold_gain":0,"player_choice":"Purged","damage_taken":0,"max_hp_gain":0,"max_hp_loss":0,"event_name":"Purifier","floor":4,"gold_loss":0},{"damage_healed":0,"gold_gain":0,"cards_transformed":["Strike_B","Strike_B"],"player_choice":"Became Test Subject","damage_taken":0,"max_hp_gain":0,"max_hp_loss":0,"event_name":"Drug Dealer","floor":21,"gold_loss":0,"cards_obtained":["Recycle","Creative AI"]},{"damage_healed":0,"gold_gain":0,"player_choice":"Joined the Cult","damage_taken":6,"max_hp_gain":0,"max_hp_loss":0,"event_name":"Nest","floor":22,"gold_loss":0,"cards_obtained":["RitualDagger"]}],"is_beta":false,"boss_relics":[{"not_picked":["Fusion Hammer","Runic Pyramid"],"picked":"Black Star"}],"items_purged_floors":[],"is_endless":false,"potions_floor_spawned":[5,6,16],"killed_by":"Gremlin Leader","ascension_level":0}