{"gold_per_floor":[218,229,179,192,260,260,276,276,276,276,576,592,592,331,331,331],"floor_reached":16,"playtime":525,"items_purged":["Defend_B"],"score":153,"play_id":"08c263f9-50a3-4f57-ba2e-99ac3b3a3e9b","local_time":"20190804164734","is_ascension_mode":true,"campfire_choices":[{"data":"Zap","floor":6,"key":"SMITH"},{"data":"Dualcast","floor":8,"key":"SMITH"},{"data":"Defend_B","floor":10,"key":"SMITH"},{"floor":15,"key":"REST"}],"neow_cost":"NONE","seed_source_timestamp":265967358360692,"circlet_count":0,"master_deck":["AscendersBane","Strike_B","Strike_B","Strike_B","Defend_B+1","Defend_B","Defend_B","Zap+1","Dualcast+1","BootSequence","Glacier+1","FTL","Consume","Self Repair"],"relics":["Cracked Core","Ornamental Fan","Emotion Chip","Old Coin"],"potions_floor_usage":[],"damage_taken":[{"damage":4,"enemies":"2 Louse","floor":1,"turns":2},{"damage":3,"enemies":"Jaw Worm","floor":2,"turns":4},{"damage":2,"enemies":"Small Slimes","floor":4,"turns":4},{"damage":11,"enemies":"Blue Slaver","floor":7,"turns":4},{"damage":17,"enemies":"Gremlin Gang","floor":12,"turns":4},{"damage":50,"enemies":"Hexaghost","floor":16,"turns":14}],"seed_played":"-1057218804369701627","potions_obtained":[{"floor":2,"key":"Regen Potion"}],"is_trial":false,"path_per_floor":["M","M","?","M","T","R","M","R","T","R","?","M","?","$","R","B"],"character_chosen":"DEFECT","items_purchased":["FTL","Consume","Self Repair"],"campfire_rested":1,"item_purchase_floors":[14,14,14],"current_hp_per_floor":[60,57,57,55,55,55,44,44,44,44,44,27,27,27,48,0],"gold":331,"neow_bonus":"HUNDRED_GOLD","is_prod":false,"is_daily":false,"chose_seed":false,"campfire_upgraded":3,"win_rate":0,"timestamp":1564904854,"path_taken":["M","M","?","M","?","R","M","R","T","R","?","?","?","$","R","BOSS"],"build_version":"2019-07-17","purchased_purges":1,"victory":false,"max_hp_per_floor":[71,71,71,71,71,71,71,71,71,71,71,71,71,71,71,71],"card_choices":[{"not_picked":["Sweeping Beam","Steam","Heatsinks"],"picked":"SKIP","floor":1},{"not_picked":["Hologram","Leap"],"picked":"BootSequence","floor":2},{"not_picked":["Compile Driver","Redo","Beam Cell"],"picked":"SKIP","floor":4},{"not_picked":["Compile Driver","Skim","Melter"],"picked":"SKIP","floor":7},{"not_picked":["Chaos","Leap"],"picked":"Glacier","floor":12}],"player_experience":445436,"relics_obtained":[{"floor":5,"key":"Ornamental Fan"},{"floor":9,"key":"Emotion Chip"}],"event_choices":[{"cards_removed":["Strike_B"],"damage_healed":0,"gold_gain":0,"player_choice":"Card Removal","damage_taken":0,"max_hp_gain":0,"max_hp_loss":0,"event_name":"The Cleric","floor":3,"gold_loss":50},{"damage_healed":0,"gold_gain":0,"player_choice":"Gave Potion","damage_taken":0,"relics_obtained":["Old Coin"],"max_hp_gain":0,"max_hp_loss":0,"event_name":"WeMeetAgain","floor":11,"gold_loss":0},{"damage_healed":0,"gold_gain":0,"player_choice":"Forge","damage_taken":0,"max_hp_gain":0,"max_hp_loss":0,"event_name":"Accursed Blacksmith","floor":13,"gold_loss":0,"cards_upgraded":["Glacier"]}],"is_beta":false,"boss_relics":[],"items_purged_floors":[14],"is_endless":false,"potions_floor_spawned":[2],"killed_by":"Hexaghost","ascension_level":14}