{"gold_per_floor":[219,232,382,396,253,253,282,282,282,282,297,102,102,113,113,186,186,199,218,235,154,3,3,17,17,17,52,52,70,70,88,88,165,165,178,53,71,71],"floor_reached":38,"playtime":2612,"items_purged":["Doubt","Strike_B","Strike_B"],"score":693,"play_id":"2512073e-063e-4c75-b402-27c7902bd255","local_time":"20190812190312","is_ascension_mode":true,"campfire_choices":[{"data":"Zap","floor":6.0,"key":"SMITH"},{"data":"Dualcast","floor":10.0,"key":"SMITH"},{"data":"Defragment","floor":13.0,"key":"SMITH"},{"floor":15.0,"key":"REST"},{"floor":23.0,"key":"REST"},{"floor":28,"key":"REST"},{"floor":30,"key":"REST"},{"floor":32,"key":"REST"}],"neow_cost":"NONE","seed_source_timestamp":0,"circlet_count":0,"master_deck":["AscendersBane","Defend_B","Defend_B","Defend_B","Zap+1","Dualcast+1","Cold Snap","Loop","Leap","Coolheaded","Capacitor","Streamline","Defragment+1","Go for the Eyes","Thunder Strike","Tempest+1","Gash+1","Blizzard+1","Glacier","Gash","Multi-Cast","Gash+1"],"special_seed":0,"relics":["Cracked Core","Girya","Gremlin Horn","Astrolabe","Oddly Smooth Stone","Symbiotic Virus","Ancient Tea Set","Velvet Choker"],"potions_floor_usage":[27,31,33,35],"damage_taken":[{"damage":5.0,"enemies":"Small Slimes","floor":1.0,"turns":3.0},{"damage":5.0,"enemies":"Jaw Worm","floor":2.0,"turns":4.0},{"damage":0.0,"enemies":"Cultist","floor":4.0,"turns":3.0},{"damage":15.0,"enemies":"Lagavulin","floor":7.0,"turns":10.0},{"damage":7.0,"enemies":"Red Slaver","floor":11.0,"turns":4.0},{"damage":6.0,"enemies":"Exordium Wildlife","floor":14.0,"turns":4.0},{"damage":24.0,"enemies":"The Guardian","floor":16.0,"turns":10.0},{"damage":34.0,"enemies":"2 Thieves","floor":18.0,"turns":4.0},{"damage":0.0,"enemies":"Chosen","floor":19.0,"turns":5.0},{"damage":20.0,"enemies":"Shelled Parasite and Fungi","floor":20.0,"turns":6.0},{"damage":1.0,"enemies":"Centurion and Healer","floor":24.0,"turns":7.0},{"damage":15,"enemies":"Gremlin Leader","floor":27,"turns":7},{"damage":18,"enemies":"Snake Plant","floor":29,"turns":3},{"damage":21,"enemies":"Sentry and Sphere","floor":31,"turns":5},{"damage":31,"enemies":"Collector","floor":33,"turns":12},{"damage":49,"enemies":"3 Darklings","floor":35,"turns":4},{"damage":4,"enemies":"Orb Walker","floor":37,"turns":5},{"damage":10,"enemies":"Spire Growth","floor":38,"turns":1}],"seed_played":"-1350751826564117457","potions_obtained":[{"floor":2.0,"key":"SkillPotion"},{"floor":4.0,"key":"Ancient Potion"},{"floor":8.0,"key":"LiquidBronze"},{"floor":16.0,"key":"SkillPotion"},{"floor":20.0,"key":"Explosive Potion"},{"floor":27,"key":"Fire Potion"},{"floor":31,"key":"AttackPotion"},{"floor":33,"key":"Explosive Potion"},{"floor":35,"key":"Poison Potion"}],"is_trial":false,"path_per_floor":["M","M","?","M","$","R","E","?","T","R","M","$","R","M","R","B",null,"M","M","M","$","$","R","M","?","T","E","R","M","R","M","R","B",null,"M","$","M","M"],"character_chosen":"DEFECT","items_purchased":["Leap","Coolheaded","Defragment","Go for the Eyes","Glacier","Oddly Smooth Stone"],"campfire_rested":5,"item_purchase_floors":[5,5,12,12,21,22],"current_hp_per_floor":[59,54,54,54,54,54,39,39,39,39,32,32,32,26,47,23,59,25,25,5,5,5,26,25,25,25,10,31,13,34,13,34,3,54,5,5,1,0],"gold":71,"neow_bonus":"HUNDRED_GOLD","is_prod":false,"is_daily":false,"chose_seed":false,"campfire_upgraded":3,"win_rate":0,"timestamp":1565604192,"path_taken":["M","M","?","M","$","R","E","?","T","R","M","$","R","M","R","BOSS","M","?","M","?","$","R","M","?","T","E","R","M","R","M","R","BOSS","M","$","?","M"],"build_version":"2019-07-17","purchased_purges":3,"victory":false,"max_hp_per_floor":[71,71,71,71,71,71,71,71,71,71,71,71,71,71,71,71,71,71,71,71,71,71,71,71,71,71,71,71,71,71,71,71,71,71,71,71,71,71],"card_choices":[{"not_picked":["Blizzard","FTL"],"picked":"Cold Snap","floor":1.0},{"not_picked":["Heatsinks","Sunder","Cold Snap"],"picked":"SKIP","floor":2.0},{"not_picked":["Barrage","Sweeping Beam"],"picked":"Loop","floor":4.0},{"not_picked":["Stack","Rebound"],"picked":"Capacitor","floor":7.0},{"not_picked":["Hello World","Steam Power"],"picked":"Streamline","floor":11.0},{"not_picked":["Steam","Compile Driver","Beam Cell"],"picked":"SKIP","floor":14.0},{"not_picked":["Biased Cognition","Multi-Cast"],"picked":"Thunder Strike","floor":16.0},{"not_picked":["Ball Lightning","Barrage","Doom and Gloom"],"picked":"SKIP","floor":18.0},{"not_picked":["Ball Lightning","Steam+1","Scrape"],"picked":"SKIP","floor":19.0},{"not_picked":["Rebound","Barrage","Recycle"],"picked":"SKIP","floor":20.0},{"not_picked":["Beam Cell","Turbo","Ball Lightning"],"picked":"SKIP","floor":24.0},{"not_picked":["Beam Cell","Turbo","Ball Lightning"],"picked":"SKIP","floor":24.0},{"not_picked":["Scrape","FTL"],"picked":"Gash","floor":27},{"not_picked":["Beam Cell+1","Blizzard","Compile Driver+1"],"picked":"SKIP","floor":29},{"not_picked":["Genetic Algorithm","White Noise","Auto Shields"],"picked":"SKIP","floor":31},{"not_picked":["Hyperbeam","Meteor Strike"],"picked":"Multi-Cast","floor":33},{"not_picked":["Recycle","Capacitor"],"picked":"Gash+1","floor":35},{"not_picked":["Heatsinks","Compile Driver","Barrage"],"picked":"SKIP","floor":37}],"player_experience":484815,"relics_obtained":[{"floor":7.0,"key":"Girya"},{"floor":9.0,"key":"Gremlin Horn"},{"floor":26.0,"key":"Symbiotic Virus"},{"floor":27,"key":"Ancient Tea Set"}],"event_choices":[{"damage_healed":0.0,"max_hp_gain":0.0,"max_hp_loss":0.0,"gold_gain":150.0,"event_name":"Liars Game","player_choice":"AGREE","floor":3.0,"gold_loss":0.0,"damage_taken":0.0,"cards_obtained":["Doubt"]},{"damage_healed":0.0,"max_hp_gain":0.0,"max_hp_loss":0.0,"gold_gain":0.0,"event_name":"Lab","player_choice":"Got Potions","floor":8.0,"gold_loss":0.0,"damage_taken":0.0},{"damage_healed":0.0,"max_hp_gain":0.0,"max_hp_loss":0.0,"gold_gain":0.0,"event_name":"FaceTrader","player_choice":"Leave","floor":25.0,"gold_loss":0.0,"damage_taken":0.0}],"is_beta":false,"boss_relics":[{"not_picked":["Nuclear Battery","Snecko Eye"],"picked":"Astrolabe"},{"not_picked":["White Beast Statue","FrozenCore"],"picked":"Velvet Choker"}],"items_purged_floors":[5,12,36],"is_endless":false,"potions_floor_spawned":[2,4,16,20,27,31,33,35],"killed_by":"Spire Growth","ascension_level":15}