{"gold_per_floor":[116,136,151,209,132,167,167,199,222,255,273,289,305,322,322,427,427,446,461,91,91,91,124,124,159,159,14,14,44,57,88,88,193,193,203,203,28,28,328,360,374,409,464,102,102,119,146,146,146,146],"floor_reached":50,"playtime":6324,"items_purged":["Doubt","Shame","Pain"],"score":784,"play_id":"33611859-84b1-40fc-96d0-c944dbcef44e","local_time":"20180913111115","is_ascension_mode":true,"campfire_choices":[{"floor":15,"key":"REST"},{"floor":24,"key":"REST"},{"floor":32,"key":"REST"},{"floor":49,"key":"REST"}],"neow_cost":"NONE","seed_source_timestamp":46046784465698,"circlet_count":0,"master_deck":["Defend_G","Defend_G+1","Defend_G","Defend_G","Defend_G","Strike_G","Strike_G","Strike_G+1","Strike_G","Strike_G","Survivor","Flying Knee","Underhanded Strike","Dodge and Roll+1","All Out Attack","Eviscerate","Unload","Predator+1","Dagger Spray","Glass Knife","Dagger Throw","Poisoned Stab","Corpse Explosion","Dash","Sucker Punch+1","Dash","Writhe","All Out Attack","Eviscerate+1","Sucker Punch","Terror","Well Laid Plans+1","Leg Sweep+1","Catalyst","Night Terror","Underhanded Strike+1","Flying Knee","Secret Technique","Forethought","PanicButton","Leg Sweep+1","Terror+1","Sucker Punch","Unload","Decay","Dash","Blur","Injury","Sucker Punch","Sucker Punch","Night Terror","Underhanded Strike"],"relics":["Velvet Choker","Bag of Preparation","War Paint","Smiling Mask","Boot","Cursed Key","Blood Vial","Whetstone","PreservedInsect","Regal Pillow","Bag of Marbles","Oddly Smooth Stone","Letter Opener","Centennial Puzzle","Ninja Scroll","Fusion Hammer","WarpedTongs","Old Coin","Snake Skull","Happy Flower","Tiny Chest","Lee\u0027s Waffle","Bronze Scales","Mercury Hourglass"],"potions_floor_usage":[8,25,33,39,50,50,50],"damage_taken":[{"damage":0,"enemies":"2 Louse","floor":1,"turns":3},{"damage":0,"enemies":"Jaw Worm","floor":2,"turns":3},{"damage":3,"enemies":"Cultist","floor":3,"turns":5},{"damage":11,"enemies":"3 Sentries","floor":6,"turns":8},{"damage":20,"enemies":"Lagavulin","floor":8,"turns":6},{"damage":8,"enemies":"Gremlin Nob","floor":10,"turns":3},{"damage":2,"enemies":"Exordium Wildlife","floor":11,"turns":4},{"damage":0,"enemies":"2 Fungi Beasts","floor":12,"turns":2},{"damage":0,"enemies":"Blue Slaver","floor":13,"turns":2},{"damage":0,"enemies":"Gremlin Gang","floor":14,"turns":2},{"damage":22,"enemies":"Hexaghost","floor":16,"turns":10},{"damage":0,"enemies":"Chosen","floor":18,"turns":3},{"damage":20,"enemies":"Shell Parasite","floor":19,"turns":3},{"damage":9,"enemies":"Slavers","floor":23,"turns":3},{"damage":25,"enemies":"Book of Stabbing","floor":25,"turns":4},{"damage":0,"enemies":"Gremlin Leader","floor":29,"turns":3},{"damage":0,"enemies":"Chosen and Byrds","floor":30,"turns":3},{"damage":5,"enemies":"Book of Stabbing","floor":31,"turns":4},{"damage":47,"enemies":"Automaton","floor":33,"turns":8},{"damage":0,"enemies":"3 Shapes","floor":35,"turns":2},{"damage":9,"enemies":"Mind Bloom Boss Battle","floor":39,"turns":5},{"damage":8,"enemies":"Nemesis","floor":40,"turns":5},{"damage":12,"enemies":"3 Darklings","floor":41,"turns":4},{"damage":2,"enemies":"2 Orb Walkers","floor":42,"turns":2},{"damage":5,"enemies":"4 Shapes","floor":46,"turns":5},{"damage":2,"enemies":"Giant Head","floor":47,"turns":6},{"damage":81,"enemies":"Awakened One","floor":50,"turns":11}],"seed_played":"-5465369464584349109","potions_obtained":[{"floor":3,"key":"SpeedPotion"},{"floor":6,"key":"Strength Potion"},{"floor":10,"key":"Strength Potion"},{"floor":11,"key":"SkillPotion"},{"floor":25,"key":"Explosive Potion"},{"floor":31,"key":"EssenceOfSteel"},{"floor":39,"key":"Energy Potion"},{"floor":47,"key":"PowerPotion"}],"is_trial":false,"path_per_floor":["M","M","M","?","$","E","?","E","T","E","M","M","M","M","R","B",null,"M","M","$","?","?","E","R","E","T","$","?","E","M","E","R","B",null,"M","?","$","?","?","E","M","E","T","$","T","M","E","?","R"],"character_chosen":"THE_SILENT","items_purchased":["All Out Attack","Blood Vial","Dash","Whetstone","Sucker Punch","Terror","GhostInAJar","Flying Knee","Dash","Lee\u0027s Waffle","Blur"],"campfire_rested":4,"item_purchase_floors":[5,20,20,20,27,27,37,37,44,44,44],"current_hp_per_floor":[70,70,67,67,67,56,70,50,50,42,40,40,40,40,61,39,70,70,50,50,50,50,43,70,45,45,45,45,47,49,46,70,23,70,70,70,70,60,53,47,37,37,37,77,77,72,72,72,77,0],"gold":146,"neow_bonus":"BOSS_RELIC","is_prod":false,"is_daily":false,"chose_seed":false,"campfire_upgraded":0,"win_rate":0,"timestamp":1536855075,"path_taken":["M","M","M","?","$","E","?","E","T","E","M","M","?","M","R","BOSS","M","M","$","?","?","E","R","E","T","$","?","E","?","E","R","BOSS","M","?","$","?","?","E","M","E","T","$","?","?","E","?","R","BOSS"],"build_version":"2018-09-06","purchased_purges":3,"victory":false,"max_hp_per_floor":[70,70,70,70,70,70,70,70,70,70,70,70,70,70,70,70,70,70,70,70,70,70,70,70,70,70,70,70,70,70,70,70,70,70,70,70,70,70,70,70,70,70,70,77,77,77,77,77,77,77],"card_choices":[{"not_picked":["Dodge and Roll","Bane"],"picked":"Flying Knee","floor":1},{"not_picked":["Noxious Fumes","Dagger Throw"],"picked":"Underhanded Strike","floor":2},{"not_picked":["Acrobatics","Underhanded Strike"],"picked":"Dodge and Roll","floor":3},{"not_picked":["Acrobatics","Bane"],"picked":"Eviscerate","floor":6},{"not_picked":["Slice","Dagger Spray"],"picked":"Unload","floor":8},{"not_picked":["Skewer","Dagger Throw"],"picked":"Predator","floor":10},{"not_picked":["Underhanded Strike","Expertise"],"picked":"Dagger Spray","floor":11},{"not_picked":["Slice","Deflect"],"picked":"Glass Knife","floor":12},{"not_picked":["Deflect","Acrobatics"],"picked":"Dagger Throw","floor":13},{"not_picked":["Deadly Poison","Prepared"],"picked":"Poisoned Stab","floor":14},{"not_picked":["A Thousand Cuts","Die Die Die"],"picked":"Corpse Explosion","floor":16},{"not_picked":["Catalyst+1","Skewer+1"],"picked":"Dash","floor":18},{"not_picked":["Flechettes","Deflect+1"],"picked":"Sucker Punch+1","floor":19},{"not_picked":["Infinite Blades","Deadly Poison"],"picked":"All Out Attack","floor":23},{"not_picked":["Deflect","After Image"],"picked":"Eviscerate+1","floor":25},{"not_picked":["Dagger Throw","Outmaneuver"],"picked":"Well Laid Plans+1","floor":29},{"not_picked":["Sucker Punch+1","Slice"],"picked":"Leg Sweep+1","floor":30},{"not_picked":["Noxious Fumes","Escape Plan+1"],"picked":"Catalyst","floor":31},{"not_picked":["Venomology","Burst"],"picked":"Night Terror","floor":33},{"not_picked":["Bane","Expertise"],"picked":"Underhanded Strike+1","floor":35},{"not_picked":["Impatience","Sadistic Nature"],"picked":"Secret Technique","floor":38},{"not_picked":["Sadistic Nature","Master of Strategy"],"picked":"Forethought","floor":38},{"not_picked":["Purity","Swift Strike"],"picked":"PanicButton","floor":38},{"not_picked":["PiercingWail","Quick Slash+1"],"picked":"Leg Sweep+1","floor":39},{"not_picked":["Underhanded Strike","Masterful Stab+1"],"picked":"Terror+1","floor":40},{"not_picked":["Bane+1","Dagger Spray"],"picked":"Sucker Punch","floor":41},{"not_picked":["Quick Slash+1","Heel Hook+1"],"picked":"Unload","floor":42},{"not_picked":["Outmaneuver","Dagger Spray"],"picked":"Sucker Punch","floor":46},{"not_picked":["Quick Slash","Wraith Form v2"],"picked":"Sucker Punch","floor":47}],"player_experience":70072,"relics_obtained":[{"floor":6,"key":"Bag of Preparation"},{"floor":8,"key":"War Paint"},{"floor":9,"key":"Smiling Mask"},{"floor":10,"key":"Boot"},{"floor":23,"key":"Regal Pillow"},{"floor":25,"key":"Bag of Marbles"},{"floor":26,"key":"Oddly Smooth Stone"},{"floor":29,"key":"Centennial Puzzle"},{"floor":31,"key":"Ninja Scroll"},{"floor":39,"key":"Old Coin"},{"floor":40,"key":"Snake Skull"},{"floor":42,"key":"Happy Flower"},{"floor":43,"key":"Tiny Chest"},{"floor":45,"key":"Bronze Scales"},{"floor":47,"key":"Mercury Hourglass"}],"event_choices":[{"event_name":"Golden Wing","player_choice":"Gained Gold","floor":4,"damage_taken":0},{"event_name":"Big Fish","player_choice":"Banana","floor":7,"damage_taken":0},{"event_name":"Wheel of Change","player_choice":"Card Removal","floor":21,"damage_taken":0},{"event_name":"The Mausoleum","player_choice":"Yes","floor":22,"damage_taken":0},{"event_name":"Addict","player_choice":"Stole Relic","floor":28,"damage_taken":0},{"event_name":"Accursed Blacksmith","player_choice":"Rummage","floor":36,"damage_taken":0},{"event_name":"SensoryStone","player_choice":"Memory 3","floor":38,"damage_taken":0},{"event_name":"MindBloom","player_choice":"Fight","floor":39,"damage_taken":0},{"event_name":"Match and Keep!","player_choice":"2 cards matched","floor":48,"damage_taken":0}],"is_beta":false,"boss_relics":[{"not_picked":["Busted Crown","Empty Cage"],"picked":"Cursed Key"},{"not_picked":["Tiny House","Snecko Eye"],"picked":"Fusion Hammer"}],"items_purged_floors":[27,37,44],"is_endless":false,"potions_floor_spawned":[3,6,10,11,12,14,19,23,25,31,39,47],"killed_by":"Awakened One","ascension_level":1}