{"gold_per_floor":[109,184,184,202,202,202,243,243,269,125,141,162,162,182,182,277,277,293,218,40,40],"floor_reached":21,"playtime":1238,"items_purged":["Strike_B","Strike_B"],"score":310,"play_id":"705d05c9-d8bf-420e-afed-c79ef96fdc85","local_time":"20190808141605","is_ascension_mode":true,"campfire_choices":[{"data":"Reinforced Body","floor":6,"key":"SMITH"},{"floor":8,"key":"REST"},{"data":"Hologram","floor":15,"key":"SMITH"}],"neow_cost":"NONE","seed_source_timestamp":601753946264742,"circlet_count":0,"master_deck":["AscendersBane","Strike_B+1","Strike_B+1","Defend_B","Defend_B","Defend_B","Defend_B","Zap+1","Dualcast+1","BootSequence","Reinforced Body+1","Streamline","Capacitor","Hologram+1","Buffer","Go for the Eyes","Loop","Defragment"],"relics":["Cracked Core","Pear","Golden Idol","Whetstone","Anchor","Black Star"],"potions_floor_usage":[7,16,21],"damage_taken":[{"damage":9,"enemies":"2 Louse","floor":1,"turns":2},{"damage":3,"enemies":"Small Slimes","floor":4,"turns":3},{"damage":16,"enemies":"Lagavulin","floor":7,"turns":9},{"damage":6,"enemies":"Cultist","floor":11,"turns":4},{"damage":0,"enemies":"Large Slime","floor":12,"turns":5},{"damage":1,"enemies":"Looter","floor":14,"turns":3},{"damage":5,"enemies":"The Guardian","floor":16,"turns":13},{"damage":16,"enemies":"Shell Parasite","floor":18,"turns":8},{"damage":6,"enemies":"2 Thieves","floor":19,"turns":5},{"damage":38,"enemies":"Snake Plant","floor":21,"turns":5}],"seed_played":"-1446922827376325613","potions_obtained":[{"floor":1,"key":"SpeedPotion"},{"floor":7,"key":"EssenceOfSteel"},{"floor":11,"key":"EssenceOfSteel"}],"is_trial":false,"path_per_floor":["M","?","?","M","?","R","E","R","T","$","M","M","?","M","R","B",null,"M","M","$","M"],"character_chosen":"DEFECT","items_purchased":["Capacitor","Defragment"],"campfire_rested":1,"item_purchase_floors":[10,20],"current_hp_per_floor":[55,44,28,25,25,25,9,30,30,30,24,24,24,23,23,18,59,43,37,37,0],"gold":40,"neow_bonus":"UPGRADE_CARD","is_prod":false,"is_daily":false,"chose_seed":false,"campfire_upgraded":2,"win_rate":0,"timestamp":1565241365,"path_taken":["M","?","?","M","?","R","E","R","T","$","M","M","?","M","R","BOSS","M","M","?","M"],"build_version":"2019-07-17","purchased_purges":2,"victory":false,"max_hp_per_floor":[71,71,81,81,73,73,73,73,73,73,73,73,73,73,73,73,73,73,73,73,73],"card_choices":[{"not_picked":["Chill","Tempest"],"picked":"BootSequence","floor":1},{"not_picked":["White Noise","Conserve Battery"],"picked":"Reinforced Body","floor":4},{"not_picked":["Coolheaded","Hello World"],"picked":"Streamline","floor":7},{"not_picked":["Sweeping Beam","Steam Power","Ball Lightning"],"picked":"SKIP","floor":11},{"not_picked":["Recycle","Skim","Fusion"],"picked":"SKIP","floor":12},{"not_picked":["Force Field","Compile Driver"],"picked":"Hologram","floor":14},{"not_picked":["Hyperbeam","Core Surge"],"picked":"Buffer","floor":16},{"not_picked":["Streamline","Stack+1"],"picked":"Go for the Eyes","floor":18},{"not_picked":["Compile Driver","Stack"],"picked":"Loop","floor":19}],"player_experience":466073,"relics_obtained":[{"floor":7,"key":"Whetstone"},{"floor":9,"key":"Anchor"}],"event_choices":[{"damage_healed":0,"gold_gain":75,"player_choice":"Gather Gold","damage_taken":11,"max_hp_gain":0,"max_hp_loss":0,"event_name":"World of Goop","floor":2,"gold_loss":0},{"damage_healed":0,"gold_gain":0,"player_choice":"Success","damage_taken":26,"relics_obtained":["Pear"],"max_hp_gain":0,"max_hp_loss":0,"event_name":"Scrap Ooze","floor":3,"gold_loss":0},{"damage_healed":0,"gold_gain":0,"player_choice":"Lose Max HP","damage_taken":0,"relics_obtained":["Golden Idol"],"max_hp_gain":0,"max_hp_loss":8,"event_name":"Golden Idol","floor":5,"gold_loss":0},{"damage_healed":0,"gold_gain":0,"player_choice":"Forge","damage_taken":0,"max_hp_gain":0,"max_hp_loss":0,"event_name":"Accursed Blacksmith","floor":13,"gold_loss":0,"cards_upgraded":["Dualcast"]}],"is_beta":false,"boss_relics":[{"not_picked":["Calling Bell","Astrolabe"],"picked":"Black Star"}],"items_purged_floors":[10,20],"is_endless":false,"potions_floor_spawned":[1,7,11,12],"killed_by":"Snake Plant","ascension_level":15}