{"gold_per_floor":[115,190,205,205,218,249,64,64,64,95,111,129,129,144,144,242,242,253,253,253,253,273,301,311,336,409,33,33,66,80,99,99,194,194,212,212,68,68,82,107,107,119,146,175,188,188,223,17,17,17],"floor_reached":51,"playtime":8581,"items_purged":[],"score":938,"play_id":"bf435e2e-45f6-4c3a-b6c1-b0f2bd41ddee","local_time":"20190709164231","is_ascension_mode":true,"campfire_choices":[{"floor":8,"key":"REST"},{"floor":13,"key":"REST"},{"data":"Die Die Die","floor":15,"key":"SMITH"},{"data":"Noxious Fumes","floor":32,"key":"SMITH"},{"data":"Night Terror","floor":41,"key":"SMITH"},{"floor":49,"key":"REST"}],"neow_cost":"NONE","seed_source_timestamp":61633071537206,"circlet_count":0,"master_deck":["Survivor","Neutralize","Crippling Poison","Flying Knee","Deadly Poison","Deflect","Bullet Time","Leg Sweep","Die Die Die+1","Slice","Dagger Throw","Dagger Spray","Adrenaline","Corpse Explosion","Backflip","Quick Slash","Predator","Terror","Dodge and Roll","Crippling Poison","Distraction","Unload","Catalyst+1","Poisoned Stab+1","PiercingWail","Poisoned Stab+1","Poisoned Stab+1","Noxious Fumes+1","Footwork+1","Bouncing Flask+1","Night Terror+1","Dodge and Roll+1","Backflip+1","Deadly Poison+1","Cloak And Dagger+1","Flying Knee+1","Catalyst+1","Madness","Madness","Catalyst+1","Prepared+1"],"relics":["Ring of the Snake","Bottled Lightning","Happy Flower","Bag of Preparation","Pandora\u0027s Box","Mercury Hourglass","Dream Catcher","Question Card","Pear","PreservedInsect","Potion Belt","Ginger","WristBlade","Oddly Smooth Stone","Orichalcum","Boot","Blood Vial","Omamori","DollysMirror"],"potions_floor_usage":[10,16,42,47,50,50,50,50],"damage_taken":[{"damage":4,"enemies":"Small Slimes","floor":1,"turns":5},{"damage":2,"enemies":"Jaw Worm","floor":3,"turns":4},{"damage":0,"enemies":"Cultist","floor":5,"turns":4},{"damage":28,"enemies":"Gremlin Nob","floor":6,"turns":6},{"damage":4,"enemies":"Lagavulin","floor":10,"turns":7},{"damage":0,"enemies":"3 Louse","floor":11,"turns":2},{"damage":4,"enemies":"Large Slime","floor":12,"turns":5},{"damage":0,"enemies":"Gremlin Gang","floor":14,"turns":1},{"damage":18,"enemies":"The Guardian","floor":16,"turns":13},{"damage":10,"enemies":"Spheric Guardian","floor":18,"turns":4},{"damage":0,"enemies":"3 Byrds","floor":22,"turns":1},{"damage":0,"enemies":"Gremlin Leader","floor":23,"turns":3},{"damage":0,"enemies":"Centurion and Healer","floor":24,"turns":3},{"damage":4,"enemies":"Slavers","floor":25,"turns":2},{"damage":0,"enemies":"Book of Stabbing","floor":29,"turns":3},{"damage":0,"enemies":"Cultist and Chosen","floor":30,"turns":3},{"damage":6,"enemies":"Snake Plant","floor":31,"turns":2},{"damage":27,"enemies":"Champ","floor":33,"turns":6},{"damage":0,"enemies":"Orb Walker","floor":35,"turns":3},{"damage":0,"enemies":"3 Darklings","floor":39,"turns":2},{"damage":8,"enemies":"Reptomancer","floor":40,"turns":4},{"damage":2,"enemies":"Jaw Worm Horde","floor":42,"turns":3},{"damage":1,"enemies":"Giant Head","floor":44,"turns":5},{"damage":0,"enemies":"4 Shapes","floor":45,"turns":3},{"damage":33,"enemies":"Nemesis","floor":47,"turns":5},{"damage":16,"enemies":"Donu and Deca","floor":50,"turns":7}],"seed_played":"-6109775086141770271","potions_obtained":[{"floor":6,"key":"SkillPotion"},{"floor":11,"key":"Energy Potion"},{"floor":12,"key":"EssenceOfSteel"},{"floor":14,"key":"Weak Potion"},{"floor":22,"key":"Regen Potion"},{"floor":23,"key":"PowerPotion"},{"floor":33,"key":"Explosive Potion"},{"floor":35,"key":"Strength Potion"},{"floor":39,"key":"GamblersBrew"},{"floor":40,"key":"Poison Potion"},{"floor":47,"key":"EssenceOfSteel"}],"is_trial":false,"path_per_floor":["M","?","M","?","M","E","$","R","T","E","M","M","R","M","R","B",null,"M","?","?","?","M","E","M","E","T","$","$","E","M","M","R","B",null,"M","?","$","?","M","E","R","M","T","E","M","?","E","$","R","B",null],"character_chosen":"THE_SILENT","items_purchased":["Leg Sweep","Die Die Die","Noxious Fumes","PreservedInsect","Potion Belt","Oddly Smooth Stone","DollysMirror"],"campfire_rested":3,"item_purchase_floors":[7,7,27,27,27,37,48],"current_hp_per_floor":[66,55,53,53,53,25,25,46,46,42,42,38,59,59,59,41,70,60,60,60,60,60,60,60,56,66,66,66,66,66,60,60,33,80,80,80,80,80,80,72,72,70,70,69,71,61,42,42,66,52],"gold":17,"neow_bonus":"TRANSFORM_CARD","is_prod":false,"is_daily":false,"chose_seed":false,"campfire_upgraded":3,"win_rate":0,"timestamp":1562704951,"path_taken":["M","?","M","?","M","E","?","R","T","E","M","M","R","M","R","BOSS","M","?","?","?","M","E","?","E","T","?","$","E","M","M","R","BOSS","M","?","$","?","M","E","R","M","T","E","?","?","E","$","R","BOSS"],"build_version":"2019-07-05","purchased_purges":0,"victory":true,"max_hp_per_floor":[70,70,70,70,70,70,70,70,70,70,70,70,70,70,70,70,70,70,70,70,70,70,70,70,70,80,80,80,80,80,80,80,80,80,80,80,80,80,80,80,80,80,80,80,80,80,80,80,80,80],"card_choices":[{"not_picked":["Slice","PiercingWail"],"picked":"Flying Knee","floor":1},{"not_picked":["Underhanded Strike","Prepared"],"picked":"Deadly Poison","floor":3},{"not_picked":["Endless Agony","Acrobatics"],"picked":"Deflect","floor":5},{"not_picked":["Finisher","Deadly Poison"],"picked":"Bullet Time","floor":6},{"not_picked":["Acrobatics","Outmaneuver"],"picked":"Slice","floor":10},{"not_picked":["Calculated Gamble","Deflect"],"picked":"Dagger Throw","floor":11},{"not_picked":["Sucker Punch","Escape Plan"],"picked":"Dagger Spray","floor":12},{"not_picked":["PiercingWail","Slice"],"picked":"Adrenaline","floor":14},{"not_picked":["Wraith Form v2","Phantasmal Killer"],"picked":"Corpse Explosion","floor":16},{"not_picked":["Deadly Poison","Dagger Throw"],"picked":"Catalyst","floor":18},{"not_picked":["Backstab","Predator"],"picked":"Poisoned Stab+1","floor":22},{"not_picked":["Flying Knee","Slice"],"picked":"PiercingWail","floor":23},{"not_picked":["Infinite Blades","Quick Slash+1"],"picked":"Poisoned Stab+1","floor":24},{"not_picked":["Bane","Tactician"],"picked":"Poisoned Stab+1","floor":25},{"not_picked":["Dash","Glass Knife","Heel Hook"],"picked":"Footwork+1","floor":29},{"not_picked":["Sucker Punch+1","Tactician","Dagger Throw"],"picked":"Bouncing Flask+1","floor":30},{"not_picked":["Slice","Accuracy","Bane","Deflect"],"picked":"SKIP","floor":31},{"not_picked":["Glass Knife","Unload","Storm of Steel"],"picked":"Night Terror","floor":33},{"not_picked":["Bane","Slice+1","Quick Slash+1"],"picked":"Dodge and Roll+1","floor":35},{"not_picked":["Expertise+1","Dodge and Roll+1","Blade Dance+1"],"picked":"Backflip+1","floor":39},{"not_picked":["Tactician+1","Dagger Throw","Corpse Explosion"],"picked":"Deadly Poison+1","floor":40},{"not_picked":["Reflex+1","Distraction","Deflect"],"picked":"Cloak And Dagger+1","floor":42},{"not_picked":["Poisoned Stab","Quick Slash","Slice+1"],"picked":"Flying Knee+1","floor":44},{"not_picked":["Crippling Poison+1","Noxious Fumes+1","Choke"],"picked":"Catalyst+1","floor":45},{"not_picked":["Masterful Stab+1","Dodge and Roll","Cloak And Dagger","Poisoned Stab"],"picked":"SKIP","floor":47},{"not_picked":["Accuracy","Blur","Acrobatics+1"],"picked":"Prepared+1","floor":49}],"player_experience":185504,"relics_obtained":[{"floor":6,"key":"Bottled Lightning"},{"floor":9,"key":"Happy Flower"},{"floor":10,"key":"Bag of Preparation"},{"floor":23,"key":"Dream Catcher"},{"floor":25,"key":"Question Card"},{"floor":26,"key":"Pear"},{"floor":29,"key":"Ginger"},{"floor":40,"key":"Orichalcum"},{"floor":43,"key":"Boot"},{"floor":44,"key":"Blood Vial"},{"floor":47,"key":"Omamori"}],"event_choices":[{"damage_healed":0,"gold_gain":75,"player_choice":"Gather Gold","damage_taken":11,"max_hp_gain":0,"max_hp_loss":0,"event_name":"World of Goop","floor":2,"gold_loss":0},{"cards_removed":["Strike_G"],"damage_healed":0,"gold_gain":0,"player_choice":"Forget","damage_taken":0,"max_hp_gain":0,"max_hp_loss":0,"event_name":"Living Wall","floor":4,"gold_loss":0},{"damage_healed":0,"gold_gain":0,"player_choice":"Opened","damage_taken":0,"relics_obtained":["Mercury Hourglass"],"max_hp_gain":0,"max_hp_loss":0,"event_name":"The Mausoleum","floor":19,"gold_loss":0},{"damage_healed":0,"gold_gain":0,"player_choice":"Ignored","damage_taken":0,"max_hp_gain":0,"max_hp_loss":0,"event_name":"Ghosts","floor":20,"gold_loss":0},{"damage_healed":0,"gold_gain":0,"player_choice":"Forge","damage_taken":0,"max_hp_gain":0,"max_hp_loss":0,"event_name":"Accursed Blacksmith","floor":21,"gold_loss":0,"cards_upgraded":["Catalyst"]},{"damage_healed":0,"gold_gain":0,"player_choice":"Ignored","damage_taken":0,"max_hp_gain":0,"max_hp_loss":0,"event_name":"Mysterious Sphere","floor":36,"gold_loss":0},{"damage_healed":0,"gold_gain":0,"player_choice":"Bought 0 Potions","damage_taken":0,"max_hp_gain":0,"max_hp_loss":0,"event_name":"The Woman in Blue","floor":38,"gold_loss":0},{"damage_healed":0,"gold_gain":0,"player_choice":"Embrace Madness","damage_taken":10,"max_hp_gain":0,"max_hp_loss":0,"event_name":"Winding Halls","floor":46,"gold_loss":0,"cards_obtained":["Madness","Madness"]}],"is_beta":false,"boss_relics":[{"not_picked":["Velvet Choker","Runic Dome"],"picked":"Pandora\u0027s Box"},{"not_picked":["Orrery","Fusion Hammer"],"picked":"WristBlade"}],"items_purged_floors":[],"is_endless":false,"potions_floor_spawned":[6,11,12,14,22,23,33,35,39,40,47],"ascension_level":2}