{"gold_per_floor":[218,230,85,105,116,116,147,147,147,173,138,173,173,193,193,293,293,305,230,244,30,47,47],"floor_reached":23,"playtime":1506,"items_purged":["Strike_R"],"score":327,"play_id":"60b44821-c608-43bd-b7b8-739effc26cff","local_time":"20190819035944","is_ascension_mode":true,"campfire_choices":[{"data":"Body Slam","floor":6,"key":"SMITH"},{"data":"Inflame","floor":8,"key":"SMITH"},{"floor":15,"key":"REST"}],"neow_cost":"NONE","seed_source_timestamp":417124439395420,"circlet_count":0,"master_deck":["AscendersBane","Strike_R","Strike_R","Strike_R","Strike_R","Defend_R","Defend_R","Defend_R","Bash","Body Slam+1","Flame Barrier","Cleave","Armaments","Perfected Strike","Inflame","Inflame+1","Spot Weakness","Infernal Blade","Pommel Strike","Bludgeon","Twin Strike","True Grit","Shrug It Off","Bandage Up","Second Wind","Twin Strike+1"],"relics":["Burning Blood","Bottled Tornado","Darkstone Periapt","Frozen Egg 2","Vajra","Paper Frog","Fusion Hammer"],"potions_floor_usage":[7,16,23],"damage_taken":[{"damage":6,"enemies":"Cultist","floor":1,"turns":4},{"damage":3,"enemies":"2 Louse","floor":2,"turns":4},{"damage":0,"enemies":"Jaw Worm","floor":4,"turns":5},{"damage":12,"enemies":"3 Louse","floor":5,"turns":2},{"damage":30,"enemies":"Gremlin Nob","floor":7,"turns":4},{"damage":25,"enemies":"3 Sentries","floor":10,"turns":8},{"damage":20,"enemies":"Lagavulin","floor":12,"turns":5},{"damage":16,"enemies":"Exordium Thugs","floor":14,"turns":3},{"damage":26,"enemies":"Hexaghost","floor":16,"turns":10},{"damage":15,"enemies":"Chosen","floor":18,"turns":5},{"damage":28,"enemies":"2 Thieves","floor":20,"turns":3},{"damage":25,"enemies":"Snecko","floor":22,"turns":5},{"damage":27,"enemies":"Book of Stabbing","floor":23,"turns":4}],"seed_played":"6851313344434857534","potions_obtained":[{"floor":1,"key":"Energy Potion"},{"floor":10,"key":"PowerPotion"},{"floor":12,"key":"GamblersBrew"},{"floor":20,"key":"Ancient Potion"},{"floor":22,"key":"Block Potion"}],"is_trial":false,"path_per_floor":["M","M","$","M","M","R","E","R","T","E","?","E","?","M","R","B",null,"M","?","M","$","M","E"],"character_chosen":"IRONCLAD","items_purchased":["Cleave","Armaments","Shrug It Off","Bandage Up","Second Wind"],"campfire_rested":1,"item_purchase_floors":[3,3,21,21,21],"current_hp_per_floor":[72,75,75,80,74,74,50,50,50,31,51,37,30,20,44,24,66,57,57,35,35,20,0],"gold":47,"neow_bonus":"HUNDRED_GOLD","is_prod":false,"is_daily":false,"chose_seed":false,"campfire_upgraded":2,"win_rate":0,"timestamp":1566201584,"path_taken":["M","M","$","?","M","R","E","R","T","E","?","E","?","M","R","BOSS","M","?","M","$","M","E"],"build_version":"2019-07-17","purchased_purges":1,"victory":false,"max_hp_per_floor":[80,80,80,80,80,80,80,80,80,80,80,80,80,80,80,80,80,80,80,80,80,80,80],"card_choices":[{"not_picked":["Havoc","Pommel Strike"],"picked":"Body Slam","floor":1},{"not_picked":["Sword Boomerang","Twin Strike"],"picked":"Flame Barrier","floor":2},{"not_picked":["Twin Strike","Dropkick"],"picked":"Perfected Strike","floor":4},{"not_picked":["Heavy Blade","Fire Breathing"],"picked":"Inflame","floor":5},{"not_picked":["Fire Breathing","Bludgeon"],"picked":"Inflame","floor":7},{"not_picked":["Wild Strike","Feel No Pain"],"picked":"Spot Weakness","floor":10},{"not_picked":["Sentinel","Burning Pact"],"picked":"Infernal Blade","floor":12},{"not_picked":["Body Slam","Perfected Strike"],"picked":"Pommel Strike","floor":14},{"not_picked":["Exhume","Offering"],"picked":"Bludgeon","floor":16},{"not_picked":["Sentinel","Clash+1"],"picked":"Twin Strike","floor":18},{"not_picked":["Spot Weakness","Thunderclap"],"picked":"True Grit","floor":20},{"not_picked":["Fire Breathing+1","Clothesline"],"picked":"Twin Strike+1","floor":22}],"player_experience":439030,"relics_obtained":[{"floor":7,"key":"Bottled Tornado"},{"floor":9,"key":"Darkstone Periapt"},{"floor":10,"key":"Frozen Egg 2"},{"floor":12,"key":"Vajra"}],"event_choices":[{"damage_healed":20,"gold_gain":0,"player_choice":"Healed","damage_taken":0,"max_hp_gain":0,"max_hp_loss":0,"event_name":"The Cleric","floor":11,"gold_loss":35},{"damage_healed":0,"gold_gain":0,"player_choice":"Success","damage_taken":7,"relics_obtained":["Paper Frog"],"max_hp_gain":0,"max_hp_loss":0,"event_name":"Scrap Ooze","floor":13,"gold_loss":0},{"cards_removed":["Defend_R"],"damage_healed":0,"gold_gain":0,"player_choice":"Gave Gold","damage_taken":0,"max_hp_gain":0,"max_hp_loss":0,"event_name":"Beggar","floor":19,"gold_loss":75}],"is_beta":false,"boss_relics":[{"not_picked":["Runic Dome","Busted Crown"],"picked":"Fusion Hammer"}],"items_purged_floors":[3],"is_endless":false,"potions_floor_spawned":[1,10,12,14,20,22],"killed_by":"Book of Stabbing","ascension_level":11}