{"gold_per_floor":[116,130,130,143,143,143,68,68,68,68,101,111,11,11,11,11],"floor_reached":16,"playtime":718,"items_purged":["Defend_B","Defend_B"],"score":137,"play_id":"11384983-c991-4947-a8f3-c16a5c468c39","local_time":"20190714094725","is_ascension_mode":true,"campfire_choices":[{"data":"Zap","floor":6,"key":"SMITH"},{"data":"Dualcast","floor":8,"key":"SMITH"},{"data":"Defragment","floor":10,"key":"SMITH"},{"data":"Conserve Battery","floor":15,"key":"SMITH"}],"neow_cost":"NONE","seed_source_timestamp":639016855033324,"circlet_count":0,"master_deck":["Strike_B","Strike_B","Strike_B","Defend_B","Defend_B","Zap+1","Dualcast+1","Loop","Steam","Defragment+1","Leap","Conserve Battery+1","Self Repair+1"],"relics":["Cracked Core","Frozen Egg 2","Nunchaku","Golden Idol"],"potions_floor_usage":[16],"damage_taken":[{"damage":4,"enemies":"2 Louse","floor":1,"turns":2},{"damage":1,"enemies":"Cultist","floor":2,"turns":3},{"damage":0,"enemies":"Jaw Worm","floor":4,"turns":3},{"damage":18,"enemies":"Lagavulin","floor":11,"turns":7},{"damage":0,"enemies":"Looter","floor":12,"turns":4},{"damage":56,"enemies":"Slime Boss","floor":16,"turns":8}],"seed_played":"6380127632702985574","potions_obtained":[{"floor":2,"key":"Regen Potion"}],"is_trial":false,"path_per_floor":["M","M","?","M","?","R","$","R","T","R","E","M","$","?","R","B"],"character_chosen":"DEFECT","items_purchased":[],"campfire_rested":0,"item_purchase_floors":[],"current_hp_per_floor":[64,63,63,63,68,68,68,68,68,68,50,50,50,30,30,0],"gold":11,"neow_bonus":"THREE_CARDS","is_prod":false,"is_daily":false,"chose_seed":false,"campfire_upgraded":4,"win_rate":0,"timestamp":1563065245,"path_taken":["M","M","?","?","?","R","$","R","T","R","E","M","$","?","R","BOSS"],"build_version":"2019-07-05","purchased_purges":2,"victory":false,"max_hp_per_floor":[75,75,75,75,80,80,80,80,80,80,80,80,80,80,80,80],"card_choices":[{"not_picked":["Static Discharge","Redo"],"picked":"Loop","floor":0},{"not_picked":["Barrage","Turbo"],"picked":"Steam","floor":1},{"not_picked":["Redo","BootSequence"],"picked":"Defragment","floor":2},{"not_picked":["Sweeping Beam","Redo","Chaos"],"picked":"SKIP","floor":4},{"not_picked":["Redo","Cold Snap"],"picked":"Conserve Battery","floor":11},{"not_picked":["Hyperbeam","Cold Snap"],"picked":"Self Repair+1","floor":12}],"player_experience":261529,"relics_obtained":[{"floor":9,"key":"Frozen Egg 2"},{"floor":11,"key":"Nunchaku"}],"event_choices":[{"damage_healed":0,"gold_gain":0,"cards_transformed":["Strike_B"],"player_choice":"Transformed","damage_taken":0,"max_hp_gain":0,"max_hp_loss":0,"event_name":"Transmorgrifier","floor":3,"gold_loss":0,"cards_obtained":["Leap"]},{"damage_healed":0,"gold_gain":0,"player_choice":"Donut","damage_taken":0,"max_hp_gain":5,"max_hp_loss":0,"event_name":"Big Fish","floor":5,"gold_loss":0},{"damage_healed":0,"gold_gain":0,"player_choice":"Take Damage","damage_taken":20,"relics_obtained":["Golden Idol"],"max_hp_gain":0,"max_hp_loss":0,"event_name":"Golden Idol","floor":14,"gold_loss":0}],"is_beta":false,"boss_relics":[],"items_purged_floors":[7,13],"is_endless":false,"potions_floor_spawned":[2],"killed_by":"Slime Boss","ascension_level":8}