{"gold_per_floor":[113,78,95,95,15,15,26,26,26,26,36,65,83,100,100,179,179,192,107,107,107,121,121,31,31,31,51,62,62,62,72,72,145,145,164,174,274,288,125,125,140,154,232,232,242,292,45,55,55,55,55],"floor_reached":51,"playtime":5515,"items_purged":["Defend_B"],"score":1202,"play_id":"60db985c-a8bf-481e-8d90-b177052eae0e","local_time":"20190823084643","is_ascension_mode":true,"campfire_choices":[{"data":"Zap","floor":6.0,"key":"SMITH"},{"data":"Barrage","floor":8.0,"key":"SMITH"},{"data":"Creative AI","floor":10.0,"key":"SMITH"},{"data":"Dualcast","floor":15.0,"key":"SMITH"},{"floor":23.0,"key":"REST"},{"data":"Capacitor","floor":25.0,"key":"SMITH"},{"floor":29.0,"key":"REST"},{"floor":32.0,"key":"REST"},{"floor":40.0,"key":"REST"},{"data":"Biased Cognition","floor":44.0,"key":"SMITH"},{"data":"Barrage","floor":49.0,"key":"SMITH"}],"neow_cost":"PERCENT_DAMAGE","seed_source_timestamp":0,"circlet_count":0,"master_deck":["AscendersBane","Strike_B","Defend_B","Defend_B","Zap+1","Dualcast+1","Barrage+1","Creative AI+1","Barrage+1","Self Repair","Ball Lightning","Storm","Conserve Battery","Go for the Eyes","Biased Cognition+1","Amplify","Coolheaded","Cold Snap","Double Energy","Gash","Capacitor+1","Cold Snap","BootSequence","Seek","Chill","Parasite","Leap","Glacier","Loop"],"special_seed":0,"relics":["Cracked Core","Dead Branch","Unceasing Top","Nuclear Battery","Bag of Marbles","Art of War","Inserter","Ice Cream","Question Card","Anchor"],"potions_floor_usage":[],"damage_taken":[{"damage":7.0,"enemies":"Small Slimes","floor":1.0,"turns":3.0},{"damage":3.0,"enemies":"2 Louse","floor":3.0,"turns":3.0},{"damage":1.0,"enemies":"Cultist","floor":7.0,"turns":3.0},{"damage":27.0,"enemies":"Exordium Wildlife","floor":11.0,"turns":6.0},{"damage":15.0,"enemies":"Lagavulin","floor":12.0,"turns":6.0},{"damage":13.0,"enemies":"Blue Slaver","floor":13.0,"turns":3.0},{"damage":0.0,"enemies":"Large Slime","floor":14.0,"turns":4.0},{"damage":19.0,"enemies":"Hexaghost","floor":16.0,"turns":8.0},{"damage":29.0,"enemies":"2 Thieves","floor":18.0,"turns":3.0},{"damage":7.0,"enemies":"3 Byrds","floor":22.0,"turns":3.0},{"damage":12.0,"enemies":"Snake Plant","floor":27.0,"turns":3.0},{"damage":21.0,"enemies":"Centurion and Healer","floor":28.0,"turns":4.0},{"damage":18.0,"enemies":"Snecko","floor":31.0,"turns":7.0},{"damage":23.0,"enemies":"Champ","floor":33.0,"turns":11.0},{"damage":34.0,"enemies":"3 Darklings","floor":35.0,"turns":6.0},{"damage":1.0,"enemies":"3 Shapes","floor":36.0,"turns":18.0},{"damage":23.0,"enemies":"Mind Bloom Boss Battle","floor":37.0,"turns":5.0},{"damage":2.0,"enemies":"Writhing Mass","floor":38.0,"turns":7.0},{"damage":11.0,"enemies":"Spire Growth","floor":41.0,"turns":6.0},{"damage":8.0,"enemies":"4 Shapes","floor":42.0,"turns":10.0},{"damage":10.0,"enemies":"Transient","floor":45.0,"turns":6.0},{"damage":1.0,"enemies":"Sphere and 2 Shapes","floor":48.0,"turns":4.0},{"damage":70.0,"enemies":"Awakened One","floor":50.0,"turns":21.0},{"damage":17,"enemies":"Time Eater","floor":51,"turns":3}],"seed_played":"3458227539704653695","potions_obtained":[{"floor":11.0,"key":"Block Potion"},{"floor":12.0,"key":"Energy Potion"},{"floor":16.0,"key":"EntropicBrew"},{"floor":31.0,"key":"Strength Potion"},{"floor":37.0,"key":"AttackPotion"},{"floor":38.0,"key":"PowerPotion"},{"floor":42.0,"key":"SpeedPotion"},{"floor":48.0,"key":"AttackPotion"}],"is_trial":false,"path_per_floor":["M","?","M","?","$","R","M","R","T","R","M","E","M","M","R","B",null,"M","?","?","?","M","R","$","R","T","M","M","R","?","M","R","B",null,"M","M","?","M","$","R","M","M","T","R","M","?","$","M","R","B","B"],"character_chosen":"DEFECT","items_purchased":["Self Repair","Capacitor","Glacier","Loop","Anchor"],"campfire_rested":4,"item_purchase_floors":[5,24,39,47,47],"current_hp_per_floor":[39,56,53,53,53,53,59,59,59,59,39,31,25,32,32,20,58,29,29,9,9,9,31,31,31,31,26,5,27,27,23,45,29,64,37,43,27,39,39,61,64,70,70,70,67,67,67,73,73,17,0],"gold":55,"neow_bonus":"REMOVE_TWO","is_prod":false,"is_daily":false,"chose_seed":false,"campfire_upgraded":7,"win_rate":0,"timestamp":1566517603,"path_taken":["M","?","M","?","$","R","M","R","T","R","?","E","M","M","R","BOSS","M","?","?","?","?","R","$","R","T","M","M","R","?","M","R","BOSS","M","M","?","M","$","R","M","M","T","R","M","?","$","M","R","BOSS","BOSS"],"build_version":"2019-07-17","purchased_purges":1,"victory":false,"max_hp_per_floor":[71,71,71,71,71,71,71,71,71,71,71,71,71,71,71,71,71,71,71,76,76,76,76,76,76,76,76,76,76,76,76,76,76,76,76,76,76,76,76,76,76,76,76,76,76,76,76,76,76,76,76],"card_choices":[{"not_picked":["Steam","Storm","Stack"],"picked":"SKIP","floor":1.0},{"not_picked":["Hologram","FTL"],"picked":"Barrage","floor":3.0},{"not_picked":["Turbo","Go for the Eyes"],"picked":"Ball Lightning","floor":7.0},{"not_picked":["Turbo","Steam"],"picked":"Storm","floor":11.0},{"not_picked":["Go for the Eyes","Redo"],"picked":"Conserve Battery","floor":12.0},{"not_picked":["Barrage","Compile Driver"],"picked":"Go for the Eyes","floor":13.0},{"not_picked":["Steam Power","Compile Driver"],"picked":"Biased Cognition","floor":14.0},{"not_picked":["Buffer","Multi-Cast"],"picked":"Amplify","floor":16.0},{"not_picked":["Rebound","Streamline+1"],"picked":"Coolheaded","floor":18.0},{"not_picked":["Streamline","Steam"],"picked":"Gash","floor":22.0},{"not_picked":["Hyperbeam","Turbo"],"picked":"Cold Snap","floor":27.0},{"not_picked":["Cold Snap","Loop"],"picked":"BootSequence","floor":28.0},{"not_picked":["Skim","Coolheaded","Cold Snap+1"],"picked":"SKIP","floor":31.0},{"not_picked":["Meteor Strike","Echo Form"],"picked":"Seek","floor":33.0},{"not_picked":["Skim","Capacitor"],"picked":"Chill","floor":35.0},{"not_picked":["Ball Lightning","Redo","Compile Driver"],"picked":"SKIP","floor":36.0},{"not_picked":["Conserve Battery","Rebound"],"picked":"Leap","floor":38.0},{"not_picked":["Compile Driver","Darkness","Skim"],"picked":"SKIP","floor":41.0},{"not_picked":["Compile Driver","Cold Snap","Turbo"],"picked":"SKIP","floor":42.0},{"not_picked":["Doom and Gloom","Self Repair","Biased Cognition","Go for the Eyes"],"picked":"SKIP","floor":45.0},{"not_picked":["Reinforced Body","Steam","Conserve Battery","Rebound"],"picked":"SKIP","floor":48.0}],"player_experience":557937,"relics_obtained":[{"floor":9.0,"key":"Dead Branch"},{"floor":12.0,"key":"Unceasing Top"},{"floor":26.0,"key":"Art of War"},{"floor":37.0,"key":"Ice Cream"},{"floor":43.0,"key":"Question Card"}],"event_choices":[{"damage_healed":17.0,"max_hp_gain":0.0,"max_hp_loss":0.0,"gold_gain":0.0,"event_name":"The Cleric","player_choice":"Healed","floor":2.0,"gold_loss":35.0,"damage_taken":0.0},{"damage_healed":0.0,"max_hp_gain":0.0,"max_hp_loss":0.0,"gold_gain":0.0,"event_name":"Match and Keep!","player_choice":"2 cards matched","floor":4.0,"gold_loss":0.0,"damage_taken":0.0,"cards_obtained":["Creative AI","Barrage"]},{"damage_healed":0.0,"max_hp_gain":0.0,"max_hp_loss":0.0,"gold_gain":0.0,"event_name":"Addict","player_choice":"Obtained Relic","floor":19.0,"gold_loss":85.0,"damage_taken":0.0,"relics_obtained":["Bag of Marbles"]},{"damage_healed":0.0,"max_hp_gain":5.0,"max_hp_loss":0.0,"gold_gain":0.0,"event_name":"Forgotten Altar","player_choice":"Shed Blood","floor":20.0,"gold_loss":0.0,"damage_taken":25.0},{"damage_healed":0.0,"max_hp_gain":0.0,"max_hp_loss":0.0,"gold_gain":0.0,"cards_transformed":["Strike_B","Strike_B"],"event_name":"Drug Dealer","player_choice":"Became Test Subject","floor":21.0,"gold_loss":0.0,"damage_taken":0.0,"cards_obtained":["Cold Snap","Double Energy"]},{"damage_healed":0.0,"max_hp_gain":0.0,"max_hp_loss":0.0,"gold_gain":0.0,"event_name":"The Mausoleum","player_choice":"Ignored","floor":30.0,"gold_loss":0.0,"damage_taken":0.0},{"damage_healed":0.0,"max_hp_gain":0.0,"max_hp_loss":0.0,"gold_gain":0.0,"event_name":"MindBloom","player_choice":"Fight","floor":37.0,"gold_loss":0.0,"damage_taken":0.0},{"damage_healed":0.0,"max_hp_gain":0.0,"max_hp_loss":0.0,"gold_gain":50.0,"event_name":"Golden Shrine","player_choice":"Pray","floor":46.0,"gold_loss":0.0,"damage_taken":0.0}],"is_beta":false,"boss_relics":[{"not_picked":["Coffee Dripper","Runic Dome"],"picked":"Nuclear Battery"},{"not_picked":["Calling Bell","Fusion Hammer"],"picked":"Inserter"}],"items_purged_floors":[39],"is_endless":false,"potions_floor_spawned":[11,12,16,31,37,38,42,48],"killed_by":"Time Eater","ascension_level":20}