{"gold_per_floor":[219,219,238,111,122,122,151,167,190,190,208,208],"floor_reached":12,"playtime":717,"items_purged":["Strike_R"],"score":108,"play_id":"34035e01-72a7-4879-acb0-2217f72c67c4","local_time":"20181008103739","is_ascension_mode":true,"campfire_choices":[{"floor":6,"key":"REST"}],"neow_cost":"NONE","seed_source_timestamp":917762754523126,"circlet_count":0,"master_deck":["Strike_R","Strike_R","Strike_R","Defend_R","Defend_R","Defend_R","Defend_R","Bash+1","Uppercut+1","Barricade","Armaments","Metallicize","Armaments"],"relics":["Burning Blood","Blood Vial","Whetstone","Bronze Scales"],"potions_floor_usage":[8],"damage_taken":[{"damage":6,"enemies":"Small Slimes","floor":1,"turns":4},{"damage":42,"enemies":"Cultist","floor":3,"turns":8},{"damage":9,"enemies":"2 Louse","floor":5,"turns":5},{"damage":46,"enemies":"Lagavulin","floor":7,"turns":8},{"damage":10,"enemies":"Lots of Slimes","floor":8,"turns":9},{"damage":6,"enemies":"3 Louse","floor":11,"turns":4},{"damage":32,"enemies":"Gremlin Gang","floor":12,"turns":3}],"seed_played":"-6976243477995618506","potions_obtained":[{"floor":7,"key":"SpeedPotion"},{"floor":8,"key":"Swift Potion"}],"is_trial":false,"path_per_floor":["M","?","M","$","M","R","E","M","T","?","M"],"character_chosen":"IRONCLAD","items_purchased":["Armaments"],"campfire_rested":1,"item_purchase_floors":[4],"current_hp_per_floor":[72,72,36,36,33,57,17,15,15,15,17,0],"gold":208,"neow_bonus":"HUNDRED_GOLD","is_prod":false,"is_daily":false,"chose_seed":false,"campfire_upgraded":0,"win_rate":0,"timestamp":1539013059,"path_taken":["M","?","M","$","?","R","E","M","T","?","?","M"],"build_version":"2018-10-04v2","purchased_purges":1,"victory":false,"max_hp_per_floor":[80,80,80,80,80,80,80,80,80,80,80,80],"card_choices":[{"not_picked":["Iron Wave","Pommel Strike"],"picked":"Uppercut","floor":1},{"not_picked":["Anger","Twin Strike","Intimidate"],"picked":"SKIP","floor":3},{"not_picked":["Thunderclap","Perfected Strike","Warcry"],"picked":"SKIP","floor":5},{"not_picked":["Thunderclap","Pommel Strike"],"picked":"Metallicize","floor":7},{"not_picked":["Juggernaut","Corruption"],"picked":"Armaments","floor":8},{"not_picked":["Heavy Blade","Cleave","Searing Blow"],"picked":"SKIP","floor":11}],"player_experience":211744,"relics_obtained":[{"floor":7,"key":"Blood Vial"},{"floor":9,"key":"Whetstone"}],"event_choices":[{"event_name":"Transmorgrifier","player_choice":"Transform","floor":2,"damage_taken":0},{"event_name":"WeMeetAgain","player_choice":"Potion","floor":10,"damage_taken":0}],"is_beta":false,"boss_relics":[],"items_purged_floors":[4],"is_endless":false,"potions_floor_spawned":[7,8],"killed_by":"Gremlin Gang","ascension_level":7}