{"gold_per_floor":[118,68,84,104,104,104,130,205,205,205,79,92,103,119,119,119],"floor_reached":16,"playtime":1454,"items_purged":["Decay"],"score":117,"play_id":"80a4569a-d830-4ef4-baa5-7d2efbb01d12","local_time":"20180919101837","is_ascension_mode":true,"campfire_choices":[{"data":"Pommel Strike","floor":6,"key":"SMITH"},{"floor":10,"key":"REST"},{"floor":15,"key":"REST"}],"neow_cost":"TEN_PERCENT_HP_LOSS","seed_source_timestamp":566172559630494,"circlet_count":0,"master_deck":["Strike_R","Strike_R","Defend_R","Defend_R","Defend_R","Defend_R","Bash","Pommel Strike+1","Shrug It Off","True Grit","True Grit","Body Slam","Whirlwind"],"relics":["Burning Blood","Sundial","Matryoshka"],"potions_floor_usage":[7,16],"damage_taken":[{"damage":4,"enemies":"Small Slimes","floor":1,"turns":4},{"damage":0,"enemies":"2 Louse","floor":3,"turns":4},{"damage":1,"enemies":"Cultist","floor":4,"turns":5},{"damage":56,"enemies":"Lagavulin","floor":7,"turns":7},{"damage":10,"enemies":"Lots of Slimes","floor":12,"turns":8},{"damage":12,"enemies":"Exordium Wildlife","floor":13,"turns":8},{"damage":0,"enemies":"Gremlin Gang","floor":14,"turns":2},{"damage":51,"enemies":"Hexaghost","floor":16,"turns":11}],"seed_played":"8742041136965650583","potions_obtained":[{"floor":3,"key":"SteroidPotion"},{"floor":14,"key":"Strength Potion"}],"is_trial":false,"path_per_floor":["M","?","M","M","?","R","E","?","T","R","$","M","M","M","R"],"character_chosen":"IRONCLAD","items_purchased":["Body Slam"],"campfire_rested":2,"item_purchase_floors":[11],"current_hp_per_floor":[72,72,72,72,72,72,22,11,11,32,32,28,22,28,49,0],"gold":119,"neow_bonus":"REMOVE_TWO","is_prod":false,"is_daily":false,"chose_seed":false,"campfire_upgraded":1,"win_rate":0,"timestamp":1537370317,"path_taken":["M","?","?","M","?","R","E","?","T","R","?","M","M","M","R","BOSS"],"build_version":"2018-09-06","purchased_purges":1,"victory":false,"max_hp_per_floor":[72,72,72,72,72,72,72,72,72,72,72,72,72,72,72,72],"card_choices":[{"not_picked":["Pummel","Thunderclap"],"picked":"Pommel Strike","floor":1},{"not_picked":["Fire Breathing","Pommel Strike"],"picked":"Shrug It Off","floor":3},{"not_picked":["Cleave","Fire Breathing"],"picked":"True Grit","floor":4},{"not_picked":["Clash","Wild Strike"],"picked":"True Grit","floor":7},{"not_picked":["Heavy Blade","Twin Strike","Carnage"],"picked":"SKIP","floor":12},{"not_picked":["Flex","Spot Weakness"],"picked":"Whirlwind","floor":13},{"not_picked":["Dropkick","Clash","Infernal Blade"],"picked":"SKIP","floor":14}],"player_experience":163043,"relics_obtained":[{"floor":7,"key":"Sundial"},{"floor":9,"key":"Matryoshka"}],"event_choices":[{"event_name":"The Cleric","player_choice":"Card Removal","floor":2,"damage_taken":0},{"event_name":"Wheel of Change","player_choice":"Curse","floor":5,"damage_taken":0},{"event_name":"World of Goop","player_choice":"Gather Gold","floor":8,"damage_taken":0}],"is_beta":false,"boss_relics":[],"items_purged_floors":[11],"is_endless":false,"potions_floor_spawned":[3,14],"killed_by":"Hexaghost","ascension_level":3}