{"gold_per_floor":[111,111,127,127,141,141,66,66,66,86,97,112,112,12,12,114,114,134,134,134,134,9,41,41,54,54,72,72,88,107,127,127,127],"floor_reached":33,"playtime":1588,"items_purged":["Strike_R","Strike_R","Blood for Blood+1"],"score":284,"play_id":"d666d469-9c0c-42ee-b266-a3802a12a55e","local_time":"20190828213123","is_ascension_mode":false,"campfire_choices":[{"data":"Bludgeon","floor":6.0,"key":"SMITH"},{"data":"Immolate","floor":8.0,"key":"SMITH"},{"data":"Armaments","floor":13.0,"key":"SMITH"},{"data":"Metallicize","floor":15.0,"key":"SMITH"},{"data":"Demon Form","floor":24,"key":"SMITH"},{"floor":32,"key":"REST"}],"neow_cost":"NONE","seed_source_timestamp":0,"circlet_count":0,"master_deck":["Defend_R","Defend_R","Defend_R+1","Defend_R","Bash","Immolate+1","Pummel","Bludgeon+1","Armaments+1","Metallicize+1","Double Tap","Demon Form+1","Iron Wave+1","Iron Wave+1","Decay","Feel No Pain"],"special_seed":0,"relics":["Burning Blood","Happy Flower","Astrolabe","Nilry\u0027s Codex","Strawberry","Letter Opener"],"potions_floor_usage":[23,33,33],"damage_taken":[{"damage":14.0,"enemies":"2 Louse","floor":1.0,"turns":2.0},{"damage":0.0,"enemies":"Small Slimes","floor":3.0,"turns":2.0},{"damage":3.0,"enemies":"Jaw Worm","floor":5.0,"turns":2.0},{"damage":5.0,"enemies":"Exordium Thugs","floor":10.0,"turns":2.0},{"damage":3.0,"enemies":"Red Slaver","floor":11.0,"turns":2.0},{"damage":0.0,"enemies":"2 Fungi Beasts","floor":12.0,"turns":1.0},{"damage":32.0,"enemies":"Hexaghost","floor":16.0,"turns":8.0},{"damage":14.0,"enemies":"Spheric Guardian","floor":18.0,"turns":4.0},{"damage":0,"enemies":"Slavers","floor":23,"turns":1},{"damage":0,"enemies":"Shell Parasite","floor":25,"turns":5},{"damage":29,"enemies":"Sentry and Sphere","floor":27,"turns":6},{"damage":16,"enemies":"Snake Plant","floor":29,"turns":5},{"damage":23,"enemies":"3 Cultists","floor":30,"turns":5},{"damage":5,"enemies":"Snecko","floor":31,"turns":4},{"damage":86,"enemies":"Collector","floor":33,"turns":6}],"seed_played":"3144053289121582089","potions_obtained":[{"floor":1.0,"key":"Swift Potion"},{"floor":5.0,"key":"SkillPotion"},{"floor":18,"key":"Explosive Potion"},{"floor":27,"key":"Poison Potion"},{"floor":31,"key":"BloodPotion"}],"is_trial":false,"path_per_floor":["M","?","M","?","M","R","$","R","T","M","M","M","R","$","R","B",null,"M","?","?","?","$","E","R","M","T","M","?","M","M","M","R","B"],"character_chosen":"IRONCLAD","items_purchased":[],"campfire_rested":1,"item_purchase_floors":[],"current_hp_per_floor":[72,56,62,55,58,58,58,58,58,59,62,68,68,68,68,42,80,72,56,56,56,56,69,69,75,75,52,52,42,25,26,52,0],"gold":127,"neow_bonus":"ONE_RANDOM_RARE_CARD","is_prod":false,"is_daily":false,"chose_seed":false,"campfire_upgraded":5,"win_rate":0,"timestamp":1566999083,"path_taken":["M","?","M","?","M","R","?","R","T","M","?","M","R","?","R","BOSS","M","?","?","?","$","E","R","M","T","M","?","?","M","M","R","BOSS"],"build_version":"2019-07-17","purchased_purges":3,"victory":false,"max_hp_per_floor":[80,80,80,80,80,80,80,80,80,80,80,80,80,80,80,80,80,80,80,80,80,80,87,87,87,87,87,87,87,87,87,87,87],"card_choices":[{"not_picked":["Flex","Anger"],"picked":"Pummel","floor":1.0},{"not_picked":["Clash","Sever Soul"],"picked":"Flex","floor":3.0},{"not_picked":["Armaments","Headbutt"],"picked":"Bludgeon","floor":5.0},{"not_picked":["Pommel Strike","Second Wind"],"picked":"Armaments","floor":10.0},{"not_picked":["Anger","Wild Strike"],"picked":"Metallicize","floor":11.0},{"not_picked":["Pommel Strike","Ghostly Armor"],"picked":"Double Tap","floor":12.0},{"not_picked":["Brutality","Dark Embrace"],"picked":"Demon Form","floor":16.0},{"not_picked":["Perfected Strike","Reckless Charge","Metallicize"],"picked":"SKIP","floor":18},{"not_picked":["Clothesline+1","Headbutt","Cleave+1"],"picked":"SKIP","floor":23},{"not_picked":["Sever Soul","Body Slam"],"picked":"Feel No Pain","floor":25},{"not_picked":["True Grit","Fire Breathing+1","Heavy Blade"],"picked":"SKIP","floor":27},{"not_picked":["Cleave+1","Iron Wave","Reckless Charge"],"picked":"SKIP","floor":29},{"not_picked":["Flex+1","Havoc","Searing Blow"],"picked":"SKIP","floor":30},{"not_picked":["Havoc+1","Perfected Strike","Sword Boomerang"],"picked":"SKIP","floor":31}],"player_experience":233852,"relics_obtained":[{"floor":9.0,"key":"Happy Flower"},{"floor":19,"key":"Nilry\u0027s Codex"},{"floor":23,"key":"Strawberry"},{"floor":26,"key":"Letter Opener"}],"event_choices":[{"damage_healed":0.0,"max_hp_gain":0.0,"max_hp_loss":0.0,"gold_gain":0.0,"event_name":"Shining Light","player_choice":"Entered Light","floor":2.0,"gold_loss":0.0,"damage_taken":16.0,"cards_upgraded":["Strike_R","Defend_R"]},{"cards_removed":["Strike_R"],"damage_healed":0.0,"max_hp_gain":0.0,"max_hp_loss":0.0,"gold_gain":0.0,"event_name":"Golden Wing","player_choice":"Card Removal","floor":4.0,"gold_loss":0.0,"damage_taken":7.0},{"damage_healed":0,"gold_gain":0,"player_choice":"Obtained Book","damage_taken":16,"max_hp_gain":0,"max_hp_loss":0,"event_name":"Cursed Tome","floor":19,"gold_loss":0},{"damage_healed":0,"gold_gain":0,"player_choice":"Ignored","damage_taken":0,"max_hp_gain":0,"max_hp_loss":0,"event_name":"Vampires","floor":20,"gold_loss":0},{"damage_healed":0,"gold_gain":0,"player_choice":"Smashed Altar","damage_taken":0,"max_hp_gain":0,"max_hp_loss":0,"event_name":"Forgotten Altar","floor":21,"gold_loss":0,"cards_obtained":["Decay"]},{"damage_healed":0,"gold_gain":0,"player_choice":"Ignored","damage_taken":0,"max_hp_gain":0,"max_hp_loss":0,"event_name":"Ghosts","floor":28,"gold_loss":0}],"is_beta":false,"boss_relics":[{"not_picked":["Runic Dome","Black Star"],"picked":"Astrolabe"}],"items_purged_floors":[7,14,22],"is_endless":false,"potions_floor_spawned":[1,5,18,27,31],"killed_by":"Collector","ascension_level":0}