{"gold_per_floor":[116,135,135,135,210,210,238,69,69,89,89,66,97,114,114,216,216,231,231,57,57,57,57,74,74,121,137,40,57,57,67,67,168,168,181,181,112,112,112,112,45,45,45,56,56,56,72,101,101,101],"floor_reached":51,"playtime":4197,"items_purged":["Strike_R","Pain"],"score":831,"play_id":"63b67d15-0c1e-4a3c-89d9-9264c6294d5e","local_time":"20180919120132","is_ascension_mode":true,"campfire_choices":[{"data":"Armaments","floor":6,"key":"SMITH"},{"floor":11,"key":"REST"},{"data":"True Grit","floor":15,"key":"SMITH"},{"data":"True Grit","floor":23,"key":"SMITH"},{"data":"Armaments","floor":25,"key":"SMITH"},{"data":"Bash","floor":32,"key":"SMITH"},{"data":"Shockwave","floor":40,"key":"SMITH"},{"data":"Heavy Blade","floor":42,"key":"SMITH"},{"data":"Madness","floor":46,"key":"SMITH"},{"data":"Madness","floor":49,"key":"SMITH"}],"neow_cost":"NONE","seed_source_timestamp":569591859592577,"circlet_count":0,"master_deck":["Defend_R+1","Defend_R","Defend_R","Defend_R","Bash+1","Armaments+1","Limit Break+1","Metallicize+1","Finesse","Battle Trance","True Grit+1","Pommel Strike","Battle Trance+1","Reaper","Inflame+1","True Grit+1","Bite","Bite","Bite","Bite","Bite","Necronomicurse","Armaments+1","Shrug It Off","Double Tap","Shrug It Off","Heavy Blade+1","Shockwave+1","Flame Barrier","Evolve+1","Madness+1","Madness+1","Disarm","True Grit+1"],"relics":["Burning Blood","Frozen Egg 2","Vajra","Mummified Hand","Oddly Smooth Stone","Runic Cube","WarpedTongs","Necronomicon","War Paint","MutagenicStrength","Eternal Feather","Incense Burner","Paper Frog","Nunchaku","Pear"],"potions_floor_usage":[18,18,50,50,50],"damage_taken":[{"damage":6,"enemies":"Jaw Worm","floor":1,"turns":5},{"damage":4,"enemies":"2 Louse","floor":2,"turns":3},{"damage":56,"enemies":"Gremlin Nob","floor":7,"turns":6},{"damage":1,"enemies":"Small Slimes","floor":10,"turns":4},{"damage":0,"enemies":"Lagavulin","floor":13,"turns":7},{"damage":0,"enemies":"Blue Slaver","floor":14,"turns":4},{"damage":32,"enemies":"Hexaghost","floor":16,"turns":9},{"damage":45,"enemies":"3 Byrds","floor":18,"turns":8},{"damage":12,"enemies":"Shell Parasite","floor":24,"turns":6},{"damage":12,"enemies":"Centurion and Healer","floor":27,"turns":9},{"damage":26,"enemies":"Snake Plant","floor":29,"turns":6},{"damage":0,"enemies":"Cultist and Chosen","floor":31,"turns":5},{"damage":14,"enemies":"Champ","floor":33,"turns":10},{"damage":60,"enemies":"3 Darklings","floor":35,"turns":18},{"damage":17,"enemies":"Mind Bloom Boss Battle","floor":36,"turns":8},{"damage":12,"enemies":"Orb Walker","floor":44,"turns":4},{"damage":19,"enemies":"Reptomancer","floor":47,"turns":8},{"damage":25,"enemies":"Nemesis","floor":48,"turns":9},{"damage":65,"enemies":"Donu and Deca","floor":50,"turns":16}],"seed_played":"-1866154176103398670","potions_obtained":[{"floor":7,"key":"LiquidBronze"},{"floor":10,"key":"Block Potion"},{"floor":13,"key":"BloodPotion"},{"floor":14,"key":"PowerPotion"},{"floor":27,"key":"PowerPotion"}],"is_trial":false,"path_per_floor":["M","M","?","?","?","R","E","$","T","M","R","$","E","M","R","B",null,"M","?","$","?","?","R","M","R","T","M","$","M","?","M","R","B",null,"M","?","$","$","T","R","$","R","T","M","?","R","M","E","R","B"],"character_chosen":"IRONCLAD","items_purchased":["Finesse","True Grit","True Grit","Dexterity Potion","Shrug It Off","Dexterity Potion","Shockwave","Flame Barrier"],"campfire_rested":1,"item_purchase_floors":[8,12,20,20,28,28,37,41],"current_hp_per_floor":[88,88,81,81,70,70,20,20,20,25,51,51,57,63,63,37,88,61,61,61,61,45,45,59,59,59,61,61,55,55,61,61,61,61,61,61,61,61,61,61,61,61,61,59,51,61,61,68,71,71],"gold":101,"neow_bonus":"TEN_PERCENT_HP_BONUS","is_prod":false,"is_daily":false,"chose_seed":false,"campfire_upgraded":9,"win_rate":0,"timestamp":1537376492,"path_taken":["M","M","?","?","?","R","E","$","T","M","R","$","E","M","R","BOSS","M","?","?","?","?","R","M","R","T","?","?","M","?","M","R","BOSS","M","?","?","$","?","R","?","R","T","?","?","R","M","E","R","BOSS"],"build_version":"2018-09-06","purchased_purges":2,"victory":true,"max_hp_per_floor":[88,88,88,88,88,88,88,88,88,88,88,88,88,88,88,88,88,88,88,88,61,61,61,61,61,61,61,61,61,61,61,61,61,61,61,61,61,61,61,61,61,61,61,61,61,61,61,71,71,71],"card_choices":[{"not_picked":["Warcry","Clash"],"picked":"Armaments","floor":1},{"not_picked":["Dual Wield","Ghostly Armor"],"picked":"Limit Break","floor":2},{"not_picked":["Infernal Blade","Wild Strike"],"picked":"Metallicize+1","floor":7},{"not_picked":["Burning Pact","Pommel Strike"],"picked":"Battle Trance","floor":10},{"not_picked":["Iron Wave","Pummel"],"picked":"Pommel Strike","floor":13},{"not_picked":["Havoc","Headbutt"],"picked":"Battle Trance","floor":14},{"not_picked":["Immolate","Offering"],"picked":"Reaper","floor":16},{"not_picked":["Warcry","Sentinel"],"picked":"Inflame+1","floor":18},{"not_picked":["Anger","Whirlwind"],"picked":"Armaments","floor":24},{"not_picked":["Warcry","Havoc","Sword Boomerang"],"picked":"SKIP","floor":27},{"not_picked":["Second Wind","Carnage+1","Anger+1"],"picked":"SKIP","floor":29},{"not_picked":["Thunderclap+1","Havoc+1","Perfected Strike+1"],"picked":"SKIP","floor":31},{"not_picked":["Fiend Fire","Exhume"],"picked":"Double Tap","floor":33},{"not_picked":["Wild Strike+1","Bloodletting"],"picked":"Shrug It Off","floor":35},{"not_picked":["Armaments","Second Wind"],"picked":"Heavy Blade","floor":36},{"not_picked":["Battle Trance+1","Rupture+1"],"picked":"Evolve+1","floor":44},{"not_picked":["Anger+1","Flex"],"picked":"Disarm","floor":47},{"not_picked":["Clash","Perfected Strike"],"picked":"True Grit+1","floor":48}],"player_experience":166436,"relics_obtained":[{"floor":7,"key":"Vajra"},{"floor":9,"key":"Mummified Hand"},{"floor":13,"key":"Oddly Smooth Stone"},{"floor":22,"key":"Necronomicon"},{"floor":26,"key":"War Paint"},{"floor":36,"key":"Incense Burner"},{"floor":39,"key":"Paper Frog"},{"floor":43,"key":"Nunchaku"},{"floor":48,"key":"Pear"}],"event_choices":[{"event_name":"Scrap Ooze","player_choice":"success","floor":3,"damage_taken":7},{"event_name":"Upgrade Shrine","player_choice":"Upgraded","floor":4,"damage_taken":0},{"event_name":"World of Goop","player_choice":"Gather Gold","floor":5,"damage_taken":0},{"event_name":"Accursed Blacksmith","player_choice":"Rummage","floor":19,"damage_taken":0},{"event_name":"Vampires","player_choice":"Became a vampire","floor":21,"damage_taken":0},{"event_name":"Cursed Tome","player_choice":"Obtained Book","floor":22,"damage_taken":0},{"event_name":"Drug Dealer","player_choice":"Inject Mutagens","floor":30,"damage_taken":0},{"event_name":"MindBloom","player_choice":"Fight","floor":36,"damage_taken":0},{"event_name":"Winding Halls","player_choice":"Embrace Madness","floor":45,"damage_taken":0}],"is_beta":false,"boss_relics":[{"not_picked":["Calling Bell","Philosopher\u0027s Stone"],"picked":"Runic Cube"},{"not_picked":["Orrery","Empty Cage"],"picked":"Eternal Feather"}],"items_purged_floors":[8,20],"is_endless":false,"potions_floor_spawned":[7,10,13,14,27,31,44,47,48],"ascension_level":3}