{"gold_per_floor":[113,130,130,150,164,164,189,189,264,345,359,395,418,459,459,585,585,608,608,622,636,659,659,659,699,699,738,738,738,738,756,756,756],"floor_reached":33,"playtime":2924,"items_purged":[],"score":533,"play_id":"a0a30a5a-7875-4190-85ac-83837da13648","local_time":"20190815214121","is_ascension_mode":true,"campfire_choices":[{"data":"Zap","floor":6,"key":"SMITH"},{"floor":8,"key":"REST"},{"floor":15,"key":"REST"},{"data":"Fission","floor":23,"key":"SMITH"},{"data":"Creative AI","floor":28,"key":"SMITH"},{"data":"Hologram","floor":30,"key":"SMITH"},{"data":"Go for the Eyes","floor":32,"key":"SMITH"}],"neow_cost":"NONE","seed_source_timestamp":286051919591465,"circlet_count":0,"master_deck":["AscendersBane","Strike_B","Strike_B","Strike_B","Strike_B","Defend_B","Defend_B","Defend_B","Defend_B","Zap+1","Dualcast","Beam Cell","Lockon","Cold Snap","Compile Driver","Go for the Eyes+1","Beam Cell","Creative AI+1","Hologram+1","Ball Lightning","Conserve Battery","Fission+1","Genetic Algorithm","Writhe","Storm","Stack","Cold Snap+1","Glacier+1","Sweeping Beam+1","Stack+1"],"relics":["Cracked Core","Potion Belt","Golden Idol","Meat on the Bone","Gambling Chip","Vajra","Mercury Hourglass","Nuclear Battery","Cables","FaceOfCleric","Art of War","Molten Egg 2","Mummified Hand"],"potions_floor_usage":[10,12,14,18,22,25,25,29],"damage_taken":[{"damage":7,"enemies":"Jaw Worm","floor":1,"turns":4},{"damage":4,"enemies":"Small Slimes","floor":2,"turns":3},{"damage":1,"enemies":"Cultist","floor":4,"turns":3},{"damage":6,"enemies":"Blue Slaver","floor":5,"turns":2},{"damage":5,"enemies":"Large Slime","floor":7,"turns":5},{"damage":12,"enemies":"3 Sentries","floor":10,"turns":5},{"damage":6,"enemies":"Looter","floor":11,"turns":2},{"damage":32,"enemies":"3 Sentries","floor":12,"turns":5},{"damage":9,"enemies":"Exordium Thugs","floor":13,"turns":2},{"damage":8,"enemies":"Gremlin Nob","floor":14,"turns":3},{"damage":42,"enemies":"The Guardian","floor":16,"turns":8},{"damage":7,"enemies":"Shell Parasite","floor":18,"turns":3},{"damage":0,"enemies":"Chosen","floor":20,"turns":3},{"damage":29,"enemies":"Sentry and Sphere","floor":21,"turns":5},{"damage":0,"enemies":"Centurion and Healer","floor":22,"turns":4},{"damage":8,"enemies":"Book of Stabbing","floor":25,"turns":4},{"damage":0,"enemies":"Gremlin Leader","floor":27,"turns":5},{"damage":0,"enemies":"Slavers","floor":29,"turns":1},{"damage":8,"enemies":"Snecko","floor":31,"turns":5},{"damage":70,"enemies":"Collector","floor":33,"turns":7}],"seed_played":"2594695413207866064","potions_obtained":[{"floor":2,"key":"FearPotion"},{"floor":4,"key":"FocusPotion"},{"floor":10,"key":"FocusPotion"},{"floor":12,"key":"Swift Potion"},{"floor":14,"key":"SmokeBomb"},{"floor":16,"key":"Fire Potion"},{"floor":20,"key":"FearPotion"},{"floor":21,"key":"PowerPotion"},{"floor":22,"key":"Energy Potion"},{"floor":31,"key":"FearPotion"}],"is_trial":false,"path_per_floor":["M","M","?","M","M","R","M","R","T","?","M","E","M","E","R","B",null,"M","?","M","M","M","R","?","E","T","E","R","E","R","M","R","B"],"character_chosen":"DEFECT","items_purchased":[],"campfire_rested":2,"item_purchase_floors":[],"current_hp_per_floor":[61,57,39,38,32,32,27,49,49,49,43,23,26,30,52,22,62,55,55,55,38,38,38,38,43,43,44,44,45,45,50,50,0],"gold":756,"neow_bonus":"RANDOM_COMMON_RELIC","is_prod":false,"is_daily":false,"chose_seed":false,"campfire_upgraded":5,"win_rate":0,"timestamp":1565919681,"path_taken":["M","M","?","M","M","R","M","R","T","?","M","E","M","E","R","BOSS","M","?","M","M","M","R","?","E","T","E","R","E","R","M","R","BOSS"],"build_version":"2019-07-17","purchased_purges":0,"victory":false,"max_hp_per_floor":[75,75,75,75,75,75,75,75,75,75,75,75,75,75,75,75,75,75,75,75,75,75,75,75,76,76,77,77,78,78,79,79,79],"card_choices":[{"not_picked":["Chaos","Lockon"],"picked":"Beam Cell","floor":1},{"not_picked":["Self Repair","Capacitor"],"picked":"Lockon","floor":2},{"not_picked":["Hologram","Beam Cell"],"picked":"Cold Snap","floor":4},{"not_picked":["Streamline","Force Field"],"picked":"Compile Driver","floor":5},{"not_picked":["Force Field","Blizzard"],"picked":"Go for the Eyes","floor":7},{"not_picked":["Hologram","Barrage"],"picked":"Beam Cell","floor":10},{"not_picked":["Lockon","Gash"],"picked":"Creative AI","floor":11},{"not_picked":["Lockon","Coolheaded"],"picked":"Hologram","floor":12},{"not_picked":["Double Energy","Beam Cell"],"picked":"Ball Lightning","floor":13},{"not_picked":["Beam Cell","Lockon"],"picked":"Conserve Battery","floor":14},{"not_picked":["Amplify","Core Surge"],"picked":"Fission","floor":16},{"not_picked":["Beam Cell","Compile Driver+1"],"picked":"Genetic Algorithm","floor":18},{"not_picked":["Loop","Sweeping Beam"],"picked":"Storm","floor":20},{"not_picked":["Hologram","Blizzard"],"picked":"Stack","floor":21},{"not_picked":["Hologram","Go for the Eyes"],"picked":"Cold Snap+1","floor":22},{"not_picked":["Fission","Force Field"],"picked":"Glacier+1","floor":25},{"not_picked":["Rebound+1","Glacier"],"picked":"Sweeping Beam+1","floor":27},{"not_picked":["Ball Lightning+1","Sweeping Beam+1"],"picked":"Stack+1","floor":31}],"player_experience":402704,"relics_obtained":[{"floor":9,"key":"Meat on the Bone"},{"floor":10,"key":"Gambling Chip"},{"floor":12,"key":"Vajra"},{"floor":14,"key":"Mercury Hourglass"},{"floor":25,"key":"Art of War"},{"floor":26,"key":"Molten Egg 2"},{"floor":27,"key":"Mummified Hand"}],"event_choices":[{"damage_healed":0,"gold_gain":0,"player_choice":"Take Damage","damage_taken":18,"relics_obtained":["Golden Idol"],"max_hp_gain":0,"max_hp_loss":0,"event_name":"Golden Idol","floor":3,"gold_loss":0},{"damage_healed":0,"gold_gain":0,"player_choice":"Searched \u00271\u0027 times","damage_taken":0,"max_hp_gain":0,"max_hp_loss":0,"event_name":"Dead Adventurer","floor":10,"gold_loss":0},{"damage_healed":0,"gold_gain":0,"player_choice":"Opened","damage_taken":0,"relics_obtained":["Cables"],"max_hp_gain":0,"max_hp_loss":0,"event_name":"The Mausoleum","floor":19,"gold_loss":0,"cards_obtained":["Writhe"]},{"damage_healed":0,"gold_gain":0,"player_choice":"Trade","damage_taken":0,"relics_obtained":["FaceOfCleric"],"max_hp_gain":0,"max_hp_loss":0,"event_name":"FaceTrader","floor":24,"gold_loss":0}],"is_beta":false,"boss_relics":[{"not_picked":["Velvet Choker","White Beast Statue"],"picked":"Nuclear Battery"}],"items_purged_floors":[],"is_endless":false,"potions_floor_spawned":[2,4,10,12,14,16,20,21,22,31],"killed_by":"Collector","ascension_level":11}