{"gold_per_floor":[118,138,149,166,166,185,205,205,230,244,244,269,45,56,56,133,133,153,170,170,2,20,20,31,42,42,42,60,74,74,92,92,171,171,183,109,109,128,148,148,166,181,181,181,43,43,61,77,77,77],"floor_reached":50,"playtime":4447,"items_purged":["Strike_B","Defend_B"],"score":781,"play_id":"de3f9db0-1476-4fc7-b85b-7684f77939ac","local_time":"20190806165027","is_ascension_mode":true,"campfire_choices":[{"data":"Zap","floor":8,"key":"SMITH"},{"data":"Dualcast","floor":11,"key":"SMITH"},{"data":"Glacier","floor":15,"key":"SMITH"},{"data":"Hologram","floor":23,"key":"SMITH"},{"data":"Echo Form","floor":27,"key":"SMITH"},{"data":"Loop","floor":32,"key":"SMITH"},{"data":"Defragment","floor":40,"key":"SMITH"},{"data":"Capacitor","floor":44,"key":"SMITH"},{"data":"Go for the Eyes","floor":46,"key":"SMITH"},{"data":"Reinforced Body","floor":49,"key":"SMITH"}],"neow_cost":"NONE","seed_source_timestamp":435012698908077,"circlet_count":0,"master_deck":["AscendersBane","Strike_B+1","Defend_B+1","Defend_B+1","Defend_B+1","Zap+1","Dualcast+1","Cold Snap","Self Repair","Go for the Eyes+1","Gash","Electrodynamics","Glacier+1","Loop+1","Echo Form+1","Gash+1","Reinforced Body+1","Capacitor+1","Hologram+1","BootSequence","Core Surge","Seek","Defragment+1","Gash","Streamline+1","Parasite"],"relics":["Cracked Core","Oddly Smooth Stone","Strawberry","Omamori","Blood Vial","Cursed Key","Meat on the Bone","Sozu","Bag of Marbles","Frozen Egg 2"],"potions_floor_usage":[6,16,33,50,50],"damage_taken":[{"damage":6,"enemies":"Small Slimes","floor":1,"turns":4},{"damage":0,"enemies":"Cultist","floor":2,"turns":3},{"damage":6,"enemies":"Jaw Worm","floor":3,"turns":3},{"damage":11,"enemies":"3 Louse","floor":4,"turns":4},{"damage":24,"enemies":"Gremlin Gang","floor":6,"turns":6},{"damage":6,"enemies":"Blue Slaver","floor":7,"turns":4},{"damage":4,"enemies":"Large Slime","floor":10,"turns":6},{"damage":0,"enemies":"2 Fungi Beasts","floor":14,"turns":4},{"damage":26,"enemies":"Hexaghost","floor":16,"turns":13},{"damage":12,"enemies":"Shell Parasite","floor":18,"turns":7},{"damage":17,"enemies":"Chosen","floor":19,"turns":6},{"damage":14,"enemies":"3 Cultists","floor":22,"turns":4},{"damage":28,"enemies":"Snake Plant","floor":24,"turns":7},{"damage":21,"enemies":"Shelled Parasite and Fungi","floor":25,"turns":9},{"damage":24,"enemies":"Cultist and Chosen","floor":28,"turns":7},{"damage":6,"enemies":"Centurion and Healer","floor":29,"turns":10},{"damage":12,"enemies":"Shelled Parasite and Fungi","floor":31,"turns":7},{"damage":5,"enemies":"Champ","floor":33,"turns":14},{"damage":1,"enemies":"Orb Walker","floor":35,"turns":5},{"damage":9,"enemies":"3 Shapes","floor":38,"turns":6},{"damage":4,"enemies":"Sphere and 2 Shapes","floor":39,"turns":6},{"damage":24,"enemies":"Transient","floor":41,"turns":5},{"damage":20,"enemies":"3 Darklings","floor":42,"turns":5},{"damage":20,"enemies":"Spire Growth","floor":47,"turns":6},{"damage":10,"enemies":"Writhing Mass","floor":48,"turns":6},{"damage":69,"enemies":"Donu and Deca","floor":50,"turns":6}],"seed_played":"-9191259198327663107","potions_obtained":[{"floor":1,"key":"Fire Potion"},{"floor":3,"key":"FocusPotion"},{"floor":6,"key":"Dexterity Potion"},{"floor":19,"key":"Dexterity Potion"},{"floor":33,"key":"Dexterity Potion"}],"is_trial":false,"path_per_floor":["M","M","M","M","?","M","M","R","T","M","R","T","$","M","R","B",null,"M","M","?","$","M","R","M","M","T","R","M","M","?","M","R","B",null,"M","$","?","M","M","R","M","M","T","R","?","R","M","M","R","B"],"character_chosen":"DEFECT","items_purchased":["Blood Vial","Capacitor","Defragment"],"campfire_rested":0,"item_purchase_floors":[13,21,36],"current_hp_per_floor":[58,58,59,55,55,38,39,39,46,49,49,49,49,58,58,41,69,66,65,65,65,60,60,48,36,36,36,26,41,41,57,57,61,74,78,78,78,76,78,78,61,50,50,50,50,50,58,64,64,0],"gold":77,"neow_bonus":"RANDOM_COMMON_RELIC","is_prod":false,"is_daily":false,"chose_seed":false,"campfire_upgraded":10,"win_rate":0,"timestamp":1565077827,"path_taken":["M","M","M","M","?","M","?","R","T","M","R","?","$","M","R","BOSS","M","M","?","$","M","R","M","M","T","R","M","M","?","M","R","BOSS","M","$","?","M","M","R","M","M","T","R","?","R","M","M","R","BOSS"],"build_version":"2019-07-17","purchased_purges":2,"victory":false,"max_hp_per_floor":[71,71,71,71,71,71,71,71,78,78,78,78,78,78,78,78,78,78,78,78,78,78,78,78,78,78,78,78,78,78,78,78,78,78,78,78,78,78,78,78,78,78,78,78,78,78,78,78,78,78],"card_choices":[{"not_picked":["Recycle","Double Energy"],"picked":"Cold Snap","floor":1},{"not_picked":["Turbo","Leap"],"picked":"Self Repair","floor":2},{"not_picked":["Reprogram","Streamline"],"picked":"Go for the Eyes","floor":3},{"not_picked":["Coolheaded","Barrage"],"picked":"Gash","floor":4},{"not_picked":["Redo","Stack"],"picked":"Electrodynamics","floor":6},{"not_picked":["Melter","Sweeping Beam"],"picked":"Glacier","floor":7},{"not_picked":["Rebound","Steam"],"picked":"Loop","floor":10},{"not_picked":["Ball Lightning","Leap","Barrage"],"picked":"SKIP","floor":14},{"not_picked":["Electrodynamics","Thunder Strike"],"picked":"Echo Form","floor":16},{"not_picked":["Compile Driver","Chaos"],"picked":"Gash+1","floor":18},{"not_picked":["Recycle","Aggregate+1"],"picked":"Reinforced Body","floor":19},{"not_picked":["Go for the Eyes","Compile Driver+1"],"picked":"Hologram","floor":22},{"not_picked":["Beam Cell","Go for the Eyes","Tempest"],"picked":"SKIP","floor":24},{"not_picked":["Steam","Rip and Tear","Rebound"],"picked":"SKIP","floor":25},{"not_picked":["Self Repair+1","Go for the Eyes","Leap"],"picked":"SKIP","floor":28},{"not_picked":["Double Energy","Redo"],"picked":"BootSequence","floor":29},{"not_picked":["Lockon","Hologram"],"picked":"Core Surge","floor":31},{"not_picked":["Core Surge","Rainbow"],"picked":"Seek","floor":33},{"not_picked":["Compile Driver","Go for the Eyes","Stack"],"picked":"SKIP","floor":35},{"not_picked":["Hologram","Hello World","Compile Driver"],"picked":"SKIP","floor":38},{"not_picked":["Self Repair","Leap+1"],"picked":"Gash","floor":39},{"not_picked":["Auto Shields","Beam Cell","Cold Snap+1"],"picked":"SKIP","floor":41},{"not_picked":["Sunder","Genetic Algorithm+1"],"picked":"Streamline+1","floor":42},{"not_picked":["Ball Lightning+1","Chaos","Conserve Battery"],"picked":"SKIP","floor":47},{"not_picked":["Reinforced Body","Loop+1","Rebound"],"picked":"SKIP","floor":48}],"player_experience":450090,"relics_obtained":[{"floor":9,"key":"Strawberry"},{"floor":12,"key":"Omamori"},{"floor":26,"key":"Meat on the Bone"},{"floor":43,"key":"Bag of Marbles"}],"event_choices":[{"cards_removed":["Strike_B"],"damage_healed":0,"gold_gain":0,"player_choice":"Offered Basic","damage_taken":0,"max_hp_gain":0,"max_hp_loss":0,"event_name":"Bonfire Elementals","floor":5,"gold_loss":0},{"damage_healed":0,"gold_gain":0,"player_choice":"Simplicity","damage_taken":0,"max_hp_gain":0,"max_hp_loss":0,"event_name":"Back to Basics","floor":30,"gold_loss":0,"cards_upgraded":["Strike_B","Strike_B","Defend_B","Defend_B","Defend_B"]},{"cards_removed":["Strike_B"],"damage_healed":0,"gold_gain":0,"player_choice":"Removed Attack","damage_taken":0,"max_hp_gain":0,"max_hp_loss":0,"event_name":"Falling","floor":37,"gold_loss":0},{"damage_healed":0,"gold_gain":0,"player_choice":"Paid Gold","damage_taken":0,"relics_obtained":["Frozen Egg 2"],"max_hp_gain":0,"max_hp_loss":0,"event_name":"WeMeetAgain","floor":45,"gold_loss":138}],"is_beta":false,"boss_relics":[{"not_picked":["Tiny House","Orrery"],"picked":"Cursed Key"},{"not_picked":["Busted Crown","Velvet Choker"],"picked":"Sozu"}],"items_purged_floors":[13,21],"is_endless":false,"potions_floor_spawned":[1,3,6,19,22,29,31,33,39,41,48],"killed_by":"Donu and Deca","ascension_level":15}