{"gold_per_floor":[214,214,314,327,59,59,84,109,109,109,39,39,39,62,62,191,191,216,216,116,137,137,137,157,173,173,193,216,255,255,276,276,276],"floor_reached":33,"playtime":2265,"items_purged":["Strike_R","Strike_R"],"score":336,"play_id":"9c972f85-3dfe-4b00-8045-e4f7359b1ebf","local_time":"20181005100416","is_ascension_mode":true,"campfire_choices":[{"data":"Armaments","floor":6,"key":"SMITH"},{"data":"Uppercut","floor":12,"key":"SMITH"},{"floor":15,"key":"REST"},{"floor":30,"key":"REST"},{"data":"Inflame","floor":32,"key":"SMITH"}],"neow_cost":"NONE","seed_source_timestamp":655006908241298,"circlet_count":0,"master_deck":["Defend_R","Defend_R","Defend_R","Defend_R","Bash","Armaments+1","Battle Trance","Iron Wave","Uppercut+1","Whirlwind+1","True Grit","Double Tap","Iron Wave+1","True Grit","Bite+1","Bite+1","Bite+1","Bite+1","Bite+1","Inflame+1","Iron Wave+1","Headbutt+1","Ghostly Armor","Clothesline+1","Shockwave+1"],"relics":["Burning Blood","Golden Idol","Vajra","Molten Egg 2","Velvet Choker","MutagenicStrength","Anchor","Question Card"],"potions_floor_usage":[16,33,33,33],"damage_taken":[{"damage":7,"enemies":"2 Louse","floor":1,"turns":3},{"damage":7,"enemies":"Small Slimes","floor":4,"turns":4},{"damage":3,"enemies":"Jaw Worm","floor":7,"turns":4},{"damage":1,"enemies":"2 Fungi Beasts","floor":8,"turns":3},{"damage":5,"enemies":"Exordium Thugs","floor":14,"turns":4},{"damage":58,"enemies":"Hexaghost","floor":16,"turns":12},{"damage":1,"enemies":"2 Thieves","floor":18,"turns":2},{"damage":11,"enemies":"Spheric Guardian","floor":21,"turns":3},{"damage":53,"enemies":"Cultist and Chosen","floor":24,"turns":7},{"damage":8,"enemies":"Snecko","floor":25,"turns":3},{"damage":21,"enemies":"Shelled Parasite and Fungi","floor":27,"turns":5},{"damage":11,"enemies":"Centurion and Healer","floor":28,"turns":6},{"damage":44,"enemies":"Gremlin Leader","floor":29,"turns":7},{"damage":2,"enemies":"Cultist and Chosen","floor":31,"turns":3},{"damage":84,"enemies":"Automaton","floor":33,"turns":8}],"seed_played":"3111731404205047026","potions_obtained":[{"floor":7,"key":"Swift Potion"},{"floor":8,"key":"Poison Potion"},{"floor":18,"key":"Fire Potion"},{"floor":27,"key":"PowerPotion"},{"floor":28,"key":"Strength Potion"}],"is_trial":false,"path_per_floor":["M","?","?","M","$","R","M","M","T","?","$","R","?","M","R","B",null,"M","?","$","M","?","?","M","M","T","M","M","E","R","M","R"],"character_chosen":"IRONCLAD","items_purchased":["Vajra","Battle Trance","Whirlwind+1"],"campfire_rested":2,"item_purchase_floors":[5,5,11],"current_hp_per_floor":[79,59,59,58,58,58,61,66,66,66,66,66,59,60,80,28,80,80,80,80,75,56,56,27,31,31,28,44,24,40,50,50,0],"gold":276,"neow_bonus":"HUNDRED_GOLD","is_prod":false,"is_daily":false,"chose_seed":false,"campfire_upgraded":3,"win_rate":0,"timestamp":1538751856,"path_taken":["M","?","?","M","$","R","?","M","T","?","$","R","?","M","R","BOSS","M","?","$","?","?","?","M","M","T","M","?","E","R","M","R","BOSS"],"build_version":"2018-10-04","purchased_purges":2,"victory":false,"max_hp_per_floor":[80,80,80,80,80,80,80,80,80,80,80,80,80,80,80,80,80,80,80,80,80,56,56,56,56,56,56,56,56,56,56,56,56],"card_choices":[{"not_picked":["Thunderclap","Iron Wave"],"picked":"Armaments","floor":1},{"not_picked":["Perfected Strike","Second Wind","Wild Strike"],"picked":"SKIP","floor":4},{"not_picked":["Flex","Feel No Pain"],"picked":"Iron Wave","floor":7},{"not_picked":["Corruption","Wild Strike"],"picked":"Uppercut","floor":8},{"not_picked":["Thunderclap+1","Rampage+1"],"picked":"True Grit","floor":14},{"not_picked":["Fiend Fire+1","Juggernaut"],"picked":"Double Tap","floor":16},{"not_picked":["Twin Strike+1","Havoc"],"picked":"Iron Wave+1","floor":18},{"not_picked":["Dropkick+1","Armaments"],"picked":"True Grit","floor":21},{"not_picked":["Second Wind","Pommel Strike+1"],"picked":"Inflame","floor":24},{"not_picked":["Body Slam+1","Warcry"],"picked":"Iron Wave+1","floor":25},{"not_picked":["True Grit","Dual Wield"],"picked":"Headbutt+1","floor":27},{"not_picked":["Second Wind+1","Cleave+1"],"picked":"Ghostly Armor","floor":28},{"not_picked":["Evolve","Armaments+1"],"picked":"Clothesline+1","floor":29},{"not_picked":["Blood for Blood+1","Reckless Charge+1","Hemokinesis+1"],"picked":"Shockwave+1","floor":31}],"player_experience":190022,"relics_obtained":[{"floor":9,"key":"Molten Egg 2"},{"floor":26,"key":"Anchor"},{"floor":29,"key":"Question Card"}],"event_choices":[{"event_name":"Golden Idol","player_choice":"Take Damage","floor":2,"damage_taken":0},{"event_name":"Wheel of Change","player_choice":"Gold","floor":3,"damage_taken":0},{"event_name":"Bonfire Elementals","player_choice":"BASIC","floor":10,"damage_taken":0},{"event_name":"Golden Wing","player_choice":"Card Removal","floor":13,"damage_taken":0},{"event_name":"Ghosts","player_choice":"Ignored","floor":19,"damage_taken":0},{"event_name":"Vampires","player_choice":"Became a vampire","floor":22,"damage_taken":0},{"event_name":"Drug Dealer","player_choice":"Inject Mutagens","floor":23,"damage_taken":0}],"is_beta":false,"boss_relics":[{"not_picked":["Black Star","White Beast Statue"],"picked":"Velvet Choker"}],"items_purged_floors":[5,20],"is_endless":false,"potions_floor_spawned":[7,8,18,27,28,31],"killed_by":"Automaton","ascension_level":4}