{"gold_per_floor":[118,218,232,246,260,286,304,315,364,379,65,79,79,95,95,168,168,185,213,183,83,103,103,103],"floor_reached":24,"playtime":2809,"items_purged":["Strike_B","Strike_B"],"score":408,"play_id":"99b449fe-5d37-4d55-aaa2-118daf9d2ca3","local_time":"20190822220343","is_ascension_mode":true,"campfire_choices":[{"data":"Echo Form","floor":13,"key":"SMITH"},{"floor":15,"key":"REST"},{"floor":23,"key":"REST"}],"neow_cost":"NONE","seed_source_timestamp":0,"circlet_count":0,"master_deck":["AscendersBane","Strike_B","Strike_B","Defend_B","Defend_B","Defend_B","Defend_B","Zap","Dualcast","Echo Form+1","Self Repair","Cold Snap","Coolheaded","Barrage","Loop","Undo","Auto Shields","Rainbow","Biased Cognition","Conserve Battery","Rainbow","Reinforced Body","Hologram","Go for the Eyes","Streamline","Coolheaded","Chill","Blizzard+1","BootSequence"],"special_seed":0,"relics":["Cracked Core","Dead Branch","Centennial Puzzle","Regal Pillow","Orrery","Red Mask"],"potions_floor_usage":[16,19,20],"damage_taken":[{"damage":4.0,"enemies":"Small Slimes","floor":1.0,"turns":3.0},{"damage":6.0,"enemies":"Cultist","floor":3.0,"turns":4.0},{"damage":0.0,"enemies":"Jaw Worm","floor":4.0,"turns":4.0},{"damage":16.0,"enemies":"Exordium Wildlife","floor":5.0,"turns":4.0},{"damage":26.0,"enemies":"3 Sentries","floor":6.0,"turns":9.0},{"damage":20.0,"enemies":"Exordium Thugs","floor":7.0,"turns":6.0},{"damage":31,"enemies":"Gremlin Gang","floor":8,"turns":6},{"damage":4,"enemies":"3 Louse","floor":10,"turns":5},{"damage":1,"enemies":"Blue Slaver","floor":12,"turns":3},{"damage":18,"enemies":"Large Slime","floor":14,"turns":6},{"damage":38,"enemies":"Slime Boss","floor":16,"turns":9},{"damage":2,"enemies":"Chosen","floor":18,"turns":7},{"damage":74,"enemies":"Masked Bandits","floor":19,"turns":9},{"damage":5,"enemies":"2 Thieves","floor":20,"turns":4},{"damage":12,"enemies":"Snake Plant","floor":22,"turns":5},{"damage":43,"enemies":"Book of Stabbing","floor":24,"turns":5}],"seed_played":"-3155849012205455475","potions_obtained":[{"floor":1.0,"key":"SpeedPotion"},{"floor":3.0,"key":"Fruit Juice"},{"floor":5.0,"key":"Swift Potion"},{"floor":19,"key":"Explosive Potion"},{"floor":20,"key":"Ancient Potion"}],"is_trial":false,"path_per_floor":["M","?","M","M","M","E","M","M","T","M","$","M","R","M","R","B",null,"M","?","M","$","M","R","E"],"character_chosen":"DEFECT","items_purchased":["Rainbow","Regal Pillow"],"campfire_rested":2,"item_purchase_floors":[11,11],"current_hp_per_floor":[60,60,73,76,67,55,49,18,18,28,28,34,34,30,67,36,66,76,16,18,18,6,43,0],"gold":103,"neow_bonus":"ONE_RANDOM_RARE_CARD","is_prod":false,"is_daily":false,"chose_seed":false,"campfire_upgraded":1,"win_rate":0,"timestamp":1566479023,"path_taken":["M","?","?","M","M","E","M","M","T","?","$","M","R","M","R","BOSS","M","?","M","$","M","R","E"],"build_version":"2019-07-17","purchased_purges":2,"victory":false,"max_hp_per_floor":[71,71,76,76,76,76,76,76,76,76,76,76,76,76,76,76,76,76,76,76,76,76,76,76],"card_choices":[{"not_picked":["Sunder","Ball Lightning"],"picked":"Self Repair","floor":1.0},{"not_picked":["Sweeping Beam","Darkness"],"picked":"Cold Snap","floor":3.0},{"not_picked":["Skim","Steam Power"],"picked":"Coolheaded","floor":4.0},{"not_picked":["Redo","Static Discharge"],"picked":"Barrage","floor":5.0},{"not_picked":["Melter","Self Repair"],"picked":"Loop","floor":6.0},{"not_picked":["Conserve Battery","Doom and Gloom"],"picked":"Undo","floor":7.0},{"not_picked":["Turbo","Steam","Double Energy"],"picked":"SKIP","floor":8},{"not_picked":["Hello World","Cold Snap"],"picked":"Auto Shields","floor":10},{"not_picked":["Stack","Barrage"],"picked":"Biased Cognition","floor":12},{"not_picked":["Rebound","Darkness"],"picked":"Conserve Battery","floor":14},{"not_picked":["Reboot","Amplify"],"picked":"Rainbow","floor":16},{"not_picked":["Meteor Strike","Hologram"],"picked":"Reinforced Body","floor":17},{"not_picked":["Redo","Rip and Tear"],"picked":"Hologram","floor":17},{"not_picked":["Turbo","Redo"],"picked":"Go for the Eyes","floor":17},{"not_picked":["Barrage","Conserve Battery"],"picked":"Streamline","floor":17},{"not_picked":["Go for the Eyes","Streamline"],"picked":"Coolheaded","floor":17},{"not_picked":["Conserve Battery","Heatsinks"],"picked":"Chill","floor":18},{"not_picked":["Go for the Eyes","Turbo"],"picked":"Blizzard+1","floor":20},{"not_picked":["Consume","Go for the Eyes"],"picked":"BootSequence","floor":22}],"player_experience":550023,"relics_obtained":[{"floor":6.0,"key":"Dead Branch"},{"floor":9,"key":"Centennial Puzzle"},{"floor":19,"key":"Red Mask"}],"event_choices":[{"damage_healed":0.0,"max_hp_gain":0.0,"max_hp_loss":0.0,"gold_gain":100.0,"event_name":"Wheel of Change","player_choice":"Gold","floor":2.0,"gold_loss":0.0,"damage_taken":0.0},{"damage_healed":0,"gold_gain":0,"player_choice":"Fought Bandits","damage_taken":0,"max_hp_gain":0,"max_hp_loss":0,"event_name":"Masked Bandits","floor":19,"gold_loss":0}],"is_beta":false,"boss_relics":[{"not_picked":["Astrolabe","Lizard Tail"],"picked":"Orrery"}],"items_purged_floors":[11,21],"is_endless":false,"potions_floor_spawned":[1,3,5,7,14,19,20],"killed_by":"Book of Stabbing","ascension_level":20}