{"gold_per_floor":[113,113,132,132,157,157,171,171,217,229,246,256,22,48,48,145,145,164,164,64,77,77,107,107,125,125,142,45,144,163,181,181,276,326,339,351,351,361,81,81,91,91,115,40,55,55,68,88,88,88],"floor_reached":50,"playtime":6249,"items_purged":["Defend_B","Recycle","Parasite"],"score":699,"play_id":"ad5067b1-f24a-41cc-b459-ff207cd38af0","local_time":"20190714054654","is_ascension_mode":true,"campfire_choices":[{"data":"Dualcast","floor":6,"key":"SMITH"},{"data":"Coolheaded","floor":8,"key":"SMITH"},{"data":"Loop","floor":15,"key":"SMITH"},{"data":"Glacier","floor":24,"key":"SMITH"},{"floor":32,"key":"REST"},{"data":"Echo Form","floor":40,"key":"SMITH"},{"data":"Reinforced Body","floor":42,"key":"SMITH"},{"floor":49,"key":"REST"}],"neow_cost":"NONE","seed_source_timestamp":619035092958798,"circlet_count":0,"master_deck":["Zap+1","Dualcast+1","Loop+1","Coolheaded+1","Steam","All For One","White Noise","Leap","Steam","Gash","Echo Form+1","Defragment+1","Glacier+1","Reinforced Body+1","Impatience","Capacitor+1","Machine Learning","BootSequence+1","The Bomb","Auto Shields"],"relics":["Cracked Core","Blood Vial","Pen Nib","Anchor","Pandora\u0027s Box","Gremlin Horn","Incense Burner","Tiny House","Bronze Scales","Regal Pillow"],"potions_floor_usage":[16,18,36,38,47,47,47,50],"damage_taken":[{"damage":2,"enemies":"Jaw Worm","floor":1,"turns":3},{"damage":12,"enemies":"Small Slimes","floor":3,"turns":3},{"damage":3,"enemies":"2 Louse","floor":7,"turns":2},{"damage":1,"enemies":"Looter","floor":10,"turns":3},{"damage":7,"enemies":"Blue Slaver","floor":11,"turns":3},{"damage":0,"enemies":"Exordium Wildlife","floor":12,"turns":4},{"damage":1,"enemies":"Lagavulin","floor":14,"turns":6},{"damage":7,"enemies":"Hexaghost","floor":16,"turns":9},{"damage":20,"enemies":"2 Thieves","floor":18,"turns":3},{"damage":12,"enemies":"Chosen","floor":21,"turns":5},{"damage":24,"enemies":"Book of Stabbing","floor":23,"turns":6},{"damage":0,"enemies":"Snecko","floor":25,"turns":5},{"damage":3,"enemies":"Centurion and Healer","floor":27,"turns":5},{"damage":0,"enemies":"3 Cultists","floor":30,"turns":5},{"damage":0,"enemies":"Snake Plant","floor":31,"turns":5},{"damage":0,"enemies":"Champ","floor":33,"turns":10},{"damage":7,"enemies":"Orb Walker","floor":35,"turns":6},{"damage":31,"enemies":"3 Darklings","floor":36,"turns":5},{"damage":9,"enemies":"Writhing Mass","floor":38,"turns":7},{"damage":10,"enemies":"Spire Growth","floor":41,"turns":6},{"damage":0,"enemies":"Maw","floor":45,"turns":8},{"damage":19,"enemies":"Transient","floor":47,"turns":5},{"damage":8,"enemies":"4 Shapes","floor":48,"turns":5},{"damage":70,"enemies":"Awakened One","floor":50,"turns":9}],"seed_played":"941617926344201999","potions_obtained":[{"floor":3,"key":"Energy Potion"},{"floor":10,"key":"Block Potion"},{"floor":11,"key":"Explosive Potion"},{"floor":27,"key":"Block Potion"},{"floor":30,"key":"AttackPotion"},{"floor":31,"key":"FearPotion"},{"floor":33,"key":"Regen Potion"},{"floor":36,"key":"SkillPotion"},{"floor":38,"key":"Swift Potion"},{"floor":45,"key":"Fire Potion"},{"floor":48,"key":"SkillPotion"}],"is_trial":false,"path_per_floor":["M","?","M","?","T","R","M","R","T","M","M","M","$","E","R","B",null,"M","?","$","M","?","E","R","M","T","M","$","?","M","M","R","B",null,"M","M","?","M","$","R","M","R","T","$","M","?","M","M","R","B"],"character_chosen":"DEFECT","items_purchased":["All For One","Impatience","Bronze Scales","EssenceOfSteel"],"campfire_rested":2,"item_purchase_floors":[13,28,39,44],"current_hp_per_floor":[66,66,54,54,54,54,53,53,53,54,49,51,51,52,52,47,68,50,50,50,40,40,18,18,20,20,19,19,19,21,23,45,47,73,68,39,39,47,47,47,39,39,39,39,41,41,24,18,56,0],"gold":88,"neow_bonus":"UPGRADE_CARD","is_prod":false,"is_daily":false,"chose_seed":false,"campfire_upgraded":6,"win_rate":0,"timestamp":1563050814,"path_taken":["M","?","M","?","?","R","M","R","T","M","M","M","$","E","R","BOSS","M","?","$","M","?","E","R","M","T","M","$","?","M","M","R","BOSS","M","M","?","M","$","R","M","R","T","$","M","?","M","M","R","BOSS"],"build_version":"2019-07-05","purchased_purges":3,"victory":false,"max_hp_per_floor":[75,75,75,75,75,75,75,75,75,75,75,75,75,75,75,75,75,75,75,75,75,75,75,75,75,75,75,75,75,75,75,75,75,80,80,80,80,80,77,77,77,77,77,77,77,77,77,77,77,77],"card_choices":[{"not_picked":["Barrage","Leap"],"picked":"Loop","floor":1},{"not_picked":["Chill","Steam"],"picked":"Coolheaded","floor":3},{"not_picked":["Turbo","Coolheaded","Leap"],"picked":"SKIP","floor":7},{"not_picked":["Go for the Eyes","Compile Driver"],"picked":"Doom and Gloom","floor":10},{"not_picked":["Coolheaded","Ball Lightning"],"picked":"Steam","floor":11},{"not_picked":["Sweeping Beam","Leap","Sunder"],"picked":"SKIP","floor":12},{"not_picked":["Cold Snap","Skim","Undo"],"picked":"SKIP","floor":14},{"not_picked":["Hologram","Barrage"],"picked":"Defragment+1","floor":18},{"not_picked":["Sweeping Beam","Static Discharge","Leap+1"],"picked":"SKIP","floor":21},{"not_picked":["Beam Cell","Coolheaded+1","Hologram"],"picked":"SKIP","floor":23},{"not_picked":["Go for the Eyes","Recycle"],"picked":"Reinforced Body","floor":25},{"not_picked":["Compile Driver","Gash","Blizzard"],"picked":"SKIP","floor":27},{"not_picked":["Turbo","Rebound"],"picked":"Capacitor","floor":30},{"not_picked":["Hyperbeam","Reinforced Body","BootSequence"],"picked":"SKIP","floor":31},{"not_picked":["Hyperbeam","Core Surge"],"picked":"Machine Learning","floor":33},{"not_picked":["Doom and Gloom+1","Fusion+1","Beam Cell"],"picked":"SKIP","floor":35},{"not_picked":["Compile Driver","Leap"],"picked":"BootSequence+1","floor":36},{"not_picked":["Thinking Ahead","Dramatic Entrance"],"picked":"The Bomb","floor":37},{"not_picked":["Stack","Compile Driver+1","Beam Cell"],"picked":"SKIP","floor":38},{"not_picked":["Steam+1","Sweeping Beam+1","Beam Cell+1"],"picked":"SKIP","floor":41},{"not_picked":["Leap","Hyperbeam","Barrage"],"picked":"SKIP","floor":45},{"not_picked":["Coolheaded+1","Ball Lightning","Reinforced Body+1"],"picked":"SKIP","floor":47},{"not_picked":["FTL","Doom and Gloom","Conserve Battery+1"],"picked":"SKIP","floor":48}],"player_experience":248930,"relics_obtained":[{"floor":5,"key":"Blood Vial"},{"floor":9,"key":"Pen Nib"},{"floor":14,"key":"Anchor"},{"floor":23,"key":"Gremlin Horn"},{"floor":26,"key":"Incense Burner"},{"floor":43,"key":"Regal Pillow"}],"event_choices":[{"damage_healed":0,"gold_gain":0,"player_choice":"Ignored","damage_taken":0,"max_hp_gain":0,"max_hp_loss":0,"event_name":"Liars Game","floor":2,"gold_loss":0},{"cards_removed":["Strike_B"],"damage_healed":0,"gold_gain":0,"player_choice":"Forget","damage_taken":0,"max_hp_gain":0,"max_hp_loss":0,"event_name":"Living Wall","floor":4,"gold_loss":0},{"damage_healed":0,"gold_gain":0,"player_choice":"Read","damage_taken":0,"max_hp_gain":0,"max_hp_loss":0,"event_name":"The Library","floor":19,"gold_loss":0,"cards_obtained":["Glacier"]},{"damage_healed":0,"gold_gain":99,"player_choice":"Stole From Cult","damage_taken":0,"max_hp_gain":0,"max_hp_loss":0,"event_name":"Nest","floor":29,"gold_loss":0},{"damage_healed":0,"gold_gain":0,"player_choice":"Memory 1","damage_taken":0,"max_hp_gain":0,"max_hp_loss":0,"event_name":"SensoryStone","floor":37,"gold_loss":0},{"damage_healed":0,"gold_gain":0,"cards_transformed":["Doom and Gloom"],"player_choice":"Transformed","damage_taken":0,"max_hp_gain":0,"max_hp_loss":0,"event_name":"Transmorgrifier","floor":46,"gold_loss":0,"cards_obtained":["Auto Shields"]}],"is_beta":false,"boss_relics":[{"not_picked":["Philosopher\u0027s Stone","Runic Dome"],"picked":"Pandora\u0027s Box"},{"not_picked":["White Beast Statue","Orrery"],"picked":"Tiny House"}],"items_purged_floors":[13,20,39],"is_endless":false,"potions_floor_spawned":[3,10,11,27,30,31,33,36,38,45,48],"killed_by":"Awakened One","ascension_level":7}