{"gold_per_floor":[111,33,44,44,54,54,83,96,96,96,114,189,223,243,243,343,343,361,371,383,21,21,21,55,55,78,78,28,46,62,87,87,191,191,203,15,28,28,46,46],"floor_reached":40,"playtime":4018,"items_purged":[],"score":743,"play_id":"788a9e25-7f17-4164-ba85-bffff19931e8","local_time":"20190817174717","is_ascension_mode":true,"campfire_choices":[{"data":"Defragment","floor":6.0,"key":"SMITH"},{"data":"Creative AI","floor":10.0,"key":"SMITH"},{"floor":15.0,"key":"REST"},{"data":"Rainbow","floor":23,"key":"SMITH"},{"data":"Skim","floor":25,"key":"SMITH"},{"data":"Barrage","floor":27,"key":"SMITH"},{"data":"Streamline","floor":32,"key":"SMITH"}],"neow_cost":"NONE","seed_source_timestamp":0,"circlet_count":0,"master_deck":["AscendersBane","Strike_B","Strike_B+1","Strike_B","Strike_B","Defend_B","Defend_B","Defend_B","Defend_B","Zap+1","Dualcast","Leap+1","Defragment+1","Glacier","Parasite","Steam+1","Core Surge","Chill","Compile Driver+1","Creative AI+1","Cold Snap","Conserve Battery","Sweeping Beam","Core Surge","Skim+1","Ball Lightning+1","Rainbow+1","Apotheosis","Barrage+1","Streamline+1","Electrodynamics","Consume+1","Meteor Strike","Blizzard+1","Storm","Storm","Self Repair","Stack"],"special_seed":0,"relics":["Cracked Core","Potion Belt","Whetstone","Pantograph","Snecko Eye","Membership Card","Lantern","Bag of Preparation","Vajra","Question Card","Nuclear Battery","Art of War","War Paint"],"potions_floor_usage":[24,24,30,33,39,40],"damage_taken":[{"damage":0.0,"enemies":"2 Louse","floor":1.0,"turns":1.0},{"damage":0.0,"enemies":"Cultist","floor":3.0,"turns":3.0},{"damage":0.0,"enemies":"Small Slimes","floor":5.0,"turns":2.0},{"damage":8.0,"enemies":"Gremlin Nob","floor":7.0,"turns":9.0},{"damage":0.0,"enemies":"2 Fungi Beasts","floor":8.0,"turns":4.0},{"damage":10.0,"enemies":"Lots of Slimes","floor":11.0,"turns":4.0},{"damage":5.0,"enemies":"Lagavulin","floor":13.0,"turns":7.0},{"damage":0.0,"enemies":"Exordium Wildlife","floor":14.0,"turns":4.0},{"damage":2.0,"enemies":"The Guardian","floor":16.0,"turns":12.0},{"damage":7,"enemies":"Chosen","floor":18,"turns":7},{"damage":4,"enemies":"Spheric Guardian","floor":19,"turns":7},{"damage":0,"enemies":"Snecko","floor":20,"turns":5},{"damage":20,"enemies":"Slavers","floor":24,"turns":7},{"damage":0,"enemies":"Shelled Parasite and Fungi","floor":29,"turns":4},{"damage":8,"enemies":"Centurion and Healer","floor":30,"turns":6},{"damage":0,"enemies":"Gremlin Leader","floor":31,"turns":7},{"damage":30,"enemies":"Automaton","floor":33,"turns":10},{"damage":9,"enemies":"Orb Walker","floor":35,"turns":3},{"damage":14,"enemies":"3 Darklings","floor":37,"turns":3},{"damage":5,"enemies":"Sphere and 2 Shapes","floor":39,"turns":4},{"damage":57,"enemies":"Giant Head","floor":40,"turns":7}],"seed_played":"-8037009796272372934","potions_obtained":[{"floor":3.0,"key":"Dexterity Potion"},{"floor":5.0,"key":"Ancient Potion"},{"floor":8.0,"key":"SteroidPotion"},{"floor":14.0,"key":"Ancient Potion"},{"floor":20,"key":"EssenceOfSteel"},{"floor":24,"key":"GamblersBrew"},{"floor":33,"key":"Fruit Juice"},{"floor":37,"key":"PowerPotion"},{"floor":39,"key":"Fruit Juice"}],"is_trial":false,"path_per_floor":["M","$","M","?","M","R","E","M","T","R","M","?","E","M","R","B",null,"M","M","M","$","?","R","E","R","T","R","?","M","M","E","R","B",null,"M","$","M","?","M","E"],"character_chosen":"DEFECT","items_purchased":["Defragment","Membership Card","Lantern","Apotheosis","Storm","Art of War","War Paint"],"campfire_rested":1,"item_purchase_floors":[2,21,21,21,36,36,36],"current_hp_per_floor":[68,68,68,68,68,68,60,60,60,60,50,39,34,34,56,73,75,68,64,64,64,64,64,44,44,44,44,44,44,36,36,36,36,69,60,60,46,46,53,0],"gold":46,"neow_bonus":"UPGRADE_CARD","is_prod":false,"is_daily":false,"chose_seed":false,"campfire_upgraded":6,"win_rate":0,"timestamp":1566078437,"path_taken":["M","$","M","?","?","R","E","?","T","R","M","?","E","M","R","BOSS","M","M","M","$","?","R","E","R","T","R","?","?","M","E","R","BOSS","M","$","M","?","M","E"],"build_version":"2019-07-17","purchased_purges":0,"victory":false,"max_hp_per_floor":[75,75,75,75,75,75,75,75,75,75,75,75,75,75,75,75,75,75,75,75,75,75,75,75,75,75,75,75,75,75,75,75,80,80,80,80,80,80,85,85],"card_choices":[{"not_picked":["Streamline","White Noise"],"picked":"Leap","floor":1.0},{"not_picked":["Auto Shields","Streamline"],"picked":"Glacier","floor":3.0},{"not_picked":["Go for the Eyes","Barrage"],"picked":"Chill","floor":5.0},{"not_picked":["Streamline","Gash"],"picked":"Compile Driver","floor":7.0},{"not_picked":["Hologram","Auto Shields"],"picked":"Creative AI","floor":8.0},{"not_picked":["Barrage","Compile Driver"],"picked":"Cold Snap","floor":11.0},{"not_picked":["Go for the Eyes","Rebound"],"picked":"Conserve Battery","floor":13.0},{"not_picked":["Conserve Battery","Creative AI"],"picked":"Sweeping Beam","floor":14.0},{"not_picked":["Creative AI","Hyperbeam"],"picked":"Core Surge","floor":16.0},{"not_picked":["Compile Driver","Steam+1"],"picked":"Skim","floor":18},{"not_picked":["Blizzard","Melter"],"picked":"Ball Lightning+1","floor":19},{"not_picked":["Beam Cell","Turbo"],"picked":"Rainbow","floor":20},{"not_picked":["BootSequence","Redo"],"picked":"Barrage","floor":24},{"not_picked":["Steam Power","Steam+1"],"picked":"Streamline","floor":29},{"not_picked":["Go for the Eyes","Coolheaded"],"picked":"Electrodynamics","floor":30},{"not_picked":["Ball Lightning","Redo"],"picked":"Consume+1","floor":31},{"not_picked":["Creative AI","All For One","Core Surge"],"picked":"Meteor Strike","floor":33},{"not_picked":["Ball Lightning+1","Stack+1","Rebound+1"],"picked":"Blizzard+1","floor":35},{"not_picked":["Chill+1","Go for the Eyes+1","FTL"],"picked":"Storm","floor":37},{"not_picked":["Coolheaded+1","Go for the Eyes+1","Gash+1"],"picked":"Stack","floor":39}],"player_experience":412924,"relics_obtained":[{"floor":7.0,"key":"Potion Belt"},{"floor":9.0,"key":"Whetstone"},{"floor":13.0,"key":"Pantograph"},{"floor":24,"key":"Bag of Preparation"},{"floor":26,"key":"Vajra"},{"floor":31,"key":"Question Card"}],"event_choices":[{"damage_healed":0.0,"max_hp_gain":0.0,"max_hp_loss":0.0,"gold_gain":0.0,"event_name":"Match and Keep!","player_choice":"3 cards matched","floor":4.0,"gold_loss":0.0,"damage_taken":0.0,"cards_obtained":["Parasite","Steam","Core Surge"]},{"damage_healed":0.0,"max_hp_gain":0.0,"max_hp_loss":0.0,"gold_gain":75.0,"event_name":"World of Goop","player_choice":"Gather Gold","floor":12.0,"gold_loss":0.0,"damage_taken":11.0},{"damage_healed":0,"gold_gain":0,"player_choice":"Ignored","damage_taken":0,"max_hp_gain":0,"max_hp_loss":0,"event_name":"Ghosts","floor":22,"gold_loss":0},{"damage_healed":0,"gold_gain":0,"player_choice":"Bet on Murderer","damage_taken":0,"max_hp_gain":0,"max_hp_loss":0,"event_name":"The Joust","floor":28,"gold_loss":50},{"damage_healed":0,"gold_gain":0,"player_choice":"1 cards matched","damage_taken":0,"max_hp_gain":0,"max_hp_loss":0,"event_name":"Match and Keep!","floor":38,"gold_loss":0,"cards_obtained":["Self Repair"]}],"is_beta":false,"boss_relics":[{"not_picked":["Velvet Choker","Sozu"],"picked":"Snecko Eye"},{"not_picked":["Calling Bell","White Beast Statue"],"picked":"Nuclear Battery"}],"items_purged_floors":[],"is_endless":false,"potions_floor_spawned":[3,5,8,14,20,24,33,37,39],"killed_by":"Giant Head","ascension_level":11}