{"gold_per_floor":[110,123,24,37,49,49,69,69,69,100,150,150,150,115,115,192,192,209,227,227,260,260,260,270,283,283,312,227,237,237,251,251,323,323,335,335,335,75,75,75,104,104,104,115,39,51,51,51,51,51],"floor_reached":51,"playtime":3733,"items_purged":["Defend_B","Defend_B"],"score":1227,"play_id":"e769e179-0eda-4234-93c3-b654041967a4","local_time":"20190820010014","is_ascension_mode":true,"campfire_choices":[{"data":"Zap","floor":6.0,"key":"SMITH"},{"data":"Defragment","floor":13.0,"key":"SMITH"},{"data":"Hologram","floor":15.0,"key":"SMITH"},{"data":"Barrage","floor":23.0,"key":"SMITH"},{"data":"Dualcast","floor":30.0,"key":"SMITH"},{"floor":32.0,"key":"REST"},{"data":"Leap","floor":40,"key":"SMITH"},{"data":"Coolheaded","floor":42,"key":"SMITH"},{"data":"Glacier","floor":47,"key":"SMITH"},{"data":"Go for the Eyes","floor":49,"key":"SMITH"}],"neow_cost":"NONE","seed_source_timestamp":0,"circlet_count":0,"master_deck":["AscendersBane","Defend_B","Zap+1","Dualcast+1","Gash","Defragment+1","Hologram+1","Gash","Leap+1","Chill","Barrage+1","Undo","Echo Form+1","Electrodynamics+1","Ghostly","Ghostly","Ghostly","Coolheaded+1","Cold Snap","Gash","Go for the Eyes+1","Gash+1","Buffer+1","Madness","Flash of Steel","Self Repair+1","Parasite","Glacier+1"],"special_seed":0,"relics":["Cracked Core","Frozen Egg 2","Dodecahedron","Juzu Bracelet","Inserter","Red Mask","Question Card","Gremlin Horn","Matryoshka","Empty Cage","Orichalcum","Darkstone Periapt","Vajra","Ornamental Fan"],"potions_floor_usage":[50,50],"damage_taken":[{"damage":7.0,"enemies":"Jaw Worm","floor":1.0,"turns":3.0},{"damage":2.0,"enemies":"2 Louse","floor":2.0,"turns":2.0},{"damage":1.0,"enemies":"Cultist","floor":4.0,"turns":3.0},{"damage":17.0,"enemies":"3 Louse","floor":5.0,"turns":3.0},{"damage":0.0,"enemies":"Large Slime","floor":7.0,"turns":6.0},{"damage":19.0,"enemies":"Lagavulin","floor":10.0,"turns":8.0},{"damage":20.0,"enemies":"Hexaghost","floor":16.0,"turns":8.0},{"damage":26.0,"enemies":"2 Thieves","floor":18.0,"turns":5.0},{"damage":14.0,"enemies":"Chosen","floor":19.0,"turns":5.0},{"damage":0.0,"enemies":"Masked Bandits","floor":21.0,"turns":3.0},{"damage":0.0,"enemies":"Snake Plant","floor":24.0,"turns":5.0},{"damage":3.0,"enemies":"3 Cultists","floor":25.0,"turns":3.0},{"damage":3.0,"enemies":"Gremlin Leader","floor":27.0,"turns":6.0},{"damage":0.0,"enemies":"Sentry and Sphere","floor":29.0,"turns":3.0},{"damage":4.0,"enemies":"Shelled Parasite and Fungi","floor":31.0,"turns":5.0},{"damage":3,"enemies":"Collector","floor":33,"turns":8},{"damage":1,"enemies":"3 Darklings","floor":35,"turns":5},{"damage":0,"enemies":"Reptomancer","floor":41,"turns":7},{"damage":0,"enemies":"3 Shapes","floor":44,"turns":6},{"damage":0,"enemies":"Writhing Mass","floor":46,"turns":8},{"damage":46,"enemies":"Donu and Deca","floor":50,"turns":11}],"seed_played":"2316699127791271287","potions_obtained":[{"floor":2.0,"key":"FocusPotion"},{"floor":10.0,"key":"Fruit Juice"},{"floor":19.0,"key":"Swift Potion"},{"floor":21.0,"key":"Swift Potion"},{"floor":31.0,"key":"Fire Potion"},{"floor":33,"key":"Regen Potion"},{"floor":41,"key":"LiquidBronze"}],"is_trial":false,"path_per_floor":["M","M","$","M","M","R","M","?","T","E","T","?","R","?","R","B",null,"M","M","?","?","?","R","M","M","T","E","?","M","R","M","R","B",null,"M","?","?","$","?","R","E","R","T","M","$","M","R","?","R","B",null],"character_chosen":"DEFECT","items_purchased":["Hologram","Orichalcum","Self Repair+1"],"campfire_rested":1,"item_purchase_floors":[3,38,45],"current_hp_per_floor":[57,55,55,54,37,37,37,37,37,23,23,23,23,42,42,22,63,37,23,23,23,23,23,23,20,20,17,17,17,17,13,24,21,34,33,26,26,26,26,26,26,26,26,26,26,42,42,42,42,21],"gold":51,"neow_bonus":"REMOVE_CARD","is_prod":false,"is_daily":false,"chose_seed":false,"campfire_upgraded":9,"win_rate":0,"timestamp":1566230414,"path_taken":["M","M","$","M","M","R","M","?","T","E","?","?","R","?","R","BOSS","M","M","?","?","?","R","M","M","T","E","?","M","R","M","R","BOSS","M","?","?","$","?","R","E","R","T","M","?","M","R","?","R","BOSS"],"build_version":"2019-07-17","purchased_purges":2,"victory":true,"max_hp_per_floor":[71,71,71,71,71,71,71,71,71,76,76,76,76,76,76,76,76,76,76,38,38,38,38,38,38,38,38,38,38,38,38,38,38,38,38,38,38,38,38,38,38,38,38,38,38,44,44,44,44,44],"card_choices":[{"not_picked":["Ball Lightning","Loop"],"picked":"Gash","floor":1.0},{"not_picked":["Darkness","Turbo"],"picked":"Defragment","floor":2.0},{"not_picked":["Barrage","Sweeping Beam"],"picked":"Gash","floor":4.0},{"not_picked":["Compile Driver","Turbo"],"picked":"Leap","floor":5.0},{"not_picked":["Chaos","Auto Shields"],"picked":"Chill","floor":7.0},{"not_picked":["Compile Driver","Conserve Battery"],"picked":"Barrage","floor":10.0},{"not_picked":["Amplify","Core Surge"],"picked":"Echo Form+1","floor":16.0},{"not_picked":["Steam","Stack","Chaos+1"],"picked":"SKIP","floor":18.0},{"not_picked":["Stack+1","Undo"],"picked":"Electrodynamics+1","floor":19.0},{"not_picked":["Redo","Compile Driver"],"picked":"Coolheaded","floor":21.0},{"not_picked":["Rebound","Ball Lightning","Skim"],"picked":"SKIP","floor":24.0},{"not_picked":["Rebound","Ball Lightning","Skim"],"picked":"SKIP","floor":24.0},{"not_picked":["Tempest+1","Steam"],"picked":"Cold Snap","floor":25.0},{"not_picked":["Doom and Gloom+1","Steam","Cold Snap"],"picked":"Gash","floor":27.0},{"not_picked":["Aggregate","Turbo","Streamline"],"picked":"Go for the Eyes","floor":29.0},{"not_picked":["Static Discharge+1","Redo+1","Lockon+1"],"picked":"Gash+1","floor":31.0},{"not_picked":["Fission","Echo Form+1","Hyperbeam"],"picked":"Buffer+1","floor":33},{"not_picked":["Conserve Battery+1","Ball Lightning+1","Coolheaded+1","Turbo"],"picked":"SKIP","floor":35},{"not_picked":["Discovery","Swift Strike","Purity"],"picked":"Flash of Steel","floor":39},{"not_picked":["Turbo","Hologram+1","Hyperbeam","Skim+1"],"picked":"SKIP","floor":41},{"not_picked":["Genetic Algorithm+1","Rip and Tear","Barrage","Stack"],"picked":"SKIP","floor":44},{"not_picked":["Compile Driver","Turbo","Rebound"],"picked":"Glacier","floor":46}],"player_experience":510898,"relics_obtained":[{"floor":9.0,"key":"Frozen Egg 2"},{"floor":10.0,"key":"Dodecahedron"},{"floor":11.0,"key":"Juzu Bracelet"},{"floor":21.0,"key":"Red Mask"},{"floor":26.0,"key":"Question Card"},{"floor":27.0,"key":"Gremlin Horn"},{"floor":41,"key":"Darkstone Periapt"},{"floor":43,"key":"Vajra"},{"floor":43,"key":"Ornamental Fan"}],"event_choices":[{"damage_healed":0.0,"max_hp_gain":0.0,"max_hp_loss":0.0,"gold_gain":0.0,"event_name":"Golden Idol","player_choice":"Ignored","floor":8.0,"gold_loss":0.0,"damage_taken":0.0},{"damage_healed":0.0,"max_hp_gain":0.0,"max_hp_loss":0.0,"gold_gain":0.0,"cards_transformed":["Strike_B"],"event_name":"Transmorgrifier","player_choice":"Transformed","floor":12.0,"gold_loss":0.0,"damage_taken":0.0,"cards_obtained":["Undo"]},{"damage_healed":19.0,"max_hp_gain":0.0,"max_hp_loss":0.0,"gold_gain":0.0,"event_name":"The Cleric","player_choice":"Healed","floor":14.0,"gold_loss":35.0,"damage_taken":0.0},{"damage_healed":0.0,"max_hp_gain":0.0,"max_hp_loss":38.0,"gold_gain":0.0,"event_name":"Ghosts","player_choice":"Became a Ghost","floor":20.0,"gold_loss":0.0,"damage_taken":0.0,"cards_obtained":["Ghostly","Ghostly","Ghostly"]},{"damage_healed":0.0,"max_hp_gain":0.0,"max_hp_loss":0.0,"gold_gain":0.0,"event_name":"Masked Bandits","player_choice":"Fought Bandits","floor":21.0,"gold_loss":0.0,"damage_taken":0.0},{"damage_healed":0.0,"max_hp_gain":0.0,"max_hp_loss":0.0,"gold_gain":0.0,"event_name":"Vampires","player_choice":"Ignored","floor":22.0,"gold_loss":0.0,"damage_taken":0.0},{"damage_healed":0.0,"max_hp_gain":0.0,"max_hp_loss":0.0,"gold_gain":0.0,"event_name":"Addict","player_choice":"Obtained Relic","floor":28.0,"gold_loss":85.0,"damage_taken":0.0,"relics_obtained":["Matryoshka"]},{"damage_healed":0,"gold_gain":0,"player_choice":"Embrace Madness","damage_taken":7,"max_hp_gain":0,"max_hp_loss":0,"event_name":"Winding Halls","floor":36,"gold_loss":0,"cards_obtained":["Madness","Madness"]},{"cards_removed":["Madness"],"damage_healed":0,"gold_gain":0,"player_choice":"Removed Skill","damage_taken":0,"max_hp_gain":0,"max_hp_loss":0,"event_name":"Falling","floor":37,"gold_loss":0},{"damage_healed":0,"gold_gain":0,"player_choice":"Memory 1","damage_taken":0,"max_hp_gain":0,"max_hp_loss":0,"event_name":"SensoryStone","floor":39,"gold_loss":0},{"cards_removed":["Defend_B"],"damage_healed":0,"gold_gain":0,"player_choice":"Offered Basic","damage_taken":0,"max_hp_gain":0,"max_hp_loss":0,"event_name":"Bonfire Elementals","floor":48,"gold_loss":0}],"is_beta":false,"boss_relics":[{"not_picked":["Astrolabe","Busted Crown"],"picked":"Inserter"},{"not_picked":["FrozenCore","Coffee Dripper"],"picked":"Empty Cage"}],"items_purged_floors":[3,38],"is_endless":false,"potions_floor_spawned":[2,10,19,21,31,33,41],"ascension_level":16}