{"gold_per_floor":[368,443,38,57,57,89,89,89,89,104,123,123,136,148,148,247,247,258,258,24,38,58,58],"floor_reached":23,"playtime":1828,"items_purged":[],"score":193,"play_id":"fe57a99f-a567-4499-8f9f-baaa1c7e8bbd","local_time":"20190822185343","is_ascension_mode":false,"campfire_choices":[{"floor":7,"key":"RECALL"},{"floor":12,"key":"REST"},{"floor":15,"key":"REST"}],"neow_cost":"TEN_PERCENT_HP_LOSS","seed_source_timestamp":0,"circlet_count":0,"master_deck":["Strike_B","Strike_B+1","Strike_B","Strike_B","Defend_B","Defend_B","Defend_B+1","Defend_B","Zap","Dualcast","Turbo","Stack","Self Repair","Go for the Eyes","Coolheaded","Leap","Aggregate","Conserve Battery","Leap","Redo","Creative AI","Steam","All For One","Discovery","Glacier","Go for the Eyes+1"],"special_seed":0,"relics":["Cracked Core","Symbiotic Virus","Lantern","Snecko Eye","Cables"],"potions_floor_usage":[16,16,16,22],"damage_taken":[{"damage":0,"enemies":"Small Slimes","floor":1,"turns":3},{"damage":11,"enemies":"Jaw Worm","floor":4,"turns":3},{"damage":37,"enemies":"3 Sentries","floor":6,"turns":9},{"damage":0,"enemies":"Cultist","floor":10,"turns":4},{"damage":0,"enemies":"Large Slime","floor":11,"turns":6},{"damage":11,"enemies":"2 Fungi Beasts","floor":13,"turns":5},{"damage":0,"enemies":"3 Louse","floor":14,"turns":4},{"damage":23,"enemies":"Hexaghost","floor":16,"turns":14},{"damage":18,"enemies":"Chosen","floor":18,"turns":5},{"damage":11,"enemies":"2 Thieves","floor":21,"turns":3},{"damage":20,"enemies":"Shelled Parasite and Fungi","floor":22,"turns":8},{"damage":41,"enemies":"Book of Stabbing","floor":23,"turns":8}],"seed_played":"3377273132278093326","potions_obtained":[{"floor":10,"key":"Energy Potion"},{"floor":13,"key":"Regen Potion"},{"floor":14,"key":"FocusPotion"},{"floor":21,"key":"Poison Potion"}],"is_trial":false,"path_per_floor":["M","?","$","M","?","E","R","?","T","M","M","R","M","M","R","B",null,"M","?","$","M","M","E"],"character_chosen":"DEFECT","items_purchased":["Symbiotic Virus","Stack","Self Repair","Go for the Eyes","All For One","Discovery"],"campfire_rested":2,"item_purchase_floors":[3,3,3,3,20,20],"current_hp_per_floor":[68,57,57,53,53,23,23,9,9,16,23,43,39,46,66,62,68,57,57,57,53,40,0],"gold":58,"neow_bonus":"TWO_FIFTY_GOLD","is_prod":false,"is_daily":false,"chose_seed":false,"campfire_upgraded":0,"win_rate":0,"timestamp":1566514423,"path_taken":["M","?","$","M","?","E","R","?","T","M","?","R","M","M","R","BOSS","M","?","$","M","M","E"],"build_version":"2019-07-17","purchased_purges":0,"victory":false,"max_hp_per_floor":[68,68,68,68,68,68,68,68,68,68,68,68,68,68,68,68,68,68,68,68,68,68,68],"card_choices":[{"not_picked":["Redo","Sweeping Beam"],"picked":"Turbo","floor":1},{"not_picked":["Lockon","Cold Snap"],"picked":"Coolheaded","floor":4},{"not_picked":["Meteor Strike","Rebound"],"picked":"Leap","floor":6},{"not_picked":["Cold Snap","Static Discharge"],"picked":"Aggregate","floor":10},{"not_picked":["Stack","Storm"],"picked":"Conserve Battery","floor":11},{"not_picked":["Ball Lightning","Aggregate"],"picked":"Leap","floor":13},{"not_picked":["Glacier","Turbo"],"picked":"Redo","floor":14},{"not_picked":["Rainbow","All For One"],"picked":"Creative AI","floor":16},{"not_picked":["Redo","Leap"],"picked":"Steam","floor":18},{"not_picked":["Turbo","Leap+1"],"picked":"Glacier","floor":21},{"not_picked":["Redo","Beam Cell"],"picked":"Go for the Eyes+1","floor":22}],"player_experience":80969,"relics_obtained":[{"floor":6,"key":"Lantern"},{"floor":19,"key":"Cables"}],"event_choices":[{"damage_healed":0,"gold_gain":75,"player_choice":"Gather Gold","damage_taken":11,"max_hp_gain":0,"max_hp_loss":0,"event_name":"World of Goop","floor":2,"gold_loss":0},{"damage_healed":0,"gold_gain":0,"player_choice":"Ignored","damage_taken":0,"max_hp_gain":0,"max_hp_loss":0,"event_name":"Liars Game","floor":5,"gold_loss":0},{"damage_healed":0,"gold_gain":0,"player_choice":"Entered Light","damage_taken":14,"max_hp_gain":0,"max_hp_loss":0,"event_name":"Shining Light","floor":8,"gold_loss":0,"cards_upgraded":["Strike_B","Defend_B"]},{"damage_healed":0,"gold_gain":0,"player_choice":"Relic","damage_taken":0,"max_hp_gain":0,"max_hp_loss":0,"event_name":"Wheel of Change","floor":19,"gold_loss":0}],"is_beta":false,"boss_relics":[{"not_picked":["Empty Cage","Philosopher\u0027s Stone"],"picked":"Snecko Eye"}],"items_purged_floors":[],"is_endless":false,"potions_floor_spawned":[10,13,14,21],"killed_by":"Book of Stabbing","ascension_level":0}