{"gold_per_floor":[117,117,34,52,52,96,120,143,170,21,55,80,80,103,103,192,192,192,107,62,62,62,62,62,62,62,62,62,62,8,8,8,8],"floor_reached":33,"playtime":1835,"items_purged":[],"score":531,"play_id":"04359791-14a8-4ea9-bd32-d1a768b9099e","local_time":"20190826020945","is_ascension_mode":true,"campfire_choices":[{"data":"True Grit","floor":13,"key":"SMITH"},{"data":"Flame Barrier","floor":15,"key":"SMITH"},{"data":"Uppercut","floor":23,"key":"SMITH"},{"data":"Armaments","floor":25,"key":"SMITH"},{"data":"Perfected Strike","floor":28,"key":"SMITH"},{"floor":32,"key":"REST"}],"neow_cost":"NONE","seed_source_timestamp":726183232057238,"circlet_count":0,"master_deck":["AscendersBane","Strike_R","Strike_R","Strike_R","Strike_R","Strike_R","Defend_R","Defend_R","Defend_R","Bash","Perfected Strike+1","Ghostly Armor","Thunderclap","Flame Barrier+1","Immolate","Perfected Strike","True Grit+1","Uppercut+1","Pummel","Armaments+1","Shrug It Off","Reaper","Iron Wave","Perfected Strike","Shrug It Off","Reaper","Armaments+1","Body Slam","Bloodletting+1"],"relics":["Burning Blood","NeowsBlessing","Golden Idol","Singing Bowl","Blue Candle","Vajra","Ornamental Fan","Ectoplasm","MawBank","Bronze Scales","Matryoshka","Self Forming Clay"],"potions_floor_usage":[16,16,20,22,31],"damage_taken":[{"damage":0,"enemies":"Jaw Worm","floor":1,"turns":1},{"damage":0,"enemies":"Cultist","floor":4,"turns":1},{"damage":0,"enemies":"Lagavulin","floor":6,"turns":1},{"damage":1,"enemies":"2 Louse","floor":7,"turns":2},{"damage":12,"enemies":"Looter","floor":8,"turns":3},{"damage":29,"enemies":"Gremlin Nob","floor":11,"turns":4},{"damage":0,"enemies":"Gremlin Gang","floor":12,"turns":4},{"damage":0,"enemies":"Large Slime","floor":14,"turns":3},{"damage":58,"enemies":"Hexaghost","floor":16,"turns":14},{"damage":10,"enemies":"Shell Parasite","floor":18,"turns":5},{"damage":1,"enemies":"2 Thieves","floor":20,"turns":3},{"damage":13,"enemies":"Sentry and Sphere","floor":22,"turns":7},{"damage":49,"enemies":"Gremlin Leader","floor":24,"turns":8},{"damage":31,"enemies":"Slavers","floor":27,"turns":4},{"damage":0,"enemies":"Cultist and Chosen","floor":29,"turns":5},{"damage":0,"enemies":"Snecko","floor":31,"turns":3},{"damage":78,"enemies":"Automaton","floor":33,"turns":10}],"seed_played":"2516208657587047436","potions_obtained":[{"floor":4,"key":"AttackPotion"},{"floor":12,"key":"GamblersBrew"},{"floor":16,"key":"AttackPotion"},{"floor":18,"key":"SkillPotion"},{"floor":22,"key":"GamblersBrew"},{"floor":31,"key":"FearPotion"}],"is_trial":false,"path_per_floor":["M","?","$","M","T","E","M","M","T","$","E","M","R","M","R","B",null,"M","?","M","?","M","R","E","R","T","E","R","M","$","M","R","B"],"character_chosen":"IRONCLAD","items_purchased":["Ghostly Armor","Thunderclap","Uppercut","Pummel","Body Slam"],"campfire_rested":1,"item_purchase_floors":[3,3,10,10,30],"current_hp_per_floor":[78,58,58,64,64,70,75,69,69,69,46,52,52,60,60,8,64,60,60,67,67,60,60,32,32,32,22,22,31,31,37,62,0],"gold":8,"neow_bonus":"THREE_ENEMY_KILL","is_prod":false,"is_daily":false,"chose_seed":false,"campfire_upgraded":5,"win_rate":0,"timestamp":1566799785,"path_taken":["M","?","$","M","?","E","?","M","T","$","E","M","R","M","R","BOSS","M","?","M","?","M","R","E","R","T","E","R","?","$","M","R","BOSS"],"build_version":"2019-07-17","purchased_purges":0,"victory":false,"max_hp_per_floor":[80,80,80,80,80,80,80,80,80,80,80,80,80,82,82,82,82,82,82,84,84,84,84,84,84,84,84,84,84,84,84,84,84],"card_choices":[{"not_picked":["Armaments","Anger"],"picked":"Perfected Strike","floor":1},{"not_picked":["Armaments","Cleave"],"picked":"Flame Barrier","floor":4},{"not_picked":["Flex","Armaments"],"picked":"Immolate","floor":6},{"not_picked":["Body Slam","Fire Breathing"],"picked":"Perfected Strike","floor":7},{"not_picked":["Body Slam","Flex"],"picked":"True Grit","floor":8},{"not_picked":["Rupture","Thunderclap"],"picked":"Armaments","floor":11},{"not_picked":["Havoc","Dropkick"],"picked":"Shrug It Off","floor":12},{"not_picked":["Pummel","Rupture","Warcry"],"picked":"Singing Bowl","floor":14},{"not_picked":["Offering","Limit Break"],"picked":"Reaper","floor":16},{"not_picked":["Clash","Blood for Blood"],"picked":"Iron Wave","floor":18},{"not_picked":["Dual Wield","Armaments","True Grit"],"picked":"Singing Bowl","floor":20},{"not_picked":["Headbutt","Sword Boomerang"],"picked":"Perfected Strike","floor":22},{"not_picked":["Barricade","Clash"],"picked":"Shrug It Off","floor":24},{"not_picked":["True Grit","Exhume"],"picked":"Reaper","floor":27},{"not_picked":["Shrug It Off","Rampage"],"picked":"Armaments+1","floor":29},{"not_picked":["Pommel Strike","Ghostly Armor"],"picked":"Bloodletting+1","floor":31}],"player_experience":497377,"relics_obtained":[{"floor":5,"key":"Singing Bowl"},{"floor":6,"key":"Blue Candle"},{"floor":9,"key":"Vajra"},{"floor":11,"key":"Ornamental Fan"},{"floor":24,"key":"Bronze Scales"},{"floor":26,"key":"Matryoshka"},{"floor":27,"key":"Self Forming Clay"}],"event_choices":[{"damage_healed":0,"gold_gain":0,"player_choice":"Take Damage","damage_taken":20,"relics_obtained":["Golden Idol"],"max_hp_gain":0,"max_hp_loss":0,"event_name":"Golden Idol","floor":2,"gold_loss":0},{"damage_healed":0,"gold_gain":0,"player_choice":"Obtained Relic","damage_taken":0,"relics_obtained":["MawBank"],"max_hp_gain":0,"max_hp_loss":0,"event_name":"Addict","floor":19,"gold_loss":85},{"cards_removed":["Defend_R"],"damage_healed":0,"gold_gain":0,"player_choice":"Offered Basic","damage_taken":0,"max_hp_gain":0,"max_hp_loss":0,"event_name":"Bonfire Elementals","floor":21,"gold_loss":0}],"is_beta":false,"boss_relics":[{"not_picked":["Fusion Hammer","Pandora\u0027s Box"],"picked":"Ectoplasm"}],"items_purged_floors":[],"is_endless":false,"potions_floor_spawned":[4,12,16,18,22,31],"killed_by":"Automaton","ascension_level":13}