{"gold_per_floor":[112,112,112,125,148,148,160,177,200,200,215,231,248,260,260,260],"floor_reached":16,"playtime":686,"items_purged":[],"score":187,"play_id":"425f2c1e-0f68-477f-8a0c-d1cf509ddb90","local_time":"20190821161220","is_ascension_mode":true,"campfire_choices":[{"data":"Zap","floor":6,"key":"SMITH"},{"data":"Barrage","floor":10,"key":"SMITH"},{"floor":15,"key":"REST"}],"neow_cost":"NONE","seed_source_timestamp":1732415293766510,"circlet_count":0,"master_deck":["AscendersBane","Strike_B","Strike_B+1","Strike_B","Strike_B","Defend_B","Defend_B+1","Defend_B","Defend_B","Zap+1","Dualcast","Ball Lightning","Barrage+1","Cold Snap","Gash","Capacitor","Coolheaded"],"relics":["Cracked Core","Orichalcum","Art of War","Boot"],"potions_floor_usage":[16,16],"damage_taken":[{"damage":7,"enemies":"2 Louse","floor":1,"turns":3},{"damage":6,"enemies":"Jaw Worm","floor":4,"turns":2},{"damage":0,"enemies":"Cultist","floor":7,"turns":3},{"damage":6,"enemies":"Gremlin Gang","floor":8,"turns":4},{"damage":5,"enemies":"Large Slime","floor":11,"turns":3},{"damage":0,"enemies":"Looter","floor":12,"turns":2},{"damage":4,"enemies":"Red Slaver","floor":13,"turns":2},{"damage":2,"enemies":"Exordium Wildlife","floor":14,"turns":3},{"damage":38,"enemies":"Slime Boss","floor":16,"turns":7}],"seed_played":"-5107717053837857836","potions_obtained":[{"floor":1,"key":"Weak Potion"},{"floor":11,"key":"Weak Potion"},{"floor":12,"key":"Block Potion"}],"is_trial":false,"path_per_floor":["M","?","?","M","T","R","M","M","T","R","M","M","M","M","R","B"],"character_chosen":"DEFECT","items_purchased":[],"campfire_rested":1,"item_purchase_floors":[],"current_hp_per_floor":[57,62,39,33,33,33,33,27,27,27,22,22,18,16,38,0],"gold":260,"neow_bonus":"RANDOM_COMMON_RELIC","is_prod":false,"is_daily":false,"chose_seed":false,"campfire_upgraded":2,"win_rate":0,"timestamp":1566371540,"path_taken":["M","?","?","?","?","R","M","M","T","R","M","?","M","M","R","BOSS"],"build_version":"2019-07-17","purchased_purges":0,"victory":false,"max_hp_per_floor":[71,76,76,76,76,76,76,76,76,76,76,76,76,76,76,76],"card_choices":[{"not_picked":["Steam Power","Go for the Eyes"],"picked":"Ball Lightning","floor":1},{"not_picked":["Turbo","Stack","Compile Driver"],"picked":"SKIP","floor":4},{"not_picked":["Undo","Beam Cell"],"picked":"Barrage","floor":7},{"not_picked":["Leap","Compile Driver"],"picked":"Cold Snap","floor":8},{"not_picked":["Go for the Eyes","Leap"],"picked":"Gash","floor":11},{"not_picked":["Steam","Fission","Reprogram"],"picked":"SKIP","floor":12},{"not_picked":["Conserve Battery","Chaos"],"picked":"Capacitor","floor":13},{"not_picked":["Genetic Algorithm","Hologram"],"picked":"Coolheaded","floor":14}],"player_experience":527149,"relics_obtained":[{"floor":5,"key":"Art of War"},{"floor":9,"key":"Boot"}],"event_choices":[{"damage_healed":0,"gold_gain":0,"player_choice":"Donut","damage_taken":0,"max_hp_gain":5,"max_hp_loss":0,"event_name":"Big Fish","floor":2,"gold_loss":0},{"damage_healed":0,"gold_gain":0,"player_choice":"Entered Light","damage_taken":23,"max_hp_gain":0,"max_hp_loss":0,"event_name":"Shining Light","floor":3,"gold_loss":0,"cards_upgraded":["Defend_B","Strike_B"]}],"is_beta":false,"boss_relics":[],"items_purged_floors":[],"is_endless":false,"potions_floor_spawned":[1,11,12],"killed_by":"Slime Boss","ascension_level":19}