{"gold_per_floor":[111,128,146,146,30,43,60,90,114,134,134,51,51,16,16,116,116,133,133,146,245,15,15],"floor_reached":23,"playtime":940,"items_purged":["Decay"],"score":191,"play_id":"89f8f893-f5b1-46ec-b2f4-149660fa93b4","local_time":"20190821170159","is_ascension_mode":false,"campfire_choices":[{"floor":11,"key":"REST"},{"data":"Searing Blow","floor":13,"key":"SMITH"},{"data":"Searing Blow+1","floor":15,"key":"SMITH"}],"neow_cost":"NONE","seed_source_timestamp":3237015043245,"circlet_count":0,"master_deck":["Strike_R","Strike_R","Strike_R","Strike_R","Strike_R","Defend_R","Defend_R","Defend_R","Defend_R","Bash+1","Warcry","Searing Blow+2","Intimidate","Fiend Fire","Bandage Up","Feel No Pain+1","True Grit+1"],"relics":["Burning Blood","Tiny Chest","Darkstone Periapt","Vajra","Cursed Key","Bronze Scales"],"potions_floor_usage":[10,16,16,18,20],"damage_taken":[{"damage":6,"enemies":"Cultist","floor":1,"turns":3},{"damage":8,"enemies":"2 Louse","floor":2,"turns":3},{"damage":0,"enemies":"Small Slimes","floor":3,"turns":3},{"damage":14,"enemies":"3 Louse","floor":6,"turns":3},{"damage":26,"enemies":"2 Fungi Beasts","floor":7,"turns":4},{"damage":48,"enemies":"Gremlin Nob","floor":8,"turns":5},{"damage":0,"enemies":"Blue Slaver","floor":10,"turns":2},{"damage":59,"enemies":"The Guardian","floor":16,"turns":13},{"damage":33,"enemies":"2 Thieves","floor":18,"turns":4},{"damage":33,"enemies":"Shell Parasite","floor":20,"turns":4},{"damage":43,"enemies":"3 Cultists","floor":23,"turns":5}],"seed_played":"1294324031183532976","potions_obtained":[{"floor":3,"key":"Energy Potion"},{"floor":7,"key":"SpeedPotion"},{"floor":8,"key":"SkillPotion"},{"floor":16,"key":"Fruit Juice"},{"floor":18,"key":"Fire Potion"}],"is_trial":false,"path_per_floor":["M","M","M","?","$","M","M","E","T","M","R","$","R","?","R","B",null,"M","?","M","?","$","M"],"character_chosen":"IRONCLAD","items_purchased":["Tiny Chest","Bandage Up","Bronze Scales"],"campfire_rested":1,"item_purchase_floors":[5,12,22],"current_hp_per_floor":[80,78,80,80,80,72,52,10,10,16,40,40,40,60,60,11,80,62,62,39,39,39,0],"gold":15,"neow_bonus":"UPGRADE_CARD","is_prod":false,"is_daily":false,"chose_seed":false,"campfire_upgraded":2,"win_rate":0,"timestamp":1566378119,"path_taken":["M","?","M","?","$","?","M","E","T","M","R","?","R","?","R","BOSS","M","?","M","?","$","M"],"build_version":"2019-07-17","purchased_purges":1,"victory":false,"max_hp_per_floor":[80,80,80,80,80,80,80,80,80,80,80,80,80,80,80,80,80,85,85,85,85,85,85],"card_choices":[{"not_picked":["Iron Wave","Power Through"],"picked":"Warcry","floor":1},{"not_picked":["Wild Strike","Twin Strike"],"picked":"Searing Blow","floor":2},{"not_picked":["Sword Boomerang","Shrug It Off"],"picked":"Intimidate","floor":3},{"not_picked":["Thunderclap","Headbutt","Clash"],"picked":"SKIP","floor":6},{"not_picked":["Carnage","True Grit","Thunderclap"],"picked":"SKIP","floor":7},{"not_picked":["Power Through","Infernal Blade"],"picked":"Fiend Fire","floor":8},{"not_picked":["Wild Strike","Pommel Strike","Sword Boomerang"],"picked":"SKIP","floor":10},{"not_picked":["Wild Strike","Seeing Red"],"picked":"Feel No Pain+1","floor":18},{"not_picked":["Rupture","Shrug It Off+1"],"picked":"True Grit+1","floor":20}],"player_experience":227651,"relics_obtained":[{"floor":8,"key":"Darkstone Periapt"},{"floor":9,"key":"Vajra"}],"event_choices":[{"damage_healed":0,"gold_gain":0,"player_choice":"Cursed","damage_taken":0,"max_hp_gain":0,"max_hp_loss":0,"event_name":"Wheel of Change","floor":4,"gold_loss":0,"cards_obtained":["Decay"]},{"damage_healed":20,"gold_gain":0,"player_choice":"Healed","damage_taken":0,"max_hp_gain":0,"max_hp_loss":0,"event_name":"The Cleric","floor":14,"gold_loss":35},{"damage_healed":0,"gold_gain":0,"player_choice":"Ignored","damage_taken":0,"max_hp_gain":0,"max_hp_loss":0,"event_name":"Ghosts","floor":19,"gold_loss":0},{"damage_healed":0,"gold_gain":99,"player_choice":"Stole From Cult","damage_taken":0,"max_hp_gain":0,"max_hp_loss":0,"event_name":"Nest","floor":21,"gold_loss":0}],"is_beta":false,"boss_relics":[{"not_picked":["Ectoplasm","Astrolabe"],"picked":"Cursed Key"}],"items_purged_floors":[22],"is_endless":false,"potions_floor_spawned":[3,7,8,16,18],"killed_by":"3 Cultists","ascension_level":0}