{"gold_per_floor":[116,116,116,135,13,54,72,107,156,177,192,192,262,262,262,382,382,395,395,414,414,414,458,493,505,540,552,598,628,765,790,802,814],"floor_reached":33,"playtime":3473,"items_purged":[],"score":275,"play_id":"4b388403-d22c-4b54-8f53-957a97d23bde","local_time":"20190627203611","is_ascension_mode":false,"campfire_choices":[{"floor":12,"key":"REST"},{"floor":15,"key":"REST"},{"floor":25,"key":"REST"},{"floor":27,"key":"REST"},{"floor":32,"key":"REST"}],"neow_cost":"NONE","seed_source_timestamp":1941850019305,"circlet_count":0,"master_deck":["Strike_R","Strike_R","Strike_R","Strike_R","Defend_R","Defend_R","Defend_R","Bash","Battle Trance","Dropkick","Carnage","Pommel Strike","Battle Trance","Seeing Red","Shrug It Off","Metallicize","Rampage","Metallicize","Iron Wave","Iron Wave","Barricade","Body Slam+1","Pommel Strike","Shrug It Off","Perfected Strike","Cleave+1","Reckless Charge+1","Headbutt+1","Metallicize+1"],"relics":["Burning Blood","Golden Idol","Darkstone Periapt","Bronze Scales","Pen Nib","Happy Flower","Philosopher\u0027s Stone","Dodecahedron","MutagenicStrength","MawBank","Strawberry","Red Mask","Molten Egg 2","FossilizedHelix"],"potions_floor_usage":[8,23,24,30,33],"damage_taken":[{"damage":1,"enemies":"Jaw Worm","floor":1,"turns":5},{"damage":7,"enemies":"2 Louse","floor":4,"turns":3},{"damage":26,"enemies":"Lagavulin","floor":6,"turns":5},{"damage":0,"enemies":"Small Slimes","floor":7,"turns":2},{"damage":24,"enemies":"3 Sentries","floor":8,"turns":12},{"damage":5,"enemies":"Blue Slaver","floor":10,"turns":3},{"damage":0,"enemies":"Red Slaver","floor":11,"turns":4},{"damage":32,"enemies":"Gremlin Nob","floor":13,"turns":5},{"damage":14,"enemies":"The Guardian","floor":16,"turns":10},{"damage":21,"enemies":"2 Thieves","floor":18,"turns":5},{"damage":10,"enemies":"3 Byrds","floor":20,"turns":5},{"damage":35,"enemies":"Slavers","floor":23,"turns":4},{"damage":16,"enemies":"Snecko","floor":24,"turns":6},{"damage":24,"enemies":"Masked Bandits","floor":28,"turns":5},{"damage":13,"enemies":"Shelled Parasite and Fungi","floor":29,"turns":5},{"damage":14,"enemies":"Colosseum Slavers","floor":30,"turns":4},{"damage":7,"enemies":"Colosseum Nobs","floor":30,"turns":3},{"damage":7,"enemies":"Centurion and Healer","floor":31,"turns":5},{"damage":82,"enemies":"Automaton","floor":33,"turns":6}],"seed_played":"8592487328036528142","potions_obtained":[{"floor":4,"key":"Weak Potion"},{"floor":6,"key":"SkillPotion"},{"floor":7,"key":"SteroidPotion"},{"floor":8,"key":"PowerPotion"},{"floor":13,"key":"Explosive Potion"},{"floor":16,"key":"GamblersBrew"},{"floor":20,"key":"PowerPotion"},{"floor":23,"key":"BloodPotion"},{"floor":29,"key":"Explosive Potion"},{"floor":30,"key":"SteroidPotion"},{"floor":31,"key":"BloodPotion"}],"is_trial":false,"path_per_floor":["M","?","?","M","$","E","M","E","T","M","M","R","?","?","R","B",null,"M","T","M","?","?","E","M","R","T","R","?","M","?","M","R","B"],"character_chosen":"IRONCLAD","items_purchased":["Pommel Strike","Battle Trance"],"campfire_rested":5,"item_purchase_floors":[5,5],"current_hp_per_floor":[80,80,60,59,59,39,45,27,27,28,34,58,32,32,56,48,80,65,65,61,46,46,17,15,40,47,74,56,49,40,39,66,0],"gold":814,"neow_bonus":"TRANSFORM_CARD","is_prod":false,"is_daily":false,"chose_seed":false,"campfire_upgraded":0,"win_rate":0.0,"timestamp":1561660571,"path_taken":["M","?","?","M","?","E","M","E","T","?","M","R","?","?","R","BOSS","M","?","M","?","?","E","?","R","T","R","?","M","?","M","R","BOSS"],"build_version":"2019-01-23","purchased_purges":0,"victory":false,"max_hp_per_floor":[80,80,80,80,80,80,80,80,80,80,80,80,80,80,80,80,80,80,80,80,85,85,85,85,85,92,92,92,92,92,92,92,92],"card_choices":[{"not_picked":["Warcry","Iron Wave"],"picked":"Dropkick","floor":1},{"not_picked":["Wild Strike","Feel No Pain"],"picked":"Carnage","floor":4},{"not_picked":["Body Slam","Sever Soul"],"picked":"Seeing Red","floor":6},{"not_picked":["Metallicize","Sword Boomerang"],"picked":"Shrug It Off","floor":7},{"not_picked":["Dual Wield","Thunderclap"],"picked":"Metallicize","floor":8},{"not_picked":["Armaments","Searing Blow"],"picked":"Rampage","floor":10},{"not_picked":["Body Slam","Anger"],"picked":"Metallicize","floor":11},{"not_picked":["Infernal Blade","Clothesline"],"picked":"Iron Wave","floor":13},{"not_picked":["Dark Embrace","Fiend Fire"],"picked":"Barricade","floor":16},{"not_picked":["Intimidate+1","Thunderclap"],"picked":"Body Slam+1","floor":18},{"not_picked":["Seeing Red","Infernal Blade"],"picked":"Pommel Strike","floor":20},{"not_picked":["Dual Wield","Infernal Blade"],"picked":"Shrug It Off","floor":23},{"not_picked":["Sword Boomerang","Burning Pact"],"picked":"Perfected Strike","floor":24},{"not_picked":["Reckless Charge","Body Slam"],"picked":"Cleave+1","floor":28},{"not_picked":["Perfected Strike","Clash"],"picked":"Reckless Charge+1","floor":29},{"not_picked":["Clothesline+1","Blood for Blood"],"picked":"Headbutt","floor":30},{"not_picked":["Pommel Strike+1","Armaments"],"picked":"Metallicize+1","floor":31}],"player_experience":11311,"relics_obtained":[{"floor":6,"key":"Darkstone Periapt"},{"floor":8,"key":"Bronze Scales"},{"floor":9,"key":"Pen Nib"},{"floor":13,"key":"Happy Flower"},{"floor":19,"key":"Dodecahedron"},{"floor":23,"key":"MawBank"},{"floor":26,"key":"Strawberry"},{"floor":28,"key":"Red Mask"},{"floor":30,"key":"Molten Egg 2"},{"floor":30,"key":"FossilizedHelix"}],"event_choices":[{"damage_healed":0,"gold_gain":0,"player_choice":"Leave","damage_taken":0,"max_hp_gain":0,"max_hp_loss":0,"event_name":"The Cleric","floor":2,"gold_loss":0},{"damage_healed":0,"gold_gain":0,"player_choice":"Take Damage","damage_taken":20,"relics_obtained":["Golden Idol"],"max_hp_gain":0,"max_hp_loss":0,"event_name":"Golden Idol","floor":3,"gold_loss":0},{"damage_healed":0,"gold_gain":0,"player_choice":"Searched \u00271\u0027 times","damage_taken":0,"max_hp_gain":0,"max_hp_loss":0,"event_name":"Dead Adventurer","floor":13,"gold_loss":0},{"cards_removed":["Defend_R"],"damage_healed":0,"gold_gain":0,"player_choice":"Took Card","damage_taken":0,"max_hp_gain":0,"max_hp_loss":0,"event_name":"NoteForYourself","floor":14,"gold_loss":0,"cards_obtained":["Iron Wave"]},{"damage_healed":0,"gold_gain":0,"player_choice":"Shed Blood","damage_taken":20,"max_hp_gain":5,"max_hp_loss":0,"event_name":"Forgotten Altar","floor":21,"gold_loss":0},{"damage_healed":0,"gold_gain":0,"player_choice":"Inject Mutagens","damage_taken":0,"relics_obtained":["MutagenicStrength"],"max_hp_gain":0,"max_hp_loss":0,"event_name":"Drug Dealer","floor":22,"gold_loss":0},{"damage_healed":0,"gold_gain":0,"player_choice":"Fought Bandits","damage_taken":0,"max_hp_gain":0,"max_hp_loss":0,"event_name":"Masked Bandits","floor":28,"gold_loss":0},{"damage_healed":0,"gold_gain":0,"player_choice":"Fight","damage_taken":0,"max_hp_gain":0,"max_hp_loss":0,"event_name":"Colosseum","floor":30,"gold_loss":0},{"damage_healed":0,"gold_gain":0,"player_choice":"Fought Nobs","damage_taken":0,"max_hp_gain":0,"max_hp_loss":0,"event_name":"Colosseum","floor":30,"gold_loss":0}],"is_beta":false,"boss_relics":[{"not_picked":["Coffee Dripper","Runic Pyramid"],"picked":"Philosopher\u0027s Stone"}],"items_purged_floors":[],"is_endless":false,"potions_floor_spawned":[4,6,7,8,13,16,20,23,29,30,31],"killed_by":"Automaton","ascension_level":0}