{"gold_per_floor":[213,226,226,226,244,244,259,259,282,282,302,316,316,54,54,183,183,196,215,215,225,225,225,238,238,238,268,281,326,326,336,336,336],"floor_reached":33,"playtime":1865,"items_purged":[],"score":287,"play_id":"2b9db315-0f78-4f8c-91f4-2516de9230df","local_time":"20180920102316","is_ascension_mode":true,"campfire_choices":[{"data":"Forethought","floor":6,"key":"SMITH"},{"floor":13,"key":"REST"},{"floor":15,"key":"REST"},{"floor":23,"key":"REST"},{"data":"Metallicize","floor":30,"key":"SMITH"},{"data":"Spot Weakness","floor":32,"key":"SMITH"}],"neow_cost":"NONE","seed_source_timestamp":652441180005298,"circlet_count":0,"master_deck":["Strike_R","Strike_R","Strike_R","Strike_R","Defend_R","Defend_R","Defend_R","Defend_R","Bash","Headbutt","Heavy Blade","Forethought+1","Bash","Spot Weakness+1","Seeing Red","Pommel Strike+1","Impervious","True Grit+1","Uppercut+1","Armaments+1","Metallicize+1","Headbutt+1","Heavy Blade+1"],"relics":["Burning Blood","Bloody Idol","Potion Belt","Kunai","Velvet Choker","Bag of Marbles","Tiny Chest","Art of War"],"potions_floor_usage":[16,21,33,33],"damage_taken":[{"damage":14,"enemies":"Jaw Worm","floor":1,"turns":4},{"damage":1,"enemies":"Cultist","floor":2,"turns":3},{"damage":9,"enemies":"2 Louse","floor":5,"turns":3},{"damage":1,"enemies":"2 Fungi Beasts","floor":7,"turns":4},{"damage":15,"enemies":"Exordium Wildlife","floor":11,"turns":4},{"damage":31,"enemies":"Gremlin Gang","floor":12,"turns":6},{"damage":58,"enemies":"Slime Boss","floor":16,"turns":10},{"damage":11,"enemies":"Spheric Guardian","floor":18,"turns":4},{"damage":8,"enemies":"Chosen","floor":19,"turns":6},{"damage":40,"enemies":"Shelled Parasite and Fungi","floor":21,"turns":5},{"damage":24,"enemies":"Snake Plant","floor":24,"turns":4},{"damage":2,"enemies":"Centurion and Healer","floor":28,"turns":5},{"damage":23,"enemies":"Shelled Parasite and Fungi","floor":31,"turns":6},{"damage":92,"enemies":"Collector","floor":33,"turns":7}],"seed_played":"-4357767402687400826","potions_obtained":[{"floor":2,"key":"SkillPotion"},{"floor":5,"key":"Fire Potion"},{"floor":16,"key":"Fire Potion"},{"floor":21,"key":"Swift Potion"},{"floor":28,"key":"FearPotion"}],"is_trial":false,"path_per_floor":["M","M","?","?","M","R","M","?","T","?","M","M","R","$","R","B",null,"M","M","?","M","?","R","M","?","T","?","M","T","R","M","R"],"character_chosen":"IRONCLAD","items_purchased":["Kunai"],"campfire_rested":3,"item_purchase_floors":[14],"current_hp_per_floor":[72,77,77,57,54,54,59,52,52,57,48,23,48,48,73,21,85,80,78,78,49,49,74,61,61,61,66,75,80,80,68,68,0],"gold":336,"neow_bonus":"HUNDRED_GOLD","is_prod":false,"is_daily":false,"chose_seed":false,"campfire_upgraded":3,"win_rate":0,"timestamp":1537456996,"path_taken":["M","M","?","?","M","R","?","?","T","?","?","M","R","$","R","BOSS","M","M","?","?","?","R","M","?","T","?","?","?","R","M","R","BOSS"],"build_version":"2018-09-06","purchased_purges":0,"victory":false,"max_hp_per_floor":[80,80,80,80,80,80,80,80,80,85,85,85,85,85,85,85,85,85,85,85,85,85,85,85,85,85,85,85,85,85,85,85,85],"card_choices":[{"not_picked":["Sword Boomerang","Power Through"],"picked":"Headbutt","floor":1},{"not_picked":["Flex","Sword Boomerang"],"picked":"Heavy Blade","floor":2},{"not_picked":["Corruption","Havoc","Anger"],"picked":"SKIP","floor":5},{"not_picked":["Clash","Havoc"],"picked":"Spot Weakness","floor":7},{"not_picked":["Feel No Pain","Infernal Blade"],"picked":"Seeing Red","floor":11},{"not_picked":["Berserk","Anger"],"picked":"Pommel Strike","floor":12},{"not_picked":["Juggernaut","Feed"],"picked":"Impervious","floor":16},{"not_picked":["Iron Wave","Wild Strike"],"picked":"True Grit+1","floor":18},{"not_picked":["Cleave","Pommel Strike"],"picked":"Uppercut+1","floor":19},{"not_picked":["Inflame","Pommel Strike"],"picked":"Armaments+1","floor":21},{"not_picked":["Clothesline+1","Heavy Blade"],"picked":"Metallicize","floor":24},{"not_picked":["Havoc","Impervious"],"picked":"Headbutt+1","floor":28},{"not_picked":["Thunderclap+1","Perfected Strike"],"picked":"Heavy Blade+1","floor":31}],"player_experience":180180,"relics_obtained":[{"floor":9,"key":"Potion Belt"},{"floor":26,"key":"Bag of Marbles"},{"floor":27,"key":"Tiny Chest"},{"floor":29,"key":"Art of War"}],"event_choices":[{"event_name":"Match and Keep!","player_choice":"2 cards matched","floor":3,"damage_taken":0},{"event_name":"Golden Idol","player_choice":"Take Damage","floor":4,"damage_taken":0},{"event_name":"Golden Wing","player_choice":"Card Removal","floor":8,"damage_taken":0},{"event_name":"Big Fish","player_choice":"Donut","floor":10,"damage_taken":0},{"event_name":"Forgotten Altar","player_choice":"Gave Idol","floor":20,"damage_taken":0},{"event_name":"Ghosts","player_choice":"Ignored","floor":22,"damage_taken":0},{"event_name":"Upgrade Shrine","player_choice":"Upgraded","floor":25,"damage_taken":0},{"event_name":"Wheel of Change","player_choice":"Relic","floor":27,"damage_taken":0}],"is_beta":false,"boss_relics":[{"not_picked":["Snecko Eye","Mark of Pain"],"picked":"Velvet Choker"}],"items_purged_floors":[],"is_endless":false,"potions_floor_spawned":[2,5,16,21,28],"killed_by":"Collector","ascension_level":4}