{"gold_per_floor":[10,28,28,42,42,42,60,91,160,176,176,197,197,235,235,354,354,368,348,362,376,392,392,392],"floor_reached":24,"playtime":2405,"items_purged":[],"score":263,"play_id":"69a628ea-6810-40a3-834f-992cffc17d11","local_time":"20190723032714","is_ascension_mode":true,"campfire_choices":[{"floor":6,"key":"REST"},{"floor":11,"key":"REST"},{"floor":13,"key":"REST"},{"floor":15,"key":"REST"},{"floor":23,"key":"REST"}],"neow_cost":"NO_GOLD","seed_source_timestamp":11314421384758,"circlet_count":0,"master_deck":["Survivor","Neutralize","Accuracy","Dodge and Roll","Terror","Deadly Poison","Dagger Spray","Dagger Throw","Dagger Throw","Sucker Punch","Caltrops","All Out Attack","Wraith Form v2","Malaise","Choke","Infinite Blades","Acrobatics","Malaise","Dash","Dagger Spray","Glass Knife","Dash","Flying Knee","Blade Dance"],"relics":["Ring of the Snake","Golden Idol","Torii","Darkstone Periapt","Vajra","Pandora\u0027s Box"],"potions_floor_usage":[14,20,22,24],"damage_taken":[{"damage":1,"enemies":"Small Slimes","floor":1,"turns":4},{"damage":4,"enemies":"Jaw Worm","floor":2,"turns":6},{"damage":0,"enemies":"Cultist","floor":4,"turns":3},{"damage":36,"enemies":"Gremlin Gang","floor":7,"turns":7},{"damage":21,"enemies":"Gremlin Nob","floor":8,"turns":4},{"damage":0,"enemies":"Large Slime","floor":10,"turns":6},{"damage":1,"enemies":"Exordium Thugs","floor":12,"turns":4},{"damage":22,"enemies":"3 Sentries","floor":14,"turns":8},{"damage":43,"enemies":"The Guardian","floor":16,"turns":12},{"damage":0,"enemies":"3 Byrds","floor":18,"turns":2},{"damage":17,"enemies":"Spheric Guardian","floor":20,"turns":5},{"damage":9,"enemies":"Snake Plant","floor":21,"turns":6},{"damage":16,"enemies":"Centurion and Healer","floor":22,"turns":7},{"damage":37,"enemies":"Slavers","floor":24,"turns":4}],"seed_played":"-1065159869122637444","potions_obtained":[{"floor":4,"key":"Swift Potion"},{"floor":8,"key":"Ancient Potion"},{"floor":10,"key":"GhostInAJar"},{"floor":19,"key":"Explosive Potion"},{"floor":20,"key":"AttackPotion"},{"floor":21,"key":"SteroidPotion"}],"is_trial":false,"path_per_floor":["M","M","?","M","?","R","M","E","T","M","R","M","R","E","R","B",null,"M","?","M","M","M","R","E"],"character_chosen":"THE_SILENT","items_purchased":[],"campfire_rested":5,"item_purchase_floors":[],"current_hp_per_floor":[69,65,65,65,48,69,33,12,12,12,33,32,53,31,52,9,55,55,55,38,29,13,34,0],"gold":392,"neow_bonus":"TRANSFORM_TWO_CARDS","is_prod":false,"is_daily":false,"chose_seed":false,"campfire_upgraded":0,"win_rate":0,"timestamp":1563866834,"path_taken":["M","M","?","M","?","R","?","E","T","M","R","M","R","E","R","BOSS","M","?","M","?","M","R","E"],"build_version":"2019-07-17","purchased_purges":0,"victory":false,"max_hp_per_floor":[70,70,70,70,70,70,70,70,70,70,70,70,70,70,70,70,70,70,70,70,70,70,70,70],"card_choices":[{"not_picked":["Outmaneuver","Deflect"],"picked":"Dodge and Roll","floor":1},{"not_picked":["Slice","Bane"],"picked":"Terror","floor":2},{"not_picked":["Masterful Stab","Underhanded Strike"],"picked":"Dagger Spray","floor":4},{"not_picked":["Slice","Endless Agony"],"picked":"Dagger Throw","floor":7},{"not_picked":["Night Terror","Accuracy"],"picked":"Dagger Throw","floor":8},{"not_picked":["Masterful Stab","Tactician"],"picked":"Sucker Punch","floor":10},{"not_picked":["PiercingWail","Predator"],"picked":"Caltrops","floor":12},{"not_picked":["Outmaneuver","Underhanded Strike"],"picked":"All Out Attack","floor":14},{"not_picked":["Night Terror","Malaise"],"picked":"Wraith Form v2","floor":16},{"not_picked":["Dodge and Roll","Underhanded Strike+1"],"picked":"Dash","floor":18},{"not_picked":["All Out Attack","Reflex+1"],"picked":"Flying Knee","floor":20},{"not_picked":["Distraction","Prepared","Catalyst"],"picked":"SKIP","floor":21},{"not_picked":["Heel Hook","Underhanded Strike+1"],"picked":"Blade Dance","floor":22}],"player_experience":290103,"relics_obtained":[{"floor":8,"key":"Torii"},{"floor":9,"key":"Darkstone Periapt"},{"floor":14,"key":"Vajra"}],"event_choices":[{"damage_healed":0,"gold_gain":0,"cards_transformed":["Underhanded Strike"],"player_choice":"Change","damage_taken":0,"max_hp_gain":0,"max_hp_loss":0,"event_name":"Living Wall","floor":3,"gold_loss":0,"cards_obtained":["Deadly Poison"]},{"damage_healed":0,"gold_gain":0,"player_choice":"Take Damage","damage_taken":17,"relics_obtained":["Golden Idol"],"max_hp_gain":0,"max_hp_loss":0,"event_name":"Golden Idol","floor":5,"gold_loss":0},{"damage_healed":0,"gold_gain":0,"player_choice":"Bought 1 Potion","damage_taken":0,"max_hp_gain":0,"max_hp_loss":0,"event_name":"The Woman in Blue","floor":19,"gold_loss":0}],"is_beta":false,"boss_relics":[{"not_picked":["Sozu","Runic Dome"],"picked":"Pandora\u0027s Box"}],"items_purged_floors":[],"is_endless":false,"potions_floor_spawned":[4,8,10,20,21],"killed_by":"Slavers","ascension_level":5}