{"gold_per_floor":[112,122,134,84,54,54,54,54,77,95,106,106,129,143,143,240,240,256,268,318,338,338,338,26,26,52,72,72,99,99,117,117,214,264,280,293,88,88,88,107,107,57,57,73,83,83,103,117,117,117],"floor_reached":51,"playtime":7372,"items_purged":["Strike_G","Strike_G","Strike_G"],"score":865,"play_id":"fab4ea77-1863-422f-a49d-70e95d86b163","local_time":"20180914131233","is_ascension_mode":true,"campfire_choices":[{"data":"Noxious Fumes","floor":6,"key":"SMITH"},{"data":"Neutralize","floor":8,"key":"SMITH"},{"data":"Footwork","floor":12,"key":"SMITH"},{"data":"Footwork","floor":15,"key":"SMITH"},{"data":"Prepared","floor":23,"key":"SMITH"},{"data":"Tactician","floor":25,"key":"SMITH"},{"data":"Noxious Fumes","floor":28,"key":"SMITH"},{"data":"Tactician","floor":30,"key":"SMITH"},{"floor":32,"key":"REST"},{"data":"Acrobatics","floor":41,"key":"SMITH"},{"data":"Catalyst","floor":49,"key":"SMITH"}],"neow_cost":"NONE","seed_source_timestamp":138665280343510,"circlet_count":0,"master_deck":["Defend_G","Defend_G","Defend_G","Defend_G","Defend_G","Survivor","Neutralize+1","Prepared+1","Tactician+1","Noxious Fumes+1","Footwork+1","Footwork+1","Acrobatics+1","Tools of the Trade","Acrobatics+1","Deflect","Catalyst+1","Tactician+1","Catalyst","Escape Plan","Backflip","Malaise","Noxious Fumes+1","Escape Plan","Adrenaline","Deflect+1","Reflex+1","Backflip+1","Tactician"],"relics":["Ring of the Snake","Lantern","Bag of Preparation","Smiling Mask","Orrery","GremlinMask","Strawberry","Centennial Puzzle","Boot","Tiny House","Snake Skull","Anchor","Singing Bowl"],"potions_floor_usage":[19,21,35,50,50,50,50,50],"damage_taken":[{"damage":0,"enemies":"Jaw Worm","floor":1,"turns":3},{"damage":0,"enemies":"Small Slimes","floor":2,"turns":4},{"damage":0,"enemies":"Cultist","floor":3,"turns":4},{"damage":1,"enemies":"Looter","floor":5,"turns":4},{"damage":11,"enemies":"Lots of Slimes","floor":10,"turns":4},{"damage":0,"enemies":"2 Fungi Beasts","floor":11,"turns":4},{"damage":0,"enemies":"Gremlin Gang","floor":14,"turns":5},{"damage":0,"enemies":"The Guardian","floor":16,"turns":13},{"damage":3,"enemies":"Chosen","floor":18,"turns":10},{"damage":0,"enemies":"Spheric Guardian","floor":19,"turns":6},{"damage":22,"enemies":"Snake Plant","floor":21,"turns":6},{"damage":19,"enemies":"Chosen and Byrds","floor":27,"turns":9},{"damage":0,"enemies":"Book of Stabbing","floor":29,"turns":6},{"damage":10,"enemies":"Cultist and Chosen","floor":31,"turns":7},{"damage":0,"enemies":"Automaton","floor":33,"turns":11},{"damage":3,"enemies":"3 Shapes","floor":35,"turns":4},{"damage":1,"enemies":"Orb Walker","floor":36,"turns":4},{"damage":2,"enemies":"Spire Growth","floor":40,"turns":7},{"damage":0,"enemies":"Maw","floor":44,"turns":7},{"damage":0,"enemies":"Reptomancer","floor":45,"turns":7},{"damage":0,"enemies":"Spire Growth","floor":47,"turns":5},{"damage":0,"enemies":"Maw","floor":48,"turns":7},{"damage":14,"enemies":"Awakened One","floor":50,"turns":17}],"seed_played":"1373679094815820517","potions_obtained":[{"floor":10,"key":"SpeedPotion"},{"floor":14,"key":"Block Potion"},{"floor":18,"key":"Dexterity Potion"},{"floor":31,"key":"Poison Potion"},{"floor":33,"key":"Poison Potion"},{"floor":34,"key":"EntropicBrew"},{"floor":36,"key":"Fire Potion"},{"floor":40,"key":"SpeedPotion"}],"is_trial":false,"path_per_floor":["M","M","M","?","M","R","$","R","T","M","M","R","T","M","R","B",null,"M","M","?","M","?","R","$","R","T","M","R","E","R","M","R","B",null,"M","M","$","?","?","M","R","$","T","M","M","?","M","M","R","B"],"character_chosen":"THE_SILENT","items_purchased":["Backflip","Strawberry","Malaise","Snake Skull"],"campfire_rested":1,"item_purchase_floors":[24,24,24,37],"current_hp_per_floor":[70,70,70,70,69,69,69,69,69,58,58,58,58,58,58,58,70,67,67,67,45,45,45,52,52,52,33,33,33,33,23,46,46,82,79,78,78,78,78,76,76,76,76,76,76,76,78,80,80,66],"gold":117,"neow_bonus":"RANDOM_COMMON_RELIC","is_prod":false,"is_daily":false,"chose_seed":false,"campfire_upgraded":10,"win_rate":0,"timestamp":1536948753,"path_taken":["M","M","M","?","M","R","$","R","T","M","M","R","?","M","R","BOSS","M","M","?","?","?","R","$","R","T","M","R","E","R","M","R","BOSS","M","M","$","?","?","M","R","?","T","M","?","?","?","M","R","BOSS"],"build_version":"2018-09-06","purchased_purges":3,"victory":true,"max_hp_per_floor":[70,70,70,70,70,70,70,70,70,70,70,70,70,70,70,70,70,70,70,70,70,70,70,77,77,77,77,77,77,77,77,77,77,82,82,82,82,78,78,78,78,78,78,78,78,78,80,82,82,82],"card_choices":[{"not_picked":["Bane","Deflect"],"picked":"Prepared","floor":1},{"not_picked":["Choke","Sucker Punch","Backstab"],"picked":"SKIP","floor":2},{"not_picked":["Infinite Blades","Deflect"],"picked":"Tactician","floor":3},{"not_picked":["Acrobatics","Cloak And Dagger"],"picked":"Noxious Fumes","floor":5},{"not_picked":["Cloak And Dagger","Masterful Stab"],"picked":"Footwork","floor":10},{"not_picked":["Caltrops","Tools of the Trade"],"picked":"Footwork","floor":11},{"not_picked":["Blade Dance","Flechettes"],"picked":"Acrobatics","floor":14},{"not_picked":["Die Die Die","Phantasmal Killer"],"picked":"Tools of the Trade","floor":16},{"not_picked":["Masterful Stab","Backflip"],"picked":"Acrobatics","floor":17},{"not_picked":["Bane","Poisoned Stab"],"picked":"Deflect","floor":17},{"not_picked":["Quick Slash","Acrobatics"],"picked":"Catalyst","floor":17},{"not_picked":["Deadly Poison","Bane"],"picked":"Tactician","floor":18},{"not_picked":["Dash","Sucker Punch"],"picked":"Catalyst","floor":19},{"not_picked":["Dodge and Roll","Deflect+1"],"picked":"Escape Plan","floor":21},{"not_picked":["Finisher+1","Riddle With Holes"],"picked":"Noxious Fumes","floor":27},{"not_picked":["Crippling Poison","Eviscerate"],"picked":"Escape Plan","floor":29},{"not_picked":["Bouncing Flask","Dagger Spray","PiercingWail"],"picked":"SKIP","floor":31},{"not_picked":["Unload","After Image"],"picked":"Adrenaline","floor":33},{"not_picked":["Crippling Poison","Acrobatics+1"],"picked":"Deflect+1","floor":34},{"not_picked":["Backstab","Acrobatics+1","Noxious Fumes+1"],"picked":"SKIP","floor":35},{"not_picked":["Prepared+1","Dagger Throw"],"picked":"Reflex+1","floor":36},{"not_picked":["Leg Sweep","Acrobatics","Cloak And Dagger+1"],"picked":"SKIP","floor":40},{"not_picked":["Bane","Prepared+1"],"picked":"Backflip+1","floor":44},{"not_picked":["Finisher","Cloak And Dagger"],"picked":"Tactician","floor":45},{"not_picked":["Dodge and Roll+1","Riddle With Holes+1","Slice+1"],"picked":"Singing Bowl","floor":47},{"not_picked":["Tools of the Trade","Outmaneuver+1","Sucker Punch+1"],"picked":"Singing Bowl","floor":48}],"player_experience":101742,"relics_obtained":[{"floor":9,"key":"Bag of Preparation"},{"floor":13,"key":"Smiling Mask"},{"floor":26,"key":"Centennial Puzzle"},{"floor":29,"key":"Boot"},{"floor":43,"key":"Anchor"}],"event_choices":[{"event_name":"The Cleric","player_choice":"Card Removal","floor":4,"damage_taken":0},{"event_name":"The Joust","player_choice":"Bet on Murderer","floor":20,"damage_taken":0},{"event_name":"FaceTrader","player_choice":"Trade","floor":22,"damage_taken":0},{"event_name":"Winding Halls","player_choice":"Max HP","floor":38,"damage_taken":0},{"event_name":"Bonfire Elementals","player_choice":"BASIC","floor":39,"damage_taken":0},{"event_name":"WeMeetAgain","player_choice":"Potion","floor":46,"damage_taken":0}],"is_beta":false,"boss_relics":[{"not_picked":["Astrolabe","Pandora\u0027s Box"],"picked":"Orrery"},{"not_picked":["Black Star","Runic Pyramid"],"picked":"Tiny House"}],"items_purged_floors":[24,37,42],"is_endless":false,"potions_floor_spawned":[10,14,18,31,33,36,40,47],"ascension_level":2}