{"gold_per_floor":[109,109,34,51,71,90,122,122,191,191,203,203,218,248,248,352,352,364,164,194,209,225,225,237,237,237,237,267,267,284,80,80,176,176,192,192,203,216,232,232,232,73,73,73],"floor_reached":44,"playtime":4555,"items_purged":["Strike_B","Strike_B"],"score":645,"play_id":"3544828d-5ab5-4def-b1be-a44c6f47750b","local_time":"20190715122529","is_ascension_mode":true,"campfire_choices":[{"data":"Zap","floor":8,"key":"SMITH"},{"data":"Dualcast","floor":10,"key":"SMITH"},{"floor":15,"key":"REST"},{"data":"Consume","floor":23,"key":"SMITH"},{"floor":27,"key":"REST"},{"data":"Hologram","floor":29,"key":"SMITH"},{"floor":32,"key":"REST"},{"data":"Reinforced Body","floor":40,"key":"SMITH"}],"neow_cost":"NONE","seed_source_timestamp":731058748801662,"circlet_count":0,"master_deck":["AscendersBane","Strike_B+1","Defend_B","Defend_B","Defend_B","Zap+1","Dualcast+1","Hologram+1","Coolheaded","Coolheaded","Consume+1","Barrage","Cold Snap","Electrodynamics","Gash","Biased Cognition","Gash+1","Reinforced Body+1","Madness","Madness","Parasite"],"relics":["Cracked Core","StoneCalendar","The Courier","Odd Mushroom","Nuclear Battery","Whetstone","Red Mask","Bottled Lightning","Strawberry","Cables","Cursed Key","Lee\u0027s Waffle","Letter Opener"],"potions_floor_usage":[7,14,16,16,21,28,33,33,37,44],"damage_taken":[{"damage":0,"enemies":"Small Slimes","floor":1,"turns":3},{"damage":0,"enemies":"Cultist","floor":4,"turns":3},{"damage":1,"enemies":"2 Louse","floor":5,"turns":4},{"damage":6,"enemies":"Looter","floor":6,"turns":5},{"damage":36,"enemies":"Lagavulin","floor":7,"turns":9},{"damage":4,"enemies":"Blue Slaver","floor":11,"turns":4},{"damage":1,"enemies":"2 Fungi Beasts","floor":13,"turns":3},{"damage":10,"enemies":"The Mushroom Lair","floor":14,"turns":4},{"damage":9,"enemies":"Slime Boss","floor":16,"turns":7},{"damage":0,"enemies":"Spheric Guardian","floor":18,"turns":7},{"damage":0,"enemies":"Masked Bandits","floor":20,"turns":2},{"damage":20,"enemies":"Shell Parasite","floor":21,"turns":6},{"damage":30,"enemies":"Snecko","floor":22,"turns":7},{"damage":0,"enemies":"3 Cultists","floor":24,"turns":3},{"damage":12,"enemies":"Book of Stabbing","floor":28,"turns":7},{"damage":8,"enemies":"Snake Plant","floor":30,"turns":4},{"damage":11,"enemies":"Collector","floor":33,"turns":12},{"damage":3,"enemies":"Orb Walker","floor":35,"turns":3},{"damage":0,"enemies":"3 Darklings","floor":37,"turns":4},{"damage":1,"enemies":"Sphere and 2 Shapes","floor":38,"turns":3},{"damage":20,"enemies":"4 Shapes","floor":39,"turns":4},{"damage":122,"enemies":"Giant Head","floor":44,"turns":12}],"seed_played":"5258653123971686936","potions_obtained":[{"floor":5,"key":"FearPotion"},{"floor":11,"key":"Dexterity Potion"},{"floor":13,"key":"EssenceOfSteel"},{"floor":14,"key":"Dexterity Potion"},{"floor":16,"key":"LiquidBronze"},{"floor":20,"key":"AttackPotion"},{"floor":28,"key":"Dexterity Potion"},{"floor":30,"key":"Strength Potion"},{"floor":35,"key":"Swift Potion"},{"floor":38,"key":"SkillPotion"},{"floor":39,"key":"Ancient Potion"}],"is_trial":false,"path_per_floor":["M","?","$","M","M","M","E","R","T","R","M","?","M","?","R","B",null,"M","$","?","M","M","R","M","?","T","R","E","R","M","$","R","B",null,"M","?","M","M","M","R","?","$","T","E"],"character_chosen":"DEFECT","items_purchased":["Whetstone","Cables","Lee\u0027s Waffle"],"campfire_rested":3,"item_purchase_floors":[19,31,42],"current_hp_per_floor":[68,68,68,68,67,61,25,25,25,25,21,21,20,10,32,23,62,62,62,62,42,12,12,12,12,12,34,29,29,21,21,45,34,70,67,67,67,66,46,46,36,89,89,0],"gold":73,"neow_bonus":"THREE_CARDS","is_prod":false,"is_daily":false,"chose_seed":false,"campfire_upgraded":5,"win_rate":0,"timestamp":1563161129,"path_taken":["M","?","$","?","M","M","E","R","T","R","M","?","M","?","R","BOSS","M","$","?","M","M","R","M","?","T","R","E","R","?","?","R","BOSS","M","?","M","M","M","R","?","?","T","E"],"build_version":"2019-07-05","purchased_purges":2,"victory":false,"max_hp_per_floor":[75,75,75,75,75,75,75,75,75,75,75,75,75,75,75,75,75,75,75,75,75,75,75,75,75,75,75,82,82,82,82,82,82,82,82,82,82,82,82,82,82,89,89,89],"card_choices":[{"not_picked":["Chaos","Go for the Eyes"],"picked":"Hologram","floor":0},{"not_picked":["Compile Driver","Heatsinks"],"picked":"Coolheaded","floor":1},{"not_picked":["Compile Driver","Stack","Leap"],"picked":"SKIP","floor":4},{"not_picked":["Leap","Rebound"],"picked":"Coolheaded","floor":5},{"not_picked":["Lockon","Turbo","Seek"],"picked":"SKIP","floor":6},{"not_picked":["Sweeping Beam","Rebound"],"picked":"Consume","floor":7},{"not_picked":["Fusion","Conserve Battery"],"picked":"Barrage","floor":11},{"not_picked":["Stack","Beam Cell","Coolheaded"],"picked":"SKIP","floor":13},{"not_picked":["Beam Cell","Steam Power"],"picked":"Cold Snap","floor":14},{"not_picked":["Thunder Strike","Buffer"],"picked":"Electrodynamics","floor":16},{"not_picked":["Redo","Barrage","Hologram"],"picked":"SKIP","floor":18},{"not_picked":["BootSequence","Beam Cell"],"picked":"Gash","floor":20},{"not_picked":["Hologram","Doom and Gloom","Streamline"],"picked":"SKIP","floor":21},{"not_picked":["Redo","Leap","Chaos+1"],"picked":"SKIP","floor":22},{"not_picked":["Barrage+1","Cold Snap+1","Sweeping Beam"],"picked":"SKIP","floor":24},{"not_picked":["Sweeping Beam","Aggregate","Electrodynamics"],"picked":"SKIP","floor":28},{"not_picked":["Heatsinks","Rebound","Barrage"],"picked":"SKIP","floor":30},{"not_picked":["Machine Learning","Buffer"],"picked":"Biased Cognition","floor":33},{"not_picked":["Sweeping Beam","White Noise"],"picked":"Gash+1","floor":35},{"not_picked":["Recycle","Streamline","Beam Cell+1"],"picked":"SKIP","floor":37},{"not_picked":["Ball Lightning+1","Double Energy+1","Hologram+1"],"picked":"SKIP","floor":38},{"not_picked":["Ball Lightning+1","Coolheaded+1"],"picked":"Reinforced Body","floor":39}],"player_experience":283408,"relics_obtained":[{"floor":7,"key":"StoneCalendar"},{"floor":9,"key":"The Courier"},{"floor":14,"key":"Odd Mushroom"},{"floor":20,"key":"Red Mask"},{"floor":26,"key":"Bottled Lightning"},{"floor":28,"key":"Strawberry"},{"floor":43,"key":"Letter Opener"}],"event_choices":[{"damage_healed":0,"gold_gain":0,"player_choice":"Ignored","damage_taken":0,"max_hp_gain":0,"max_hp_loss":0,"event_name":"WeMeetAgain","floor":2,"gold_loss":0},{"cards_removed":["Defend_B"],"damage_healed":0,"gold_gain":0,"player_choice":"Forget","damage_taken":0,"max_hp_gain":0,"max_hp_loss":0,"event_name":"Living Wall","floor":12,"gold_loss":0},{"damage_healed":0,"gold_gain":0,"player_choice":"Fought Mushrooms","damage_taken":0,"max_hp_gain":0,"max_hp_loss":0,"event_name":"Mushrooms","floor":14,"gold_loss":0},{"damage_healed":0,"gold_gain":0,"player_choice":"Fought Bandits","damage_taken":0,"max_hp_gain":0,"max_hp_loss":0,"event_name":"Masked Bandits","floor":20,"gold_loss":0},{"damage_healed":0,"gold_gain":0,"player_choice":"Bought 0 Potions","damage_taken":0,"max_hp_gain":0,"max_hp_loss":0,"event_name":"The Woman in Blue","floor":25,"gold_loss":0},{"cards_removed":["Strike_B"],"damage_healed":0,"gold_gain":0,"player_choice":"Removed Attack","damage_taken":0,"max_hp_gain":0,"max_hp_loss":0,"event_name":"Falling","floor":36,"gold_loss":0},{"damage_healed":0,"gold_gain":0,"player_choice":"Embrace Madness","damage_taken":10,"max_hp_gain":0,"max_hp_loss":0,"event_name":"Winding Halls","floor":41,"gold_loss":0,"cards_obtained":["Madness","Madness"]}],"is_beta":false,"boss_relics":[{"not_picked":["Busted Crown","Tiny House"],"picked":"Nuclear Battery"},{"not_picked":["Lizard Tail","Orrery"],"picked":"Cursed Key"}],"items_purged_floors":[3,19],"is_endless":false,"potions_floor_spawned":[5,11,13,14,16,20,28,30,35,38,39],"killed_by":"Giant Head","ascension_level":10}