{"gold_per_floor":[111,135,150,166,186,186,261,261,286,306,306,168,168,168,168,168],"floor_reached":16,"playtime":838,"items_purged":["Strike_B"],"score":176,"play_id":"ec40be8d-3afd-4dbc-a282-e4c81f2ec13e","local_time":"20190821192233","is_ascension_mode":true,"campfire_choices":[{"data":"Zap","floor":6,"key":"SMITH"},{"data":"Go for the Eyes","floor":8,"key":"SMITH"},{"floor":11,"key":"REST"},{"data":"Dualcast","floor":15,"key":"SMITH"}],"neow_cost":"TEN_PERCENT_HP_LOSS","seed_source_timestamp":1743675636735343,"circlet_count":0,"master_deck":["AscendersBane","Strike_B","Defend_B","Defend_B","Defend_B","Zap+1","Dualcast+1","Go for the Eyes+1","FTL","Force Field","Capacitor"],"relics":["Cracked Core","Smiling Mask","Vajra"],"potions_floor_usage":[16,16],"damage_taken":[{"damage":1,"enemies":"Cultist","floor":1,"turns":3},{"damage":2,"enemies":"2 Louse","floor":3,"turns":2},{"damage":9,"enemies":"Jaw Worm","floor":4,"turns":3},{"damage":16,"enemies":"3 Louse","floor":5,"turns":3},{"damage":10,"enemies":"2 Fungi Beasts","floor":10,"turns":3},{"damage":35,"enemies":"Slime Boss","floor":16,"turns":7}],"seed_played":"3336134635005828049","potions_obtained":[{"floor":3,"key":"Dexterity Potion"},{"floor":5,"key":"Swift Potion"}],"is_trial":false,"path_per_floor":["M","T","M","M","M","R","?","R","T","M","R","$","?","?","R","B"],"character_chosen":"DEFECT","items_purchased":["Capacitor"],"campfire_rested":1,"item_purchase_floors":[12],"current_hp_per_floor":[63,63,61,52,36,36,25,25,25,15,34,34,34,34,34,0],"gold":168,"neow_bonus":"REMOVE_TWO","is_prod":false,"is_daily":false,"chose_seed":false,"campfire_upgraded":3,"win_rate":0,"timestamp":1566382953,"path_taken":["M","?","M","M","?","R","?","R","T","M","R","?","?","?","R","BOSS"],"build_version":"2019-07-17","purchased_purges":1,"victory":false,"max_hp_per_floor":[64,64,64,64,64,64,64,64,64,64,64,64,64,64,64,64],"card_choices":[{"not_picked":["Storm","Rebound"],"picked":"Go for the Eyes","floor":1},{"not_picked":["Go for the Eyes","Compile Driver","Redo"],"picked":"SKIP","floor":3},{"not_picked":["Compile Driver","Skim"],"picked":"FTL","floor":4},{"not_picked":["Heatsinks","Scrape"],"picked":"Force Field","floor":5},{"not_picked":["Turbo","Darkness","Go for the Eyes"],"picked":"SKIP","floor":10}],"player_experience":532049,"relics_obtained":[{"floor":2,"key":"Smiling Mask"},{"floor":9,"key":"Vajra"}],"event_choices":[{"damage_healed":0,"gold_gain":75,"player_choice":"Gather Gold","damage_taken":11,"max_hp_gain":0,"max_hp_loss":0,"event_name":"World of Goop","floor":7,"gold_loss":0},{"cards_removed":["Strike_B"],"damage_healed":0,"gold_gain":0,"player_choice":"Forget","damage_taken":0,"max_hp_gain":0,"max_hp_loss":0,"event_name":"Living Wall","floor":13,"gold_loss":0},{"damage_healed":0,"gold_gain":0,"player_choice":"Ignored","damage_taken":0,"max_hp_gain":0,"max_hp_loss":0,"event_name":"Liars Game","floor":14,"gold_loss":0}],"is_beta":false,"boss_relics":[],"items_purged_floors":[12],"is_endless":false,"potions_floor_spawned":[3,5],"killed_by":"Slime Boss","ascension_level":19}