{"gold_per_floor":[118,17,35,35,35,71,71,71,71,71,92,92,17,50,50,180,180,204,103,57,73,73,73],"floor_reached":23,"playtime":1469,"items_purged":["Strike_R"],"score":269,"play_id":"ac871847-d2d8-422b-affb-0047f8096479","local_time":"20190804235553","is_ascension_mode":true,"campfire_choices":[{"floor":8,"key":"REST"},{"floor":12,"key":"REST"},{"floor":15,"key":"REST"}],"neow_cost":"NONE","seed_source_timestamp":3285029283756,"circlet_count":0,"master_deck":["Strike_R","Strike_R","Strike_R","Strike_R","Defend_R","Defend_R","Defend_R","Defend_R","Bash","Clothesline","Cleave","Battle Trance","Entrench","Dual Wield","Barricade","Armaments+1","Iron Wave","Pommel Strike"],"relics":["Burning Blood","Golden Idol","Pear","Happy Flower","Torii","Blue Candle","Fusion Hammer","Gremlin Horn","Nunchaku"],"potions_floor_usage":[16,23,23],"damage_taken":[{"damage":12,"enemies":"Jaw Worm","floor":1,"turns":2},{"damage":16,"enemies":"Small Slimes","floor":3,"turns":3},{"damage":36,"enemies":"Gremlin Nob","floor":6,"turns":5},{"damage":0,"enemies":"2 Louse","floor":11,"turns":2},{"damage":41,"enemies":"3 Sentries","floor":14,"turns":6},{"damage":36,"enemies":"The Guardian","floor":16,"turns":14},{"damage":35,"enemies":"Chosen","floor":18,"turns":6},{"damage":7,"enemies":"Shell Parasite","floor":21,"turns":8},{"damage":94,"enemies":"Gremlin Leader","floor":23,"turns":8}],"seed_played":"-3616743673703478148","potions_obtained":[{"floor":11,"key":"FearPotion"},{"floor":14,"key":"Regen Potion"},{"floor":16,"key":"BloodPotion"}],"is_trial":false,"path_per_floor":["M","$","M","?","?","E","$","R","T","?","M","R","$","E","R","B",null,"M","?","$","M","?","E"],"character_chosen":"IRONCLAD","items_purchased":["Cleave","Entrench","Iron Wave"],"campfire_rested":3,"item_purchase_floors":[2,13,20],"current_hp_per_floor":[82,82,72,50,42,12,12,41,41,41,47,76,76,41,70,40,84,55,55,55,54,54,0],"gold":73,"neow_bonus":"TEN_PERCENT_HP_BONUS","is_prod":false,"is_daily":false,"chose_seed":false,"campfire_upgraded":0,"win_rate":0,"timestamp":1564955753,"path_taken":["M","$","M","?","?","E","$","R","T","?","M","R","$","E","R","BOSS","M","?","$","?","?","E"],"build_version":"2019-07-17","purchased_purges":1,"victory":false,"max_hp_per_floor":[88,88,88,88,98,98,98,98,98,98,98,98,98,98,98,98,98,98,98,98,98,98,98],"card_choices":[{"not_picked":["Hemokinesis","Wild Strike"],"picked":"Clothesline","floor":1},{"not_picked":["Searing Blow","Reckless Charge"],"picked":"Battle Trance","floor":3},{"not_picked":["Warcry","Clash","Body Slam"],"picked":"SKIP","floor":6},{"not_picked":["Burning Pact","Blood for Blood","Anger"],"picked":"SKIP","floor":11},{"not_picked":["Burning Pact","Headbutt"],"picked":"Dual Wield","floor":14},{"not_picked":["Feed","Impervious"],"picked":"Barricade","floor":16},{"not_picked":["Rupture","Metallicize+1"],"picked":"Armaments+1","floor":18},{"not_picked":["Cleave","Twin Strike"],"picked":"Pommel Strike","floor":21}],"player_experience":99835,"relics_obtained":[{"floor":6,"key":"Happy Flower"},{"floor":9,"key":"Torii"},{"floor":14,"key":"Blue Candle"}],"event_choices":[{"damage_healed":0,"gold_gain":0,"player_choice":"Take Damage","damage_taken":22,"relics_obtained":["Golden Idol"],"max_hp_gain":0,"max_hp_loss":0,"event_name":"Golden Idol","floor":4,"gold_loss":0},{"damage_healed":0,"gold_gain":0,"player_choice":"Success","damage_taken":18,"relics_obtained":["Pear"],"max_hp_gain":0,"max_hp_loss":0,"event_name":"Scrap Ooze","floor":5,"gold_loss":0},{"damage_healed":0,"gold_gain":0,"player_choice":"Ignored","damage_taken":0,"max_hp_gain":0,"max_hp_loss":0,"event_name":"Shining Light","floor":10,"gold_loss":0},{"damage_healed":0,"gold_gain":0,"player_choice":"Paid Gold","damage_taken":0,"relics_obtained":["Gremlin Horn"],"max_hp_gain":0,"max_hp_loss":0,"event_name":"WeMeetAgain","floor":19,"gold_loss":101},{"damage_healed":0,"gold_gain":0,"player_choice":"Opened","damage_taken":0,"relics_obtained":["Nunchaku"],"max_hp_gain":0,"max_hp_loss":0,"event_name":"The Mausoleum","floor":22,"gold_loss":0}],"is_beta":false,"boss_relics":[{"not_picked":["Runic Dome","Mark of Pain"],"picked":"Fusion Hammer"}],"items_purged_floors":[2],"is_endless":false,"potions_floor_spawned":[11,14,16],"killed_by":"Gremlin Leader","ascension_level":5}