{"gold_per_floor":[112,37,37,37,37,81,96,96,96,139,139,162,176,194,194,324,324,343,343,368,368,368],"floor_reached":22,"playtime":1802,"items_purged":["Strike_G"],"score":277,"play_id":"892f431f-be8e-4137-8e7f-047f53a56aee","local_time":"20190713194601","is_ascension_mode":true,"campfire_choices":[{"data":"Neutralize","floor":8,"key":"SMITH"},{"floor":11,"key":"REST"},{"floor":15,"key":"REST"}],"neow_cost":"NONE","seed_source_timestamp":151622001042730,"circlet_count":0,"master_deck":["Strike_G","Strike_G","Strike_G","Strike_G","Defend_G","Defend_G","Defend_G","Defend_G","Defend_G","Survivor","Neutralize+1","Cloak And Dagger","Deflect","Poisoned Stab","Unload","Backflip+1","Cloak And Dagger+1","Slice","Wraith Form v2+1","Deadly Poison+1","Ghostly+1","Ghostly+1","Ghostly+1","Ghostly+1","Ghostly+1","Deadly Poison+1"],"relics":["Ring of the Snake","NeowsBlessing","Golden Idol","Bag of Marbles","Ancient Tea Set","Toxic Egg 2","Bottled Lightning","Eternal Feather"],"potions_floor_usage":[10,18],"damage_taken":[{"damage":0,"enemies":"Small Slimes","floor":1,"turns":1},{"damage":0,"enemies":"3 Sentries","floor":6,"turns":1},{"damage":0,"enemies":"2 Louse","floor":7,"turns":1},{"damage":33,"enemies":"Lagavulin","floor":10,"turns":11},{"damage":0,"enemies":"Cultist","floor":12,"turns":3},{"damage":8,"enemies":"3 Louse","floor":13,"turns":3},{"damage":0,"enemies":"Looter","floor":14,"turns":3},{"damage":28,"enemies":"The Guardian","floor":16,"turns":17},{"damage":0,"enemies":"3 Byrds","floor":18,"turns":4},{"damage":14,"enemies":"2 Thieves","floor":20,"turns":5},{"damage":21,"enemies":"Sentry and Sphere","floor":22,"turns":4}],"seed_played":"-243994237197747453","potions_obtained":[{"floor":1,"key":"Swift Potion"},{"floor":6,"key":"Swift Potion"},{"floor":12,"key":"LiquidBronze"},{"floor":16,"key":"LiquidBronze"},{"floor":20,"key":"GamblersBrew"}],"is_trial":false,"path_per_floor":["M","$","?","?","?","E","M","R","T","E","R","M","M","M","R","B",null,"M","?","M","?","M"],"character_chosen":"THE_SILENT","items_purchased":[],"campfire_rested":2,"item_purchase_floors":[],"current_hp_per_floor":[70,70,70,53,53,53,53,53,53,20,41,41,33,33,54,26,70,70,35,21,21,0],"gold":368,"neow_bonus":"THREE_ENEMY_KILL","is_prod":false,"is_daily":false,"chose_seed":false,"campfire_upgraded":1,"win_rate":0,"timestamp":1563061561,"path_taken":["M","$","?","?","?","E","M","R","T","E","R","M","?","M","R","BOSS","M","?","M","?","?"],"build_version":"2019-07-05","purchased_purges":1,"victory":false,"max_hp_per_floor":[70,70,70,70,70,70,70,70,70,70,70,70,70,70,70,70,70,70,35,35,35,35],"card_choices":[{"not_picked":["Riddle With Holes","Bane"],"picked":"Cloak And Dagger","floor":1},{"not_picked":["Sucker Punch","Predator"],"picked":"Deflect","floor":6},{"not_picked":["Slice","Deflect"],"picked":"Poisoned Stab","floor":7},{"not_picked":["Bouncing Flask+1","Dagger Spray"],"picked":"Unload","floor":10},{"not_picked":["All Out Attack","Slice"],"picked":"Backflip+1","floor":12},{"not_picked":["Deadly Poison+1","Quick Slash"],"picked":"Cloak And Dagger+1","floor":13},{"not_picked":["Underhanded Strike","Bane"],"picked":"Slice","floor":14},{"not_picked":["Glass Knife","A Thousand Cuts"],"picked":"Wraith Form v2","floor":16},{"not_picked":["Slice","Acrobatics+1"],"picked":"Deadly Poison+1","floor":18},{"not_picked":["Flying Knee","Bane"],"picked":"Deadly Poison+1","floor":20}],"player_experience":208444,"relics_obtained":[{"floor":6,"key":"Ancient Tea Set"},{"floor":9,"key":"Toxic Egg 2"},{"floor":10,"key":"Bottled Lightning"}],"event_choices":[{"damage_healed":0,"gold_gain":0,"player_choice":"Leave","damage_taken":0,"max_hp_gain":0,"max_hp_loss":0,"event_name":"The Cleric","floor":3,"gold_loss":0},{"damage_healed":0,"gold_gain":0,"player_choice":"Take Damage","damage_taken":17,"relics_obtained":["Golden Idol"],"max_hp_gain":0,"max_hp_loss":0,"event_name":"Golden Idol","floor":4,"gold_loss":0},{"damage_healed":0,"gold_gain":0,"player_choice":"Gave Potion","damage_taken":0,"relics_obtained":["Bag of Marbles"],"max_hp_gain":0,"max_hp_loss":0,"event_name":"WeMeetAgain","floor":5,"gold_loss":0},{"damage_healed":0,"gold_gain":0,"player_choice":"Became a Ghost","damage_taken":0,"max_hp_gain":0,"max_hp_loss":35,"event_name":"Ghosts","floor":19,"gold_loss":0,"cards_obtained":["Ghostly","Ghostly","Ghostly","Ghostly","Ghostly"]},{"damage_healed":0,"gold_gain":0,"player_choice":"Forge","damage_taken":0,"max_hp_gain":0,"max_hp_loss":0,"event_name":"Accursed Blacksmith","floor":21,"gold_loss":0,"cards_upgraded":["Wraith Form v2"]}],"is_beta":false,"boss_relics":[{"not_picked":["Coffee Dripper","Ectoplasm"],"picked":"Eternal Feather"}],"items_purged_floors":[2],"is_endless":false,"potions_floor_spawned":[1,6,12,16,20],"killed_by":"Sentry and Sphere","ascension_level":3}