{"gold_per_floor":[113,113,188,188,203,203,222,222,222,238,249,249,249,259,259,354,354,371,385,401,416,430,430,430,430,453,464,482,494,510,510,510,510],"floor_reached":33,"playtime":2231,"items_purged":[],"score":294,"play_id":"5706cbdf-4a74-4cd5-9e97-b9a15a9e6b9b","local_time":"20180919131116","is_ascension_mode":true,"campfire_choices":[{"data":"Battle Trance","floor":6,"key":"SMITH"},{"data":"Shockwave","floor":8,"key":"SMITH"},{"data":"Hemokinesis","floor":12,"key":"SMITH"},{"data":"Disarm","floor":15,"key":"SMITH"},{"floor":23,"key":"REST"},{"data":"Inflame","floor":25,"key":"SMITH"},{"floor":32,"key":"REST"}],"neow_cost":"CURSE","seed_source_timestamp":575752952650406,"circlet_count":0,"master_deck":["Bash","Hemokinesis+1","Sword Boomerang","Armaments+1","Battle Trance+1","Shockwave+1","Disarm+1","Clothesline","Disarm+1","Impervious","Shrug It Off","Pommel Strike","Clash","Sword Boomerang","Inflame+1","Iron Wave","True Grit","Flex","Pummel","Sword Boomerang","Flex","Thunderclap+1","Inflame","Heavy Blade","Heavy Blade+1","Seeing Red","Shockwave","Decay"],"relics":["Burning Blood","Bag of Preparation","War Paint","Pandora\u0027s Box","Boot"],"potions_floor_usage":[14,22],"damage_taken":[{"damage":8,"enemies":"Jaw Worm","floor":1,"turns":4},{"damage":0,"enemies":"Small Slimes","floor":5,"turns":4},{"damage":2,"enemies":"Cultist","floor":7,"turns":2},{"damage":3,"enemies":"Looter","floor":10,"turns":3},{"damage":18,"enemies":"Exordium Thugs","floor":11,"turns":5},{"damage":14,"enemies":"Lots of Slimes","floor":14,"turns":6},{"damage":37,"enemies":"Slime Boss","floor":16,"turns":15},{"damage":21,"enemies":"Spheric Guardian","floor":18,"turns":7},{"damage":6,"enemies":"Shell Parasite","floor":19,"turns":5},{"damage":12,"enemies":"Snake Plant","floor":20,"turns":6},{"damage":24,"enemies":"Sentry and Sphere","floor":21,"turns":4},{"damage":14,"enemies":"3 Cultists","floor":22,"turns":3},{"damage":15,"enemies":"Snecko","floor":27,"turns":5},{"damage":15,"enemies":"Cultist and Chosen","floor":28,"turns":5},{"damage":14,"enemies":"Centurion and Healer","floor":29,"turns":5},{"damage":18,"enemies":"Snecko","floor":30,"turns":5},{"damage":41,"enemies":"Automaton","floor":33,"turns":4}],"seed_played":"-8399365659572459818","potions_obtained":[{"floor":1,"key":"BloodPotion"},{"floor":10,"key":"Strength Potion"},{"floor":16,"key":"Block Potion"},{"floor":18,"key":"BloodPotion"},{"floor":28,"key":"Strength Potion"}],"is_trial":false,"path_per_floor":["M","?","?","?","M","R","M","R","T","M","M","R","?","M","R","B",null,"M","M","M","M","M","R","?","R","T","M","M","M","M","?","R"],"character_chosen":"IRONCLAD","items_purchased":[],"campfire_rested":2,"item_purchase_floors":[],"current_hp_per_floor":[78,71,64,64,70,70,74,74,74,77,65,65,47,46,46,15,77,62,62,56,38,30,53,53,53,53,44,35,27,15,15,38,0],"gold":510,"neow_bonus":"TRANSFORM_TWO_CARDS","is_prod":false,"is_daily":false,"chose_seed":false,"campfire_upgraded":5,"win_rate":0,"timestamp":1537380676,"path_taken":["M","?","?","?","M","R","M","R","T","M","M","R","?","?","R","BOSS","M","M","M","M","M","R","?","R","T","M","M","?","M","?","R","BOSS"],"build_version":"2018-09-06","purchased_purges":0,"victory":false,"max_hp_per_floor":[80,77,77,77,77,77,77,77,77,77,77,77,77,77,77,77,77,77,77,77,77,77,77,77,77,77,77,77,77,77,77,77,77],"card_choices":[{"not_picked":["True Grit","Clash"],"picked":"Armaments","floor":1},{"not_picked":["Perfected Strike","Combust"],"picked":"Battle Trance","floor":5},{"not_picked":["Body Slam","Pummel"],"picked":"Shockwave","floor":7},{"not_picked":["Feel No Pain","Twin Strike"],"picked":"Disarm","floor":10},{"not_picked":["Twin Strike","Body Slam"],"picked":"Clothesline","floor":11},{"not_picked":["Burning Pact","Anger"],"picked":"Disarm","floor":14},{"not_picked":["Reaper","Double Tap"],"picked":"Impervious","floor":16},{"not_picked":["Fire Breathing+1","Armaments"],"picked":"Flex","floor":18},{"not_picked":["Armaments","Flex+1"],"picked":"Pummel","floor":19},{"not_picked":["Havoc","Uppercut"],"picked":"Sword Boomerang","floor":20},{"not_picked":["Bludgeon","Armaments+1"],"picked":"Flex","floor":21},{"not_picked":["Twin Strike+1","Intimidate"],"picked":"Thunderclap+1","floor":22},{"not_picked":["Sentinel","Entrench+1"],"picked":"Heavy Blade","floor":27},{"not_picked":["Headbutt+1","Perfected Strike"],"picked":"Heavy Blade+1","floor":28},{"not_picked":["Heavy Blade","Perfected Strike"],"picked":"Seeing Red","floor":29},{"not_picked":["Cleave+1","Entrench"],"picked":"Shockwave","floor":30}],"player_experience":171857,"relics_obtained":[{"floor":9,"key":"Bag of Preparation"},{"floor":26,"key":"Boot"}],"event_choices":[{"event_name":"Golden Wing","player_choice":"Card Removal","floor":2,"damage_taken":0},{"event_name":"FaceTrader","player_choice":"Touch","floor":3,"damage_taken":0},{"event_name":"Upgrade Shrine","player_choice":"Upgraded","floor":4,"damage_taken":0},{"event_name":"Scrap Ooze","player_choice":"success","floor":13,"damage_taken":18},{"event_name":"Duplicator","player_choice":"One dupe","floor":24,"damage_taken":0},{"event_name":"Forgotten Altar","player_choice":"Smashed Altar","floor":31,"damage_taken":0}],"is_beta":false,"boss_relics":[{"not_picked":["Velvet Choker","Calling Bell"],"picked":"Pandora\u0027s Box"}],"items_purged_floors":[],"is_endless":false,"potions_floor_spawned":[1,10,16,18,19,21,28,30],"killed_by":"Automaton","ascension_level":4}