{"gold_per_floor":[11,11,11,35,55,55,98,24,24,24,44,44,57,71,71,200,200,225,225,45,68,82,82,0,16,40,55,69,69,83,106,106,227,227,247,247,247,145,145,145,163,188,212,237,237,252,23,39,39,39],"floor_reached":51,"playtime":3352,"items_purged":["Strike_R","Strike_R"],"score":863,"play_id":"77e5dec6-8d25-4405-ab90-55b76c7bc69e","local_time":"20181005114246","is_ascension_mode":true,"campfire_choices":[{"floor":10,"key":"REST"},{"data":"Armaments","floor":15,"key":"SMITH"},{"data":"Armaments","floor":23,"key":"SMITH"},{"floor":32,"key":"REST"},{"floor":40,"key":"REST"},{"data":"Apotheosis","floor":49,"key":"SMITH"}],"neow_cost":"NO_GOLD","seed_source_timestamp":659815968772669,"circlet_count":0,"master_deck":["Strike_R+1","Defend_R","Defend_R","Defend_R","Defend_R","Bash+1","Immolate","Thunderclap","Shrug It Off","Body Slam+1","Battle Trance","Flame Barrier","Whirlwind","Cleave","Body Slam","Armaments+1","Barricade","Shrug It Off","Armaments+1","Headbutt+1","Shrug It Off","Reaper+1","Purity","Bash+1","Shrug It Off","Jack Of All Trades","Apotheosis+1"],"relics":["Burning Blood","Golden Idol","PreservedInsect","Matryoshka","Busted Crown","Bronze Scales","Bag of Preparation","Art of War","Smiling Mask","Red Skull","Molten Egg 2","Velvet Choker","Dead Branch","Pen Nib","Pear"],"potions_floor_usage":[16,30,30,33,50,50],"damage_taken":[{"damage":7,"enemies":"Jaw Worm","floor":1,"turns":3},{"damage":0,"enemies":"2 Louse","floor":4,"turns":2},{"damage":7,"enemies":"Small Slimes","floor":5,"turns":2},{"damage":18,"enemies":"Gremlin Nob","floor":7,"turns":3},{"damage":2,"enemies":"2 Fungi Beasts","floor":11,"turns":3},{"damage":0,"enemies":"Large Slime","floor":13,"turns":4},{"damage":1,"enemies":"Blue Slaver","floor":14,"turns":3},{"damage":64,"enemies":"Hexaghost","floor":16,"turns":11},{"damage":17,"enemies":"2 Thieves","floor":18,"turns":4},{"damage":0,"enemies":"Chosen","floor":21,"turns":3},{"damage":0,"enemies":"Snecko","floor":22,"turns":5},{"damage":0,"enemies":"3 Cultists","floor":25,"turns":3},{"damage":6,"enemies":"Shelled Parasite and Fungi","floor":27,"turns":4},{"damage":0,"enemies":"Snecko","floor":28,"turns":5},{"damage":6,"enemies":"Centurion and Healer","floor":30,"turns":6},{"damage":32,"enemies":"Snake Plant","floor":31,"turns":4},{"damage":47,"enemies":"Automaton","floor":33,"turns":12},{"damage":22,"enemies":"3 Darklings","floor":35,"turns":6},{"damage":9,"enemies":"Mind Bloom Boss Battle","floor":37,"turns":6},{"damage":6,"enemies":"Orb Walker","floor":41,"turns":3},{"damage":3,"enemies":"Reptomancer","floor":42,"turns":7},{"damage":0,"enemies":"4 Shapes","floor":44,"turns":7},{"damage":3,"enemies":"Maw","floor":46,"turns":6},{"damage":0,"enemies":"Spire Growth","floor":48,"turns":5},{"damage":59,"enemies":"Time Eater","floor":50,"turns":12}],"seed_played":"-8771839886363862124","potions_obtained":[{"floor":1,"key":"Block Potion"},{"floor":4,"key":"Ancient Potion"},{"floor":7,"key":"Weak Potion"},{"floor":13,"key":"FairyPotion"},{"floor":18,"key":"SteroidPotion"},{"floor":21,"key":"Fire Potion"},{"floor":41,"key":"Swift Potion"},{"floor":42,"key":"LiquidBronze"}],"is_trial":false,"path_per_floor":["M","?","?","M","M","?","E","$","T","R","M","$","M","M","R","B",null,"M","T","$","M","M","R","?","M","T","M","M","T","M","M","R","B",null,"M","?","?","$","?","R","M","M","T","M","T","M","$","M","R","B"],"character_chosen":"IRONCLAD","items_purchased":["Whirlwind","Shrug It Off","Art of War","Shrug It Off","Apotheosis"],"campfire_rested":3,"item_purchase_floors":[8,20,20,38,47],"current_hp_per_floor":[79,59,43,49,48,48,36,36,36,60,64,64,70,75,75,17,64,53,53,53,59,65,65,65,71,71,71,77,77,77,51,75,34,69,60,60,57,57,57,80,80,80,80,80,90,90,90,90,90,49],"gold":39,"neow_bonus":"TRANSFORM_TWO_CARDS","is_prod":false,"is_daily":false,"chose_seed":false,"campfire_upgraded":3,"win_rate":0,"timestamp":1538757766,"path_taken":["M","?","?","?","M","?","E","$","T","R","?","$","M","?","R","BOSS","M","?","$","M","M","R","?","?","T","?","M","?","?","M","R","BOSS","M","?","?","$","?","R","M","?","T","M","?","M","?","?","R","BOSS"],"build_version":"2018-10-04","purchased_purges":2,"victory":true,"max_hp_per_floor":[80,80,80,80,80,80,80,80,80,80,80,80,80,80,80,80,80,80,80,80,80,80,80,80,80,80,80,80,80,80,80,80,80,80,80,80,80,80,80,80,80,80,80,80,90,90,90,90,90,90],"card_choices":[{"not_picked":["Battle Trance","Clash"],"picked":"Shrug It Off","floor":1},{"not_picked":["Intimidate","Warcry"],"picked":"Body Slam","floor":4},{"not_picked":["Rupture","Pummel"],"picked":"Battle Trance","floor":5},{"not_picked":["Heavy Blade","Carnage"],"picked":"Flame Barrier","floor":7},{"not_picked":["Sever Soul","Anger"],"picked":"Cleave","floor":11},{"not_picked":["Wild Strike","Dropkick"],"picked":"Body Slam","floor":13},{"not_picked":["Sever Soul","True Grit"],"picked":"Armaments","floor":14},{"not_picked":["Double Tap","Limit Break"],"picked":"Barricade","floor":16},{"not_picked":["Warcry+1"],"picked":"SKIP","floor":18},{"not_picked":[],"picked":"Armaments","floor":21},{"not_picked":["Headbutt+1"],"picked":"SKIP","floor":22},{"not_picked":["Anger+1"],"picked":"SKIP","floor":25},{"not_picked":["Pummel"],"picked":"SKIP","floor":27},{"not_picked":["Clash"],"picked":"SKIP","floor":28},{"not_picked":[],"picked":"Headbutt+1","floor":30},{"not_picked":[],"picked":"Shrug It Off","floor":31},{"not_picked":[],"picked":"Reaper+1","floor":33},{"not_picked":["Thunderclap+1"],"picked":"SKIP","floor":35},{"not_picked":[],"picked":"Jack Of All Trades","floor":39},{"not_picked":["Reckless Charge+1"],"picked":"SKIP","floor":41},{"not_picked":["Thunderclap+1"],"picked":"SKIP","floor":42},{"not_picked":["Perfected Strike+1"],"picked":"SKIP","floor":44},{"not_picked":["Inflame"],"picked":"SKIP","floor":46},{"not_picked":["Shockwave"],"picked":"SKIP","floor":48}],"player_experience":194744,"relics_obtained":[{"floor":7,"key":"PreservedInsect"},{"floor":9,"key":"Matryoshka"},{"floor":19,"key":"Bronze Scales"},{"floor":19,"key":"Bag of Preparation"},{"floor":26,"key":"Smiling Mask"},{"floor":26,"key":"Red Skull"},{"floor":29,"key":"Molten Egg 2"},{"floor":37,"key":"Dead Branch"},{"floor":43,"key":"Pen Nib"},{"floor":45,"key":"Pear"}],"event_choices":[{"event_name":"Golden Idol","player_choice":"Take Damage","floor":2,"damage_taken":0},{"event_name":"Shining Light","player_choice":"Entered Light","floor":3,"damage_taken":0},{"event_name":"Living Wall","player_choice":"Grow","floor":6,"damage_taken":0},{"event_name":"Masked Bandits","player_choice":"Paid Fearfully","floor":24,"damage_taken":0},{"event_name":"Match and Keep!","player_choice":"2 cards matched","floor":36,"damage_taken":0},{"event_name":"MindBloom","player_choice":"Fight","floor":37,"damage_taken":0},{"event_name":"SensoryStone","player_choice":"Memory 1","floor":39,"damage_taken":0}],"is_beta":false,"boss_relics":[{"not_picked":["Black Blood","Calling Bell"],"picked":"Busted Crown"},{"not_picked":["Eternal Feather","Black Star"],"picked":"Velvet Choker"}],"items_purged_floors":[38,47],"is_endless":false,"potions_floor_spawned":[1,4,7,13,18,21,28,41,42],"ascension_level":5}