{"gold_per_floor":[116,132,151,170,183,208,208,238,261,275,275,291,291,305,305,407,407,423,440,450,461,461,461,461,461],"floor_reached":25,"playtime":2269,"items_purged":[],"score":219,"play_id":"5d0e836d-e623-4890-be75-f36bb153136f","local_time":"20190826012112","is_ascension_mode":false,"campfire_choices":[{"floor":7,"key":"REST"},{"floor":11,"key":"REST"},{"floor":13,"key":"RECALL"},{"floor":15,"key":"REST"},{"floor":23,"key":"REST"}],"neow_cost":"NONE","seed_source_timestamp":13932080223945,"circlet_count":0,"master_deck":["Strike_B","Strike_B","Strike_B","Defend_B","Defend_B","Zap+1","Dualcast","Coolheaded","Go for the Eyes","Gash","Gash","Conserve Battery","Stack","Echo Form","Stack","Capacitor","Hologram","Defragment","Turbo","Aggregate","Electrodynamics","Buffer+1","Skim+1","Capacitor+1","BootSequence","Beam Cell+1","Hologram+1","Self Repair","Genetic Algorithm+1","Gash","Rebound+1","Auto Shields","RitualDagger"],"relics":["Cracked Core","DataDisk","Prayer Wheel","Astrolabe","Orichalcum"],"potions_floor_usage":[6,6,16,16,18,21,25],"damage_taken":[{"damage":0,"enemies":"2 Louse","floor":1,"turns":2},{"damage":0,"enemies":"Small Slimes","floor":2,"turns":3},{"damage":0,"enemies":"Cultist","floor":3,"turns":3},{"damage":12,"enemies":"Large Slime","floor":4,"turns":6},{"damage":2,"enemies":"Blue Slaver","floor":5,"turns":3},{"damage":25,"enemies":"3 Sentries","floor":6,"turns":13},{"damage":30,"enemies":"Gremlin Nob","floor":8,"turns":5},{"damage":7,"enemies":"Looter","floor":10,"turns":4},{"damage":13,"enemies":"Red Slaver","floor":12,"turns":3},{"damage":12,"enemies":"Blue Slaver","floor":14,"turns":4},{"damage":7,"enemies":"The Guardian","floor":16,"turns":11},{"damage":17,"enemies":"Shell Parasite","floor":18,"turns":8},{"damage":15,"enemies":"3 Byrds","floor":19,"turns":5},{"damage":33,"enemies":"3 Cultists","floor":20,"turns":8},{"damage":0,"enemies":"Centurion and Healer","floor":21,"turns":6},{"damage":33,"enemies":"Slavers","floor":25,"turns":3}],"seed_played":"7067037086696332722","potions_obtained":[{"floor":3,"key":"Dexterity Potion"},{"floor":4,"key":"GamblersBrew"},{"floor":8,"key":"Dexterity Potion"},{"floor":14,"key":"Strength Potion"},{"floor":16,"key":"EssenceOfSteel"},{"floor":20,"key":"EssenceOfSteel"},{"floor":21,"key":"Weak Potion"}],"is_trial":false,"path_per_floor":["M","M","M","M","M","E","R","E","T","M","R","M","R","M","R","B",null,"M","M","M","M","?","R","?","E"],"character_chosen":"DEFECT","items_purchased":[],"campfire_rested":4,"item_purchase_floors":[],"current_hp_per_floor":[75,75,75,63,61,36,58,28,28,21,43,30,30,18,40,33,75,58,43,17,17,11,33,33,0],"gold":461,"neow_bonus":"UPGRADE_CARD","is_prod":false,"is_daily":false,"chose_seed":false,"campfire_upgraded":0,"win_rate":0,"timestamp":1566796872,"path_taken":["M","M","M","M","M","E","R","E","T","M","R","M","R","M","R","BOSS","M","M","M","M","?","R","?","E"],"build_version":"2019-07-17","purchased_purges":0,"victory":false,"max_hp_per_floor":[75,75,75,75,75,75,75,75,75,75,75,75,75,75,75,75,75,75,75,75,75,75,75,75,75],"card_choices":[{"not_picked":["Compile Driver","Leap"],"picked":"Coolheaded","floor":1},{"not_picked":["Rebound","Force Field"],"picked":"Go for the Eyes","floor":2},{"not_picked":["Beam Cell","Consume"],"picked":"Gash","floor":3},{"not_picked":["Coolheaded","Beam Cell"],"picked":"Gash","floor":4},{"not_picked":["Barrage","Lockon"],"picked":"Conserve Battery","floor":5},{"not_picked":["Cold Snap","Doom and Gloom"],"picked":"Stack","floor":6},{"not_picked":["Darkness","Hologram"],"picked":"Echo Form","floor":8},{"not_picked":["Aggregate","Ball Lightning"],"picked":"Stack","floor":10},{"not_picked":["Conserve Battery","Chill"],"picked":"Capacitor","floor":10},{"not_picked":["Stack","Gash"],"picked":"Hologram","floor":12},{"not_picked":["Double Energy","Redo"],"picked":"Defragment","floor":12},{"not_picked":["Undo","Beam Cell"],"picked":"Turbo","floor":14},{"not_picked":["Force Field","Ball Lightning"],"picked":"Aggregate","floor":14},{"not_picked":["Multi-Cast","Rainbow"],"picked":"Electrodynamics","floor":16},{"not_picked":["Streamline","Fusion"],"picked":"BootSequence","floor":18},{"not_picked":["Go for the Eyes","Barrage"],"picked":"Beam Cell+1","floor":18},{"not_picked":["Coolheaded","Streamline"],"picked":"Hologram+1","floor":19},{"not_picked":["Barrage+1","Heatsinks"],"picked":"Self Repair","floor":19},{"not_picked":["Leap","Coolheaded"],"picked":"Genetic Algorithm+1","floor":20},{"not_picked":["Steam Power","Stack"],"picked":"Gash","floor":20},{"not_picked":["Gash+1","Beam Cell"],"picked":"Rebound+1","floor":21},{"not_picked":["Steam","Conserve Battery"],"picked":"Auto Shields","floor":21}],"player_experience":105123,"relics_obtained":[{"floor":6,"key":"DataDisk"},{"floor":8,"key":"Prayer Wheel"}],"event_choices":[{"damage_healed":0,"gold_gain":0,"player_choice":"Joined the Cult","damage_taken":6,"max_hp_gain":0,"max_hp_loss":0,"event_name":"Nest","floor":22,"gold_loss":0,"cards_obtained":["RitualDagger"]},{"damage_healed":0,"gold_gain":0,"player_choice":"Opened","damage_taken":0,"relics_obtained":["Orichalcum"],"max_hp_gain":0,"max_hp_loss":0,"event_name":"The Mausoleum","floor":24,"gold_loss":0}],"is_beta":false,"boss_relics":[{"not_picked":["Tiny House","Fusion Hammer"],"picked":"Astrolabe"}],"items_purged_floors":[],"is_endless":false,"potions_floor_spawned":[3,4,8,14,16,20,21],"killed_by":"Slavers","ascension_level":0}