{"gold_per_floor":[111,111,111,111,111,124,138,156,180,64,64,83,103,68,68,197,197,187,286,301,100,100,134,134,134],"floor_reached":25,"playtime":1971,"items_purged":["Injury"],"score":236,"play_id":"75b1fd51-7c5d-4bd0-9480-6898fa417ce2","local_time":"20180911124942","is_ascension_mode":false,"campfire_choices":[{"data":"Limit Break","floor":11,"key":"SMITH"},{"data":"Searing Blow","floor":15,"key":"SMITH"},{"floor":24,"key":"REST"}],"neow_cost":"NONE","seed_source_timestamp":2389019649760682,"circlet_count":0,"master_deck":["Strike_R","Strike_R","Strike_R+1","Strike_R","Defend_R","Defend_R","Defend_R","Defend_R","Bash+1","Fire Breathing","Finesse","Feed","Metallicize","Heavy Blade","Limit Break+1","Searing Blow+1","Inflame","Heavy Blade","Intimidate","Double Tap","Shrug It Off","Shrug It Off","Demon Form"],"relics":["Burning Blood","Whetstone","Bloody Idol","Strawberry","Lizard Tail","Lee\u0027s Waffle","Boot"],"potions_floor_usage":[13,16,16],"damage_taken":[{"damage":0,"enemies":"Cultist","floor":1,"turns":3},{"damage":0,"enemies":"Jaw Worm","floor":6,"turns":4},{"damage":0,"enemies":"2 Louse","floor":7,"turns":5},{"damage":28,"enemies":"Exordium Wildlife","floor":8,"turns":8},{"damage":20,"enemies":"2 Fungi Beasts","floor":12,"turns":5},{"damage":7,"enemies":"Looter","floor":13,"turns":3},{"damage":75,"enemies":"Hexaghost","floor":16,"turns":12},{"damage":34,"enemies":"2 Thieves","floor":18,"turns":4},{"damage":29,"enemies":"Spheric Guardian","floor":20,"turns":6},{"damage":75,"enemies":"Book of Stabbing","floor":23,"turns":7},{"damage":134,"enemies":"Gremlin Leader","floor":25,"turns":8}],"seed_played":"3635038412141281928","potions_obtained":[{"floor":7,"key":"Block Potion"},{"floor":8,"key":"Energy Potion"},{"floor":12,"key":"Energy Potion"},{"floor":23,"key":"Poison Potion"}],"is_trial":false,"path_per_floor":["M","?","?","$","?","M","M","M","T","$","R","M","M","?","R","B",null,"M","?","M","$","?","E","R"],"character_chosen":"IRONCLAD","items_purchased":["Inflame","Lee\u0027s Waffle"],"campfire_rested":1,"item_purchase_floors":[10,21],"current_hp_per_floor":[80,80,80,80,80,80,83,64,71,71,71,57,59,83,83,14,96,68,68,45,103,103,39,69,0],"gold":134,"neow_bonus":"RANDOM_COMMON_RELIC","is_prod":false,"is_daily":false,"chose_seed":false,"campfire_upgraded":2,"win_rate":0.0,"timestamp":1536688182,"path_taken":["M","?","?","?","?","M","M","M","T","$","R","M","?","?","R","BOSS","M","?","M","$","?","E","R","E"],"build_version":"2018-09-06","purchased_purges":1,"victory":false,"max_hp_per_floor":[80,80,80,80,80,80,83,86,93,93,93,93,96,96,96,96,96,96,96,96,103,103,103,103,103],"card_choices":[{"not_picked":["True Grit","Pommel Strike"],"picked":"Fire Breathing","floor":1},{"not_picked":["Cleave","Sever Soul"],"picked":"Heavy Blade","floor":6},{"not_picked":["True Grit","Perfected Strike"],"picked":"Limit Break","floor":7},{"not_picked":["Warcry","Clash"],"picked":"Searing Blow","floor":8},{"not_picked":["Headbutt","Twin Strike"],"picked":"Heavy Blade","floor":12},{"not_picked":["True Grit","Perfected Strike"],"picked":"Intimidate","floor":13},{"not_picked":["Feed","Fiend Fire"],"picked":"Double Tap","floor":16},{"not_picked":["Armaments","Iron Wave"],"picked":"Shrug It Off","floor":18},{"not_picked":["Body Slam+1","Warcry+1"],"picked":"Shrug It Off","floor":20},{"not_picked":["Clash+1","Anger"],"picked":"Demon Form","floor":23}],"player_experience":12433,"relics_obtained":[{"floor":9,"key":"Strawberry"},{"floor":23,"key":"Boot"}],"event_choices":[{"event_name":"Match and Keep!","player_choice":"3 cards matched","floor":2,"damage_taken":0},{"event_name":"Purifier","player_choice":"One Purge","floor":3,"damage_taken":0},{"event_name":"Golden Idol","player_choice":"Take Wound","floor":5,"damage_taken":0},{"event_name":"The Cleric","player_choice":"Healed","floor":14,"damage_taken":0},{"event_name":"Nest","player_choice":"Stole From Cult","floor":19,"damage_taken":0},{"event_name":"Forgotten Altar","player_choice":"Gave Idol","floor":22,"damage_taken":0}],"is_beta":false,"boss_relics":[{"not_picked":["Runic Dome","Busted Crown"],"picked":"Lizard Tail"}],"items_purged_floors":[10],"is_endless":false,"potions_floor_spawned":[7,8,12,23],"killed_by":"Gremlin Leader","ascension_level":0}