{"gold_per_floor":[111,123,123,137,164,200,223,239,239,252,287,308,327,277,277,397,397,418,436,460,479,347,347,367,367,367,380,380,404,4,25,25,25],"floor_reached":33,"playtime":2814,"items_purged":[],"score":342,"play_id":"14f47c4e-44c5-4b6e-9bca-6d5302fc4a11","local_time":"20180911143734","is_ascension_mode":false,"campfire_choices":[{"data":"Bludgeon","floor":15,"key":"SMITH"},{"floor":23,"key":"REST"},{"floor":32,"key":"REST"}],"neow_cost":"NONE","seed_source_timestamp":2394648921004520,"circlet_count":0,"master_deck":["Strike_R","Strike_R","Strike_R","Strike_R","Strike_R","Defend_R","Defend_R","Defend_R","Defend_R","Bash","Impervious","Perfected Strike","Perfected Strike","Headbutt","Anger","Bludgeon+1","Shrug It Off","Perfected Strike","Clothesline","Flex","Impervious","Carnage+1","Rage","Pommel Strike","Rampage","Twin Strike","Bludgeon","Clash","Bandage Up","Berserk","Dual Wield","Anger","Mayhem","Iron Wave","Perfected Strike+1"],"relics":["Burning Blood","Golden Idol","Potion Belt","Pen Nib","Mummified Hand","Regal Pillow","Runic Pyramid","Juzu Bracelet","Frozen Eye"],"potions_floor_usage":[11,33],"damage_taken":[{"damage":5,"enemies":"Small Slimes","floor":1,"turns":4},{"damage":4,"enemies":"2 Louse","floor":2,"turns":2},{"damage":1,"enemies":"Cultist","floor":4,"turns":3},{"damage":14,"enemies":"Gremlin Nob","floor":6,"turns":3},{"damage":10,"enemies":"Exordium Thugs","floor":7,"turns":3},{"damage":0,"enemies":"3 Louse","floor":8,"turns":3},{"damage":5,"enemies":"Looter","floor":10,"turns":3},{"damage":13,"enemies":"Lagavulin","floor":11,"turns":3},{"damage":2,"enemies":"Blue Slaver","floor":12,"turns":3},{"damage":6,"enemies":"3 Louse","floor":13,"turns":4},{"damage":63,"enemies":"Hexaghost","floor":16,"turns":8},{"damage":0,"enemies":"Spheric Guardian","floor":18,"turns":4},{"damage":25,"enemies":"2 Thieves","floor":19,"turns":5},{"damage":23,"enemies":"Centurion and Healer","floor":20,"turns":6},{"damage":20,"enemies":"Snake Plant","floor":21,"turns":4},{"damage":0,"enemies":"Snecko","floor":24,"turns":3},{"damage":13,"enemies":"Shelled Parasite and Fungi","floor":27,"turns":5},{"damage":16,"enemies":"Snake Plant","floor":29,"turns":4},{"damage":5,"enemies":"Sentry and Sphere","floor":31,"turns":5},{"damage":107,"enemies":"Automaton","floor":33,"turns":6}],"seed_played":"1034276126129874056","potions_obtained":[{"floor":1,"key":"AttackPotion"},{"floor":4,"key":"PowerPotion"},{"floor":6,"key":"BloodPotion"},{"floor":10,"key":"SneckoOil"},{"floor":16,"key":"Fire Potion"},{"floor":21,"key":"SpeedPotion"},{"floor":24,"key":"Regen Potion"},{"floor":31,"key":"Block Potion"}],"is_trial":false,"path_per_floor":["M","M","?","M","T","E","M","M","T","M","E","M","M","?","R","B",null,"M","M","M","M","$","R","M","?","T","M","?","M","$","M","R"],"character_chosen":"IRONCLAD","items_purchased":["Twin Strike","Bludgeon","Frozen Eye","Mayhem","Iron Wave"],"campfire_rested":2,"item_purchase_floors":[22,22,30,30,30],"current_hp_per_floor":[80,80,80,80,80,72,68,74,74,75,68,72,72,72,72,15,80,80,61,44,30,30,69,75,59,59,56,56,46,46,51,80,0],"gold":25,"neow_bonus":"ONE_RANDOM_RARE_CARD","is_prod":false,"is_daily":false,"chose_seed":false,"campfire_upgraded":1,"win_rate":0.0,"timestamp":1536694654,"path_taken":["M","M","?","?","?","E","M","M","T","M","E","M","M","?","R","BOSS","M","M","M","M","$","R","M","?","T","M","?","M","$","M","R","BOSS"],"build_version":"2018-09-06","purchased_purges":0,"victory":false,"max_hp_per_floor":[80,80,80,80,80,80,80,80,80,80,80,80,80,80,80,80,80,80,80,80,80,80,80,80,80,80,80,80,80,80,80,80,80],"card_choices":[{"not_picked":["Clothesline","Metallicize"],"picked":"Perfected Strike","floor":1},{"not_picked":["Bloodletting","Intimidate"],"picked":"Perfected Strike","floor":2},{"not_picked":["Reckless Charge","Warcry"],"picked":"Headbutt","floor":4},{"not_picked":["Shrug It Off","Clash"],"picked":"Anger","floor":6},{"not_picked":["Armaments","Shrug It Off"],"picked":"Bludgeon","floor":7},{"not_picked":["Armaments","Combust"],"picked":"Shrug It Off","floor":8},{"not_picked":["Pommel Strike","Entrench"],"picked":"Perfected Strike","floor":10},{"not_picked":["Fire Breathing","Flame Barrier"],"picked":"Clothesline","floor":11},{"not_picked":["Entrench","Sever Soul"],"picked":"Flex","floor":12},{"not_picked":["Sword Boomerang","Iron Wave"],"picked":"Whirlwind","floor":13},{"not_picked":["Brutality","Feed"],"picked":"Impervious","floor":16},{"not_picked":["Flame Barrier","Bloodletting"],"picked":"Carnage+1","floor":18},{"not_picked":["Flex","Fire Breathing"],"picked":"Rage","floor":19},{"not_picked":["Clash+1","Headbutt"],"picked":"Pommel Strike","floor":20},{"not_picked":["Headbutt","Flame Barrier"],"picked":"Rampage","floor":21},{"not_picked":["Iron Wave","Battle Trance+1"],"picked":"Clash","floor":24},{"not_picked":["Anger","Iron Wave"],"picked":"Berserk","floor":27},{"not_picked":["Armaments","True Grit+1"],"picked":"Anger","floor":29},{"not_picked":["Carnage","Seeing Red"],"picked":"Perfected Strike+1","floor":31}],"player_experience":18021,"relics_obtained":[{"floor":5,"key":"Potion Belt"},{"floor":6,"key":"Pen Nib"},{"floor":9,"key":"Mummified Hand"},{"floor":11,"key":"Regal Pillow"},{"floor":26,"key":"Juzu Bracelet"}],"event_choices":[{"event_name":"Golden Idol","player_choice":"Take Wound","floor":3,"damage_taken":0},{"event_name":"The Cleric","player_choice":"Card Removal","floor":14,"damage_taken":0},{"event_name":"Knowing Skull","player_choice":"CARD ","floor":25,"damage_taken":0},{"event_name":"Transmorgrifier","player_choice":"Transform","floor":28,"damage_taken":0}],"is_beta":false,"boss_relics":[{"not_picked":["Tiny House","Philosopher\u0027s Stone"],"picked":"Runic Pyramid"}],"items_purged_floors":[],"is_endless":false,"potions_floor_spawned":[1,4,6,10,16,21,24,31],"killed_by":"Automaton","ascension_level":0}