{"gold_per_floor":[117,133,133,145,162,196,196,72,72,72,89,101,101,115,115,190,240,257,257,269,284,284,284,312,312,612,612,624,634,130,130,130,208,208,221,235,64,64,64,64],"floor_reached":40,"playtime":3021,"items_purged":["Defend_B","Strike_B","Strike_B+1"],"score":714,"play_id":"c2e33370-0981-476b-99cf-0fc5972a3fda","local_time":"20190807235308","is_ascension_mode":true,"campfire_choices":[{"data":"Zap","floor":7,"key":"SMITH"},{"data":"Hologram","floor":10,"key":"SMITH"},{"floor":13,"key":"REST"},{"floor":15,"key":"REST"},{"data":"Redo","floor":23,"key":"SMITH"},{"floor":25,"key":"REST"},{"data":"Capacitor","floor":27,"key":"SMITH"},{"floor":32,"key":"REST"}],"neow_cost":"NONE","seed_source_timestamp":548198852598559,"circlet_count":0,"master_deck":["AscendersBane","Strike_B+1","Strike_B+1","Defend_B+1","Defend_B+1","Defend_B+1","Zap+1","Dualcast+1","Conserve Battery+1","Hologram+1","Electrodynamics","Coolheaded","Capacitor+1","Gash+1","Self Repair","All For One+1","Redo+1","Cold Snap+1","Blizzard+1","Streamline+1","Blind","Machine Learning","Gash+1"],"relics":["Cracked Core","Whetstone","Anchor","Molten Egg 2","Tiny House","Unceasing Top","Ice Cream","Old Coin","Calipers","Philosopher\u0027s Stone"],"potions_floor_usage":[24,33,40],"damage_taken":[{"damage":2,"enemies":"2 Louse","floor":1,"turns":2},{"damage":0,"enemies":"Jaw Worm","floor":2,"turns":3},{"damage":0,"enemies":"Cultist","floor":4,"turns":3},{"damage":3,"enemies":"2 Fungi Beasts","floor":5,"turns":3},{"damage":16,"enemies":"Lagavulin","floor":6,"turns":8},{"damage":2,"enemies":"Exordium Wildlife","floor":11,"turns":2},{"damage":2,"enemies":"Red Slaver","floor":12,"turns":3},{"damage":0,"enemies":"Exordium Thugs","floor":14,"turns":2},{"damage":10,"enemies":"Slime Boss","floor":16,"turns":8},{"damage":14,"enemies":"Chosen","floor":18,"turns":5},{"damage":13,"enemies":"Shell Parasite","floor":20,"turns":6},{"damage":30,"enemies":"Snake Plant","floor":21,"turns":5},{"damage":27,"enemies":"Slavers","floor":24,"turns":4},{"damage":14,"enemies":"Centurion and Healer","floor":28,"turns":7},{"damage":2,"enemies":"Snecko","floor":29,"turns":6},{"damage":27,"enemies":"Automaton","floor":33,"turns":12},{"damage":16,"enemies":"Orb Walker","floor":35,"turns":4},{"damage":23,"enemies":"3 Darklings","floor":36,"turns":5},{"damage":41,"enemies":"Reptomancer","floor":40,"turns":3}],"seed_played":"-1437630015414782587","potions_obtained":[{"floor":6,"key":"Block Potion"},{"floor":11,"key":"FairyPotion"},{"floor":28,"key":"FocusPotion"},{"floor":33,"key":"FearPotion"},{"floor":36,"key":"Explosive Potion"}],"is_trial":false,"path_per_floor":["M","M","?","M","M","E","R","$","T","R","M","M","R","M","R","B",null,"M","?","M","M","?","R","E","R","T","R","M","M","$","?","R","B",null,"M","M","$","?","$","E"],"character_chosen":"DEFECT","items_purchased":["Coolheaded","Calipers","Blind","Gash+1"],"campfire_rested":4,"item_purchase_floors":[8,30,30,37],"current_hp_per_floor":[62,62,41,41,38,22,22,22,22,22,20,18,39,39,60,50,71,64,64,58,35,35,35,15,37,37,37,30,35,35,35,57,37,66,57,41,41,41,41,0],"gold":64,"neow_bonus":"RANDOM_COMMON_RELIC","is_prod":false,"is_daily":false,"chose_seed":false,"campfire_upgraded":4,"win_rate":0,"timestamp":1565189588,"path_taken":["M","M","?","M","M","E","R","$","T","R","M","M","R","M","R","BOSS","M","?","M","M","?","R","E","R","T","R","M","?","$","?","R","BOSS","M","M","$","?","$","E"],"build_version":"2019-07-17","purchased_purges":3,"victory":false,"max_hp_per_floor":[71,71,71,71,71,71,71,71,71,71,71,71,71,71,71,71,76,76,76,76,76,76,76,76,76,76,76,76,76,76,76,76,76,76,76,76,76,76,76,76],"card_choices":[{"not_picked":["Turbo","Rebound"],"picked":"Conserve Battery","floor":1},{"not_picked":["Barrage","Ball Lightning"],"picked":"Hologram","floor":2},{"not_picked":["Conserve Battery","Redo","Leap"],"picked":"SKIP","floor":4},{"not_picked":["Sweeping Beam","Coolheaded"],"picked":"Electrodynamics","floor":5},{"not_picked":["Storm","Stack","Sweeping Beam"],"picked":"SKIP","floor":6},{"not_picked":["Coolheaded","Streamline+1"],"picked":"Capacitor","floor":11},{"not_picked":["Conserve Battery","Leap"],"picked":"Gash+1","floor":12},{"not_picked":["Coolheaded","Barrage+1"],"picked":"Self Repair","floor":14},{"not_picked":["Biased Cognition","Seek"],"picked":"All For One+1","floor":16},{"not_picked":["Steam","Compile Driver+1"],"picked":"Redo","floor":17},{"not_picked":["White Noise","Fusion"],"picked":"Cold Snap+1","floor":18},{"not_picked":["Leap","Conserve Battery","Force Field"],"picked":"SKIP","floor":20},{"not_picked":["BootSequence","Darkness"],"picked":"Blizzard+1","floor":21},{"not_picked":["Sunder+1","Compile Driver+1","Reprogram"],"picked":"SKIP","floor":24},{"not_picked":["Steam","Hello World","Compile Driver+1"],"picked":"SKIP","floor":28},{"not_picked":["Turbo","Coolheaded"],"picked":"Streamline+1","floor":29},{"not_picked":["Seek","Core Surge+1"],"picked":"Machine Learning","floor":33},{"not_picked":["Lockon+1","Sweeping Beam+1","Darkness"],"picked":"SKIP","floor":35},{"not_picked":["Coolheaded+1","Stack","Meteor Strike+1"],"picked":"SKIP","floor":36}],"player_experience":460187,"relics_obtained":[{"floor":6,"key":"Anchor"},{"floor":9,"key":"Molten Egg 2"},{"floor":24,"key":"Ice Cream"},{"floor":26,"key":"Old Coin"}],"event_choices":[{"damage_healed":0,"gold_gain":0,"player_choice":"Entered Light","damage_taken":21,"max_hp_gain":0,"max_hp_loss":0,"event_name":"Shining Light","floor":3,"gold_loss":0,"cards_upgraded":["Dualcast","Defend_B"]},{"damage_healed":0,"gold_gain":0,"player_choice":"Ignored","damage_taken":0,"max_hp_gain":0,"max_hp_loss":0,"event_name":"The Mausoleum","floor":19,"gold_loss":0},{"damage_healed":0,"gold_gain":0,"player_choice":"Gave Potion","damage_taken":0,"relics_obtained":["Unceasing Top"],"max_hp_gain":0,"max_hp_loss":0,"event_name":"WeMeetAgain","floor":22,"gold_loss":0},{"damage_healed":0,"gold_gain":0,"player_choice":"Simplicity","damage_taken":0,"max_hp_gain":0,"max_hp_loss":0,"event_name":"Back to Basics","floor":31,"gold_loss":0,"cards_upgraded":["Strike_B","Defend_B","Defend_B"]},{"damage_healed":0,"gold_gain":0,"player_choice":"Ignored","damage_taken":0,"max_hp_gain":0,"max_hp_loss":0,"event_name":"SecretPortal","floor":38,"gold_loss":0}],"is_beta":false,"boss_relics":[{"not_picked":["Pandora\u0027s Box","Snecko Eye"],"picked":"Tiny House"},{"not_picked":["Eternal Feather","Velvet Choker"],"picked":"Philosopher\u0027s Stone"}],"items_purged_floors":[8,30,37],"is_endless":false,"potions_floor_spawned":[6,11,18,28,33,36],"killed_by":"Reptomancer","ascension_level":15}