{"gold_per_floor":[117,117,127,202,202,231,231,241,264,276,276,276,295,295,295,295],"floor_reached":16,"playtime":463,"items_purged":[],"score":300,"play_id":"8e76a422-c4f0-4a3e-9871-8ca9175543da","local_time":"20190822175238","is_ascension_mode":true,"campfire_choices":[{"data":"Zap","floor":7,"key":"SMITH"},{"data":"Loop","floor":12,"key":"SMITH"},{"floor":15,"key":"REST"}],"neow_cost":"NONE","seed_source_timestamp":1825052952937644,"circlet_count":0,"master_deck":["AscendersBane","Strike_B","Strike_B","Strike_B","Defend_B","Defend_B","Defend_B","Defend_B","Zap+1","Dualcast","Gash","BootSequence","Gash","Loop+1","Hologram","Rainbow"],"relics":["Cracked Core","NeowsBlessing","Question Card","Cables","Potion Belt","Golden Idol"],"potions_floor_usage":[16],"damage_taken":[{"damage":0,"enemies":"Jaw Worm","floor":1,"turns":1},{"damage":0,"enemies":"Cultist","floor":3,"turns":1},{"damage":0,"enemies":"Lagavulin","floor":6,"turns":1},{"damage":0,"enemies":"2 Louse","floor":8,"turns":3},{"damage":11,"enemies":"2 Fungi Beasts","floor":10,"turns":3},{"damage":8,"enemies":"Lots of Slimes","floor":13,"turns":3},{"damage":34,"enemies":"Slime Boss","floor":16,"turns":10}],"seed_played":"2651361451674400332","potions_obtained":[{"floor":1,"key":"FairyPotion"},{"floor":2,"key":"EssenceOfSteel"},{"floor":10,"key":"Ancient Potion"}],"is_trial":false,"path_per_floor":["M","?","M","?","T","E","R","M","T","M","?","R","M","?","R","B"],"character_chosen":"DEFECT","items_purchased":[],"campfire_rested":1,"item_purchase_floors":[],"current_hp_per_floor":[64,64,64,53,53,53,53,53,53,42,18,18,10,3,24,0],"gold":295,"neow_bonus":"THREE_ENEMY_KILL","is_prod":false,"is_daily":false,"chose_seed":false,"campfire_upgraded":2,"win_rate":0,"timestamp":1566463958,"path_taken":["M","?","?","?","?","E","R","M","T","?","?","R","M","?","R","BOSS"],"build_version":"2019-07-17","purchased_purges":0,"victory":false,"max_hp_per_floor":[71,71,71,71,71,71,71,71,71,71,71,71,71,71,71,71],"card_choices":[{"not_picked":["Melter","Redo"],"picked":"Gash","floor":1},{"not_picked":["Streamline","Storm"],"picked":"BootSequence","floor":3},{"not_picked":["Redo","Double Energy","Doom and Gloom"],"picked":"Gash","floor":6},{"not_picked":["Storm","Consume","Gash"],"picked":"Loop","floor":8},{"not_picked":["Redo","Melter","Compile Driver"],"picked":"Hologram","floor":10},{"not_picked":["Stack","Steam","Sunder"],"picked":"Rainbow","floor":13}],"player_experience":545494,"relics_obtained":[{"floor":5,"key":"Question Card"},{"floor":6,"key":"Cables"},{"floor":9,"key":"Potion Belt"}],"event_choices":[{"damage_healed":0,"gold_gain":0,"player_choice":"Got Potions","damage_taken":0,"max_hp_gain":0,"max_hp_loss":0,"event_name":"Lab","floor":2,"gold_loss":0},{"damage_healed":0,"gold_gain":75,"player_choice":"Gather Gold","damage_taken":11,"max_hp_gain":0,"max_hp_loss":0,"event_name":"World of Goop","floor":4,"gold_loss":0},{"damage_healed":0,"gold_gain":0,"player_choice":"Take Damage","damage_taken":24,"relics_obtained":["Golden Idol"],"max_hp_gain":0,"max_hp_loss":0,"event_name":"Golden Idol","floor":11,"gold_loss":0},{"cards_removed":["Strike_B"],"damage_healed":0,"gold_gain":0,"player_choice":"Card Removal","damage_taken":7,"max_hp_gain":0,"max_hp_loss":0,"event_name":"Golden Wing","floor":14,"gold_loss":0}],"is_beta":false,"boss_relics":[],"items_purged_floors":[],"is_endless":false,"potions_floor_spawned":[1,10],"killed_by":"Slime Boss","ascension_level":20}