{"gold_per_floor":[117,117,136,147,127,127,152,152,152,152,162,191,191,204,204,301,301,318,330,32,51,97,127,139,163,201,213,58,58,21,51,51,147,147,166,184,198,35,51,51,80,80,130,159,159,159,159,179,179,179],"floor_reached":51,"playtime":6303,"items_purged":["Strike_G"],"score":1044,"play_id":"30e7bf7d-ca2d-4862-beca-882e4a8a5103","local_time":"20190818001152","is_ascension_mode":true,"campfire_choices":[{"data":"Neutralize","floor":6,"key":"SMITH"},{"data":"Sucker Punch","floor":8,"key":"SMITH"},{"floor":10,"key":"REST"},{"data":"Cloak And Dagger","floor":13,"key":"SMITH"},{"data":"Well Laid Plans","floor":15,"key":"SMITH"},{"data":"Blade Dance","floor":24,"key":"SMITH"},{"floor":29,"key":"REST"},{"data":"After Image","floor":32,"key":"SMITH"},{"floor":40,"key":"REST"},{"floor":42,"key":"REST"},{"data":"Burst","floor":45,"key":"SMITH"},{"data":"Enlightenment","floor":47,"key":"SMITH"},{"floor":49,"key":"REST"}],"neow_cost":"NONE","seed_source_timestamp":349952705529878,"circlet_count":0,"master_deck":["Strike_G+1","Strike_G+1","Defend_G+1","Defend_G+1","Defend_G+1","Defend_G+1","Survivor","Neutralize+1","Sucker Punch+1","All Out Attack+1","Dagger Spray","Backflip","Flying Knee+1","Slice","Cloak And Dagger+1","Well Laid Plans+1","After Image+1","Dagger Spray+1","Storm of Steel+1","Night Terror+1","Endless Agony+1","Blade Dance+1","Infinite Blades","Backflip","Dagger Spray+1","PiercingWail","Finesse+1","Infinite Blades","Footwork","PiercingWail+1","Envenom","Dodge and Roll","Quick Slash","Outmaneuver+1","Malaise+1","Enlightenment+1","Burst+1","Cloak And Dagger+1","Deflect+1"],"special_seed":0,"relics":["Ring of the Serpent","Kunai","Darkstone Periapt","Bag of Marbles","Astrolabe","Tiny Chest","Boot","MawBank","Anchor","Whetstone","War Paint","Bag of Preparation","Art of War"],"potions_floor_usage":[7,19,19,23,31,31,33,39,41,41],"damage_taken":[{"damage":0.0,"enemies":"Small Slimes","floor":1.0,"turns":3.0},{"damage":0.0,"enemies":"2 Louse","floor":3.0,"turns":2.0},{"damage":0.0,"enemies":"Cultist","floor":4.0,"turns":4.0},{"damage":26,"enemies":"Lagavulin","floor":7,"turns":8},{"damage":0,"enemies":"Exordium Thugs","floor":11,"turns":3},{"damage":7,"enemies":"3 Sentries","floor":12,"turns":7},{"damage":0,"enemies":"Looter","floor":14,"turns":2},{"damage":5,"enemies":"The Guardian","floor":16,"turns":14},{"damage":0,"enemies":"Spheric Guardian","floor":18,"turns":5},{"damage":1,"enemies":"Chosen","floor":19,"turns":5},{"damage":21,"enemies":"Centurion and Healer","floor":21,"turns":9},{"damage":8,"enemies":"Book of Stabbing","floor":23,"turns":8},{"damage":7,"enemies":"Snecko","floor":25,"turns":7},{"damage":14,"enemies":"Slavers","floor":31,"turns":5},{"damage":30,"enemies":"Automaton","floor":33,"turns":13},{"damage":0,"enemies":"3 Darklings","floor":35,"turns":5},{"damage":0,"enemies":"3 Shapes","floor":36,"turns":6},{"damage":16,"enemies":"Spire Growth","floor":37,"turns":10},{"damage":13,"enemies":"Sphere and 2 Shapes","floor":39,"turns":5},{"damage":20,"enemies":"Reptomancer","floor":41,"turns":10},{"damage":4,"enemies":"Nemesis","floor":44,"turns":7},{"damage":0,"enemies":"Jaw Worm Horde","floor":48,"turns":5},{"damage":20,"enemies":"Awakened One","floor":50,"turns":32}],"seed_played":"-1614870259440172479","potions_obtained":[{"floor":1.0,"key":"GamblersBrew"},{"floor":3.0,"key":"Energy Potion"},{"floor":12,"key":"Weak Potion"},{"floor":14,"key":"GamblersBrew"},{"floor":19,"key":"Fire Potion"},{"floor":21,"key":"Dexterity Potion"},{"floor":23,"key":"Fire Potion"},{"floor":31,"key":"PowerPotion"},{"floor":36,"key":"Dexterity Potion"},{"floor":37,"key":"SkillPotion"}],"is_trial":false,"path_per_floor":["M","?","M","M","?","R","E","R","T","R","M","E","R","M","R","B",null,"M","M","$","M","T","E","R","M","T","?","$","R","$","E","R","B",null,"M","M","M","$","M","R","E","R","T","E","R","?","R","M","R","B",null],"character_chosen":"THE_SILENT","items_purchased":["Infinite Blades","Backflip","Tiny Chest","Finesse","Infinite Blades","Footwork","Malaise","Enlightenment"],"campfire_rested":5,"item_purchase_floors":[20,20,20,28,28,30,38,38],"current_hp_per_floor":[63,68,68,68,68,68,42,42,42,64,64,57,57,57,57,52,69,69,68,68,47,47,39,39,32,32,32,32,54,54,40,40,10,59,59,59,43,43,30,52,32,54,54,50,50,50,50,50,72,52],"gold":179,"neow_bonus":"THREE_CARDS","is_prod":false,"is_daily":false,"chose_seed":false,"campfire_upgraded":8,"win_rate":0,"timestamp":1566101512,"path_taken":["M","?","M","M","?","R","E","R","T","R","M","E","R","M","R","BOSS","M","?","$","M","?","E","R","M","T","?","$","R","?","E","R","BOSS","M","M","M","?","M","R","E","R","T","E","R","?","R","M","R","BOSS"],"build_version":"2019-07-17","purchased_purges":1,"victory":true,"max_hp_per_floor":[70,75,75,75,75,75,75,75,75,75,75,75,75,75,75,75,75,75,75,75,75,75,75,75,75,75,75,75,75,75,75,75,75,75,75,75,75,75,75,75,75,75,75,75,75,75,75,75,75,75],"card_choices":[{"not_picked":["Skewer","Bane"],"picked":"Sucker Punch","floor":0.0},{"not_picked":["Deflect","Outmaneuver"],"picked":"All Out Attack","floor":1.0},{"not_picked":["Escape Plan","Crippling Poison"],"picked":"Dagger Spray","floor":3.0},{"not_picked":["Heel Hook","Dodge and Roll"],"picked":"Backflip","floor":4.0},{"not_picked":["A Thousand Cuts","Predator"],"picked":"Flying Knee","floor":7},{"not_picked":["Footwork","Acrobatics"],"picked":"Slice","floor":11},{"not_picked":["Acrobatics","Blade Dance"],"picked":"Cloak And Dagger","floor":12},{"not_picked":["Burst","Finisher"],"picked":"Well Laid Plans","floor":14},{"not_picked":["Night Terror","Glass Knife"],"picked":"After Image","floor":16},{"not_picked":["PiercingWail+1","Slice"],"picked":"Endless Agony+1","floor":18},{"not_picked":["Dagger Throw","Crippling Poison"],"picked":"Blade Dance","floor":19},{"not_picked":["Outmaneuver","Tactician+1"],"picked":"Dagger Spray+1","floor":21},{"not_picked":["Outmaneuver","Bane","Night Terror"],"picked":"SKIP","floor":23},{"not_picked":["Accuracy","Deadly Poison"],"picked":"PiercingWail","floor":25},{"not_picked":["Deadly Poison+1","Expertise+1"],"picked":"PiercingWail+1","floor":31},{"not_picked":["Die Die Die","Malaise"],"picked":"Envenom","floor":33},{"not_picked":["Sucker Punch","Dagger Throw+1"],"picked":"Dodge and Roll","floor":35},{"not_picked":["Outmaneuver","Dagger Throw"],"picked":"Quick Slash","floor":36},{"not_picked":["Backstab+1","Phantasmal Killer"],"picked":"Outmaneuver+1","floor":37},{"not_picked":["Sucker Punch","Underhanded Strike","Dagger Throw+1"],"picked":"SKIP","floor":39},{"not_picked":["Sucker Punch","Reflex"],"picked":"Burst","floor":41},{"not_picked":["Bane+1","Prepared+1"],"picked":"Cloak And Dagger+1","floor":44},{"not_picked":["Dagger Spray+1","Crippling Poison+1"],"picked":"Deflect+1","floor":48}],"player_experience":419349,"relics_obtained":[{"floor":7,"key":"Kunai"},{"floor":9,"key":"Darkstone Periapt"},{"floor":12,"key":"Bag of Marbles"},{"floor":22,"key":"Boot"},{"floor":23,"key":"MawBank"},{"floor":26,"key":"Anchor"},{"floor":31,"key":"Whetstone"},{"floor":41,"key":"War Paint"},{"floor":43,"key":"Bag of Preparation"},{"floor":44,"key":"Art of War"}],"event_choices":[{"damage_healed":0.0,"max_hp_gain":5.0,"max_hp_loss":0.0,"gold_gain":0.0,"event_name":"Big Fish","player_choice":"Donut","floor":2.0,"gold_loss":0.0,"damage_taken":0.0},{"damage_healed":0.0,"max_hp_gain":0.0,"max_hp_loss":0.0,"gold_gain":0.0,"event_name":"The Woman in Blue","player_choice":"Bought 1 Potion","floor":5.0,"gold_loss":0.0,"damage_taken":0.0},{"damage_healed":0,"gold_gain":0,"player_choice":"Simplicity","damage_taken":0,"max_hp_gain":0,"max_hp_loss":0,"event_name":"Back to Basics","floor":27,"gold_loss":0,"cards_upgraded":["Strike_G","Strike_G","Defend_G","Defend_G","Defend_G","Defend_G"]},{"damage_healed":0,"gold_gain":0,"player_choice":"Ignored","damage_taken":0,"max_hp_gain":0,"max_hp_loss":0,"event_name":"Mysterious Sphere","floor":46,"gold_loss":0}],"is_beta":false,"boss_relics":[{"not_picked":["Velvet Choker","Ectoplasm"],"picked":"Astrolabe"},{"not_picked":["Pandora\u0027s Box","Fusion Hammer"],"picked":"Ring of the Serpent"}],"items_purged_floors":[20],"is_endless":false,"potions_floor_spawned":[1,3,12,14,19,21,23,31,36,37],"ascension_level":9}