{"gold_per_floor":[110,35,35,55,55,55,73,73,73,99,99,118,128,148,148,246,246,264,284,296,309,322,322,354,354,354,354,354,365,380,380],"floor_reached":31,"playtime":12453,"items_purged":["Defend_B"],"score":261,"play_id":"1ed24061-d188-4732-8858-4d34c855f671","local_time":"20190625041234","is_ascension_mode":false,"campfire_choices":[{"data":"Conserve Battery","floor":6,"key":"SMITH"},{"data":"Biased Cognition","floor":8,"key":"SMITH"},{"data":"Dualcast","floor":11,"key":"SMITH"},{"data":"Go for the Eyes","floor":15,"key":"SMITH"},{"data":"Thunder Strike","floor":23,"key":"SMITH"},{"data":"Static Discharge","floor":25,"key":"SMITH"},{"floor":28,"key":"REST"}],"neow_cost":"NONE","seed_source_timestamp":1748906334545981,"circlet_count":0,"master_deck":["Strike_B+1","Strike_B","Strike_B","Defend_B","Defend_B","Defend_B","Zap+1","Dualcast+1","Conserve Battery+1","Steam+1","Biased Cognition+1","Barrage+1","Go for the Eyes+1","Ball Lightning","Thunder Strike+1","Compile Driver","Static Discharge+1","Fission","Melter+1","Buffer","Machine Learning"],"relics":["Cracked Core","Whetstone","Nuclear Battery","Dodecahedron","Mercury Hourglass"],"potions_floor_usage":[21,24,29,30],"damage_taken":[{"damage":1,"enemies":"2 Louse","floor":1,"turns":3},{"damage":0,"enemies":"Small Slimes","floor":4,"turns":3},{"damage":0,"enemies":"Jaw Worm","floor":7,"turns":2},{"damage":11,"enemies":"Lagavulin","floor":10,"turns":6},{"damage":0,"enemies":"2 Fungi Beasts","floor":12,"turns":3},{"damage":2,"enemies":"Looter","floor":13,"turns":2},{"damage":0,"enemies":"Large Slime","floor":14,"turns":4},{"damage":25,"enemies":"The Guardian","floor":16,"turns":9},{"damage":0,"enemies":"Chosen","floor":18,"turns":3},{"damage":5,"enemies":"3 Byrds","floor":19,"turns":4},{"damage":17,"enemies":"3 Cultists","floor":20,"turns":5},{"damage":4,"enemies":"Centurion and Healer","floor":21,"turns":5},{"damage":19,"enemies":"Cultist and Chosen","floor":22,"turns":5},{"damage":23,"enemies":"Book of Stabbing","floor":24,"turns":4},{"damage":1,"enemies":"Snake Plant","floor":29,"turns":2},{"damage":24,"enemies":"3 Cultists","floor":30,"turns":4},{"damage":15,"enemies":"Snecko","floor":31,"turns":2}],"seed_played":"1988971446402510221","potions_obtained":[{"floor":1,"key":"Fire Potion"},{"floor":14,"key":"SteroidPotion"},{"floor":16,"key":"Dexterity Potion"},{"floor":22,"key":"FearPotion"}],"is_trial":false,"path_per_floor":["M","$","?","M","?","R","M","R","T","E","R","M","M","M","R","B",null,"M","M","M","M","M","R","E","R","T","?","R","M","M","M"],"character_chosen":"DEFECT","items_purchased":[],"campfire_rested":1,"item_purchase_floors":[],"current_hp_per_floor":[81,81,81,81,65,65,65,65,65,54,54,54,52,52,52,27,82,82,77,60,56,37,37,14,14,14,14,38,37,13,0],"gold":380,"neow_bonus":"TEN_PERCENT_HP_BONUS","is_prod":false,"is_daily":false,"chose_seed":false,"campfire_upgraded":6,"win_rate":0.0,"timestamp":1561403554,"path_taken":["M","$","?","M","?","R","M","R","T","E","R","M","M","M","R","BOSS","M","M","M","M","M","R","E","R","T","?","R","M","M","M"],"build_version":"2019-01-23","purchased_purges":1,"victory":false,"max_hp_per_floor":[82,82,82,82,82,82,82,82,82,82,82,82,82,82,82,82,82,82,82,82,82,82,82,82,82,82,82,82,82,82,82],"card_choices":[{"not_picked":["Doom and Gloom","Steam"],"picked":"Conserve Battery","floor":1},{"not_picked":["Go for the Eyes","Cold Snap"],"picked":"Steam","floor":4},{"not_picked":["Stack","Hologram"],"picked":"Biased Cognition","floor":7},{"not_picked":["Beam Cell","Hello World"],"picked":"Barrage","floor":10},{"not_picked":["Steam Power","Barrage"],"picked":"Go for the Eyes","floor":12},{"not_picked":["Double Energy","Beam Cell","Leap"],"picked":"SKIP","floor":13},{"not_picked":["Creative AI","Steam"],"picked":"Ball Lightning","floor":14},{"not_picked":["Seek","Biased Cognition"],"picked":"Thunder Strike","floor":16},{"not_picked":["Conserve Battery","Skim+1"],"picked":"Compile Driver","floor":18},{"not_picked":["Beam Cell","Leap+1"],"picked":"Static Discharge","floor":19},{"not_picked":["Darkness","Leap"],"picked":"Fission","floor":20},{"not_picked":["Coolheaded","Streamline+1"],"picked":"Melter+1","floor":21},{"not_picked":["Double Energy","Coolheaded","Ball Lightning+1"],"picked":"SKIP","floor":22},{"not_picked":["Go for the Eyes+1","Hologram"],"picked":"Buffer","floor":24},{"not_picked":["Hologram+1","Compile Driver"],"picked":"Machine Learning","floor":29},{"not_picked":["Go for the Eyes","Reprogram","Storm"],"picked":"SKIP","floor":30}],"player_experience":53628,"relics_obtained":[{"floor":10,"key":"Whetstone"},{"floor":24,"key":"Dodecahedron"},{"floor":26,"key":"Mercury Hourglass"}],"event_choices":[{"cards_removed":["Strike_B"],"damage_healed":0,"gold_gain":0,"player_choice":"Forget","damage_taken":0,"max_hp_gain":0,"max_hp_loss":0,"event_name":"Living Wall","floor":3,"gold_loss":0},{"damage_healed":0,"gold_gain":0,"player_choice":"Entered Light","damage_taken":16,"max_hp_gain":0,"max_hp_loss":0,"event_name":"Shining Light","floor":5,"gold_loss":0,"cards_upgraded":["Zap","Steam"]},{"damage_healed":0,"gold_gain":0,"player_choice":"Ignored","damage_taken":0,"max_hp_gain":0,"max_hp_loss":0,"event_name":"Cursed Tome","floor":27,"gold_loss":0}],"is_beta":false,"boss_relics":[{"not_picked":["Fusion Hammer","Snecko Eye"],"picked":"Nuclear Battery"}],"items_purged_floors":[2],"is_endless":false,"potions_floor_spawned":[1,14,16,19,20,22],"killed_by":"Snecko","ascension_level":0}