{"gold_per_floor":[114,84,34,47,60,60,78,78,78,78,103,113,175,175,175,252,252,265,279,45,345,361,389,404,33,59,59,59],"floor_reached":28,"playtime":1685,"items_purged":[],"score":409,"play_id":"5cad28d7-e7fa-42db-9f30-5ac8725a21b0","local_time":"20190827041128","is_ascension_mode":true,"campfire_choices":[{"data":"Turbo","floor":6,"key":"SMITH"},{"data":"Zap","floor":8,"key":"SMITH"},{"data":"Go for the Eyes","floor":10,"key":"SMITH"},{"data":"Dualcast","floor":15,"key":"SMITH"},{"floor":27,"key":"REST"}],"neow_cost":"NONE","seed_source_timestamp":793945469078448,"circlet_count":0,"master_deck":["AscendersBane","Zap+1","Dualcast+1","Hyperbeam","Go for the Eyes+1","Ball Lightning","Cold Snap","Turbo+1","Go for the Eyes","Biased Cognition","Ball Lightning","Steam","Core Surge","Creative AI","Multi-Cast","Loop","Leap","Redo","Steam","Defragment","Rainbow","Reinforced Body+1","Sunder","Double Energy","Conserve Battery","BootSequence","Capacitor","Amplify"],"relics":["Cracked Core","Mummified Hand","DataDisk","Tiny Chest","Pandora\u0027s Box","Bag of Marbles","Old Coin","Darkstone Periapt","Thread and Needle","Boot"],"potions_floor_usage":[11,13,16,23,28],"damage_taken":[{"damage":0,"enemies":"2 Louse","floor":1,"turns":2},{"damage":0,"enemies":"Cultist","floor":4,"turns":2},{"damage":0,"enemies":"Jaw Worm","floor":5,"turns":2},{"damage":0,"enemies":"Large Slime","floor":7,"turns":5},{"damage":16,"enemies":"Lagavulin","floor":11,"turns":8},{"damage":0,"enemies":"3 Louse","floor":12,"turns":3},{"damage":3,"enemies":"Gremlin Nob","floor":13,"turns":3},{"damage":11,"enemies":"The Guardian","floor":16,"turns":12},{"damage":10,"enemies":"3 Byrds","floor":18,"turns":3},{"damage":0,"enemies":"Chosen","floor":19,"turns":3},{"damage":10,"enemies":"Centurion and Healer","floor":22,"turns":5},{"damage":21,"enemies":"Slavers","floor":23,"turns":4},{"damage":18,"enemies":"Shelled Parasite and Fungi","floor":24,"turns":3},{"damage":27,"enemies":"Book of Stabbing","floor":28,"turns":4}],"seed_played":"8132857287100284167","potions_obtained":[{"floor":2,"key":"LiquidBronze"},{"floor":2,"key":"Block Potion"},{"floor":11,"key":"FearPotion"},{"floor":12,"key":"SkillPotion"},{"floor":13,"key":"FocusPotion"},{"floor":16,"key":"FocusPotion"},{"floor":18,"key":"Ancient Potion"},{"floor":23,"key":"GamblersBrew"}],"is_trial":false,"path_per_floor":["M","?","$","M","M","R","M","R","T","R","E","M","E","?","R","B",null,"M","M","$","T","M","E","M","$","T","R","E"],"character_chosen":"DEFECT","items_purchased":["Ball Lightning","Double Energy","Bag of Marbles","Thread and Needle","Amplify"],"campfire_rested":1,"item_purchase_floors":[3,20,20,25,25],"current_hp_per_floor":[68,68,68,68,68,68,68,68,68,68,52,52,49,42,42,31,64,54,54,54,54,44,23,5,5,5,27,0],"gold":59,"neow_bonus":"ONE_RANDOM_RARE_CARD","is_prod":false,"is_daily":false,"chose_seed":false,"campfire_upgraded":4,"win_rate":0,"timestamp":1566893488,"path_taken":["M","?","$","M","?","R","M","R","T","R","E","M","E","?","R","BOSS","M","M","$","?","M","E","?","?","T","R","E"],"build_version":"2019-07-17","purchased_purges":0,"victory":false,"max_hp_per_floor":[75,75,75,75,75,75,75,75,75,75,75,75,75,75,75,75,75,75,75,75,75,75,75,75,75,75,75,75],"card_choices":[{"not_picked":["Compile Driver","Glacier"],"picked":"Go for the Eyes","floor":1},{"not_picked":["White Noise","Hello World"],"picked":"Cold Snap","floor":4},{"not_picked":["Steam","Redo"],"picked":"Turbo","floor":5},{"not_picked":["Stack","Auto Shields"],"picked":"Go for the Eyes","floor":7},{"not_picked":["FTL","Loop"],"picked":"Biased Cognition","floor":11},{"not_picked":["Hologram","Stack"],"picked":"Ball Lightning","floor":12},{"not_picked":["Gash","Chaos"],"picked":"Steam","floor":13},{"not_picked":["Reboot","Thunder Strike"],"picked":"Core Surge","floor":16},{"not_picked":["Gash","Ball Lightning"],"picked":"Reinforced Body+1","floor":18},{"not_picked":["Turbo+1","Doom and Gloom+1"],"picked":"Sunder","floor":19},{"not_picked":["Rip and Tear","Ball Lightning"],"picked":"Conserve Battery","floor":22},{"not_picked":["Coolheaded","Storm"],"picked":"BootSequence","floor":23},{"not_picked":["Chaos","Hologram"],"picked":"Capacitor","floor":24}],"player_experience":500813,"relics_obtained":[{"floor":9,"key":"Mummified Hand"},{"floor":11,"key":"DataDisk"},{"floor":13,"key":"Tiny Chest"},{"floor":21,"key":"Old Coin"},{"floor":23,"key":"Darkstone Periapt"},{"floor":26,"key":"Boot"}],"event_choices":[{"damage_healed":0,"gold_gain":0,"player_choice":"Bought 2 Potions","damage_taken":0,"max_hp_gain":0,"max_hp_loss":0,"event_name":"The Woman in Blue","floor":2,"gold_loss":0},{"damage_healed":0,"gold_gain":0,"player_choice":"Damaged","damage_taken":7,"max_hp_gain":0,"max_hp_loss":0,"event_name":"Wheel of Change","floor":14,"gold_loss":0}],"is_beta":false,"boss_relics":[{"not_picked":["Runic Pyramid","Ectoplasm"],"picked":"Pandora\u0027s Box"}],"items_purged_floors":[],"is_endless":false,"potions_floor_spawned":[11,12,13,16,18,23],"killed_by":"Book of Stabbing","ascension_level":13}