{"gold_per_floor":[119,119,119,70,80,80,106,118,118,118,131,141,141,154,154,154],"floor_reached":16,"playtime":3111,"items_purged":[],"score":112,"play_id":"b932f103-a5d9-4b28-86f4-c5cd70aaf15f","local_time":"20180914103411","is_ascension_mode":true,"campfire_choices":[{"data":"Acrobatics","floor":6,"key":"SMITH"},{"data":"Neutralize","floor":10,"key":"SMITH"},{"data":"Prepared","floor":13,"key":"SMITH"},{"data":"Acrobatics","floor":15,"key":"SMITH"}],"neow_cost":"NONE","seed_source_timestamp":133442351124280,"circlet_count":0,"master_deck":["Defend_G","Defend_G","Defend_G","Defend_G","Defend_G","Strike_G","Strike_G","Strike_G","Strike_G","Survivor","Neutralize+1","Leg Sweep","Terror","Acrobatics+1","Outmaneuver","Escape Plan","Acrobatics+1","Prepared+1"],"relics":["Ring of the Snake","PreservedInsect","Meat on the Bone","Art of War"],"potions_floor_usage":[16],"damage_taken":[{"damage":1,"enemies":"Jaw Worm","floor":1,"turns":4},{"damage":0,"enemies":"Small Slimes","floor":5,"turns":6},{"damage":28,"enemies":"3 Sentries","floor":7,"turns":18},{"damage":0,"enemies":"Cultist","floor":8,"turns":6},{"damage":1,"enemies":"Gremlin Gang","floor":11,"turns":14},{"damage":0,"enemies":"Blue Slaver","floor":12,"turns":7},{"damage":0,"enemies":"Looter","floor":14,"turns":4},{"damage":41,"enemies":"Hexaghost","floor":16,"turns":16}],"seed_played":"5387560772573402624","potions_obtained":[{"floor":5,"key":"Ancient Potion"},{"floor":7,"key":"SpeedPotion"},{"floor":14,"key":"Dexterity Potion"}],"is_trial":false,"path_per_floor":["M","?","?","$","M","R","E","M","T","R","M","M","R","M","R"],"character_chosen":"THE_SILENT","items_purchased":["Acrobatics"],"campfire_rested":0,"item_purchase_floors":[4],"current_hp_per_floor":[69,69,69,69,69,69,41,41,41,41,40,40,40,40,40,0],"gold":154,"neow_bonus":"RANDOM_COMMON_RELIC","is_prod":false,"is_daily":false,"chose_seed":false,"campfire_upgraded":4,"win_rate":0,"timestamp":1536939251,"path_taken":["M","?","?","$","M","R","E","M","T","R","M","M","R","M","R","BOSS"],"build_version":"2018-09-06","purchased_purges":0,"victory":false,"max_hp_per_floor":[70,70,70,70,70,70,70,70,70,70,70,70,70,70,70,70],"card_choices":[{"not_picked":["Prepared","Heel Hook"],"picked":"Leg Sweep","floor":1},{"not_picked":["Dagger Spray","Acrobatics"],"picked":"Outmaneuver","floor":5},{"not_picked":["Deflect","Heel Hook"],"picked":"Escape Plan","floor":7},{"not_picked":["Flying Knee","Riddle With Holes"],"picked":"Acrobatics","floor":8},{"not_picked":["Eviscerate","Bane","Sucker Punch"],"picked":"SKIP","floor":11},{"not_picked":["PiercingWail","Bane"],"picked":"Prepared","floor":12},{"not_picked":["Masterful Stab","Choke","Poisoned Stab"],"picked":"SKIP","floor":14}],"player_experience":96570,"relics_obtained":[{"floor":7,"key":"Meat on the Bone"},{"floor":9,"key":"Art of War"}],"event_choices":[{"event_name":"Golden Wing","player_choice":"Ignored","floor":2,"damage_taken":0},{"event_name":"Transmorgrifier","player_choice":"Transform","floor":3,"damage_taken":0}],"is_beta":false,"boss_relics":[],"items_purged_floors":[],"is_endless":false,"potions_floor_spawned":[5,7,14],"killed_by":"Hexaghost","ascension_level":2}