{"gold_per_floor":[109,127,127,146,165,165,176,210,233,233,244,244,273,238,238,341,341,351,351],"floor_reached":19,"playtime":2102,"items_purged":[],"score":188,"play_id":"5cdb4aab-13bd-4ad1-9d38-a3b7013d5723","local_time":"20190629220919","is_ascension_mode":true,"campfire_choices":[{"data":"Juggernaut","floor":6,"key":"SMITH"},{"data":"Limit Break","floor":10,"key":"SMITH"},{"data":"Inflame","floor":12,"key":"SMITH"},{"floor":15,"key":"RECALL"}],"neow_cost":"NONE","seed_source_timestamp":24592841250075,"circlet_count":0,"master_deck":["Strike_R","Strike_R","Strike_R","Strike_R","Strike_R","Defend_R","Defend_R","Defend_R","Defend_R","Bash","Pommel Strike","Feel No Pain","Deep Breath","Juggernaut+1","Iron Wave","Iron Wave","Limit Break+1","Inflame+1","Shrug It Off","Impervious","Intimidate+1"],"relics":["Burning Blood","Ornamental Fan","Anchor","Centennial Puzzle","Eternal Feather"],"potions_floor_usage":[8,8,16,19],"damage_taken":[{"damage":6,"enemies":"2 Louse","floor":1,"turns":2},{"damage":1,"enemies":"Cultist","floor":2,"turns":3},{"damage":15,"enemies":"Small Slimes","floor":4,"turns":4},{"damage":6,"enemies":"Blue Slaver","floor":5,"turns":4},{"damage":5,"enemies":"Looter","floor":7,"turns":4},{"damage":20,"enemies":"Gremlin Nob","floor":8,"turns":5},{"damage":0,"enemies":"Exordium Wildlife","floor":11,"turns":3},{"damage":13,"enemies":"Lagavulin","floor":13,"turns":5},{"damage":47,"enemies":"Hexaghost","floor":16,"turns":8},{"damage":10,"enemies":"Chosen","floor":18,"turns":6},{"damage":90,"enemies":"Masked Bandits","floor":19,"turns":5}],"seed_played":"-967625561655351944","potions_obtained":[{"floor":2,"key":"Poison Potion"},{"floor":4,"key":"Dexterity Potion"},{"floor":13,"key":"Energy Potion"},{"floor":18,"key":"FearPotion"}],"is_trial":false,"path_per_floor":["M","M","?","M","M","R","M","E","T","R","M","R","E","?","R","B",null,"M","?"],"character_chosen":"IRONCLAD","items_purchased":[],"campfire_rested":0,"item_purchase_floors":[],"current_hp_per_floor":[88,88,88,79,79,79,80,66,66,66,72,72,65,87,87,46,88,84,0],"gold":351,"neow_bonus":"TEN_PERCENT_HP_BONUS","is_prod":false,"is_daily":false,"chose_seed":false,"campfire_upgraded":3,"win_rate":0,"timestamp":1561860559,"path_taken":["M","M","?","?","M","R","M","E","T","R","M","R","E","?","R","BOSS","M","?"],"build_version":"2019-01-23","purchased_purges":0,"victory":false,"max_hp_per_floor":[88,88,88,88,88,88,88,88,88,88,88,88,88,88,88,88,88,88,88],"card_choices":[{"not_picked":["True Grit","Clash"],"picked":"Pommel Strike","floor":1},{"not_picked":["Warcry","Clash"],"picked":"Feel No Pain","floor":2},{"not_picked":["Flex","Warcry"],"picked":"Juggernaut","floor":4},{"not_picked":["Perfected Strike","Thunderclap"],"picked":"Iron Wave","floor":5},{"not_picked":["Twin Strike","Headbutt"],"picked":"Iron Wave","floor":7},{"not_picked":["Iron Wave","Flame Barrier"],"picked":"Limit Break","floor":8},{"not_picked":["Clothesline","Spot Weakness"],"picked":"Inflame","floor":11},{"not_picked":["Ghostly Armor","Body Slam"],"picked":"Shrug It Off","floor":13},{"not_picked":["Juggernaut","Offering"],"picked":"Impervious","floor":16},{"not_picked":["Warcry+1","Dropkick"],"picked":"Intimidate+1","floor":18}],"player_experience":29113,"relics_obtained":[{"floor":8,"key":"Ornamental Fan"},{"floor":9,"key":"Anchor"},{"floor":13,"key":"Centennial Puzzle"}],"event_choices":[{"damage_healed":0,"gold_gain":0,"player_choice":"1 cards matched","damage_taken":0,"max_hp_gain":0,"max_hp_loss":0,"event_name":"Match and Keep!","floor":3,"gold_loss":0,"cards_obtained":["Deep Breath"]},{"damage_healed":22,"gold_gain":0,"player_choice":"Healed","damage_taken":0,"max_hp_gain":0,"max_hp_loss":0,"event_name":"The Cleric","floor":14,"gold_loss":35},{"damage_healed":0,"gold_gain":0,"player_choice":"Fought Bandits","damage_taken":0,"max_hp_gain":0,"max_hp_loss":0,"event_name":"Masked Bandits","floor":19,"gold_loss":0}],"is_beta":false,"boss_relics":[{"not_picked":["Orrery","Calling Bell"],"picked":"Eternal Feather"}],"items_purged_floors":[],"is_endless":false,"potions_floor_spawned":[2,4,13,18],"killed_by":"Masked Bandits","ascension_level":1}