{"gold_per_floor":[367,542,552,562,14,14,14,40,66,66,85,103,117,82,82,182,182,197,4,4,16,29,29,44,44,44,44,44],"floor_reached":28,"playtime":1980,"items_purged":["Regret","Strike_B"],"score":220,"play_id":"3650a9fd-d757-4c93-b916-0deb7328637a","local_time":"20190811000216","is_ascension_mode":false,"campfire_choices":[{"floor":6,"key":"REST"},{"floor":10,"key":"REST"},{"data":"Chaos","floor":15,"key":"SMITH"},{"data":"Echo Form","floor":23,"key":"SMITH"},{"data":"Dualcast","floor":25,"key":"SMITH"}],"neow_cost":"CURSE","seed_source_timestamp":177816088655925,"circlet_count":0,"master_deck":["Strike_B+1","Strike_B+1","Strike_B+1","Defend_B+1","Defend_B+1","Defend_B+1","Defend_B+1","Zap","Dualcast+1","Chaos+1","Ball Lightning","Streamline","Redo+1","Leap+1","Static Discharge","Enlightenment+1","Self Repair","BootSequence+1","Leap+1","Fusion+1","Echo Form+1","Stack+1","Defragment","Leap+1","Fusion+1","Reinforced Body+1","Double Energy+1","RitualDagger"],"relics":["Cracked Core","Toxic Egg 2","Bag of Preparation","Regal Pillow","Inserter","Pear"],"potions_floor_usage":[22],"damage_taken":[{"damage":12,"enemies":"Jaw Worm","floor":1,"turns":4},{"damage":4,"enemies":"Small Slimes","floor":3,"turns":3},{"damage":7,"enemies":"2 Louse","floor":4,"turns":2},{"damage":44,"enemies":"Gremlin Nob","floor":8,"turns":5},{"damage":5,"enemies":"Looter","floor":11,"turns":2},{"damage":7,"enemies":"Blue Slaver","floor":12,"turns":3},{"damage":5,"enemies":"Large Slime","floor":13,"turns":5},{"damage":49,"enemies":"Slime Boss","floor":16,"turns":12},{"damage":18,"enemies":"Spheric Guardian","floor":18,"turns":5},{"damage":25,"enemies":"2 Thieves","floor":21,"turns":5},{"damage":0,"enemies":"Centurion and Healer","floor":22,"turns":7},{"damage":15,"enemies":"Snake Plant","floor":24,"turns":6},{"damage":63,"enemies":"Cultist and Chosen","floor":28,"turns":8}],"seed_played":"2537684292665858660","potions_obtained":[{"floor":1,"key":"AttackPotion"},{"floor":4,"key":"SpeedPotion"},{"floor":13,"key":"Block Potion"},{"floor":22,"key":"GamblersBrew"}],"is_trial":false,"path_per_floor":["M","?","M","M","$","R","?","E","T","R","M","M","M","?","R","B",null,"M","$","?","M","M","R","M","R","T","?","M"],"character_chosen":"DEFECT","items_purchased":["Toxic Egg 2","Redo+1","Leap+1","Static Discharge","Enlightenment+1","Defragment","Leap+1"],"campfire_rested":2,"item_purchase_floors":[5,5,5,5,5,19,19],"current_hp_per_floor":[63,63,59,52,52,74,67,23,23,60,55,55,57,75,75,33,75,71,71,71,60,60,60,59,59,69,63,0],"gold":44,"neow_bonus":"TWO_FIFTY_GOLD","is_prod":false,"is_daily":false,"chose_seed":false,"campfire_upgraded":3,"win_rate":0.0,"timestamp":1565496136,"path_taken":["M","?","M","M","$","R","?","E","T","R","M","M","M","?","R","BOSS","M","$","?","M","M","R","M","R","T","?","M"],"build_version":"2019-07-17","purchased_purges":2,"victory":false,"max_hp_per_floor":[75,75,75,75,75,75,75,75,75,75,75,75,75,75,75,75,75,75,75,75,75,75,75,75,75,85,85,85],"card_choices":[{"not_picked":["Sweeping Beam","Barrage"],"picked":"Chaos","floor":1},{"not_picked":["Stack","Cold Snap"],"picked":"Ball Lightning","floor":3},{"not_picked":["Hello World","Redo"],"picked":"Streamline","floor":4},{"not_picked":["Storm","Blizzard"],"picked":"Self Repair","floor":8},{"not_picked":["Skim+1","Cold Snap"],"picked":"BootSequence+1","floor":11},{"not_picked":["Beam Cell","Barrage"],"picked":"Leap+1","floor":12},{"not_picked":["Cold Snap","Rip and Tear"],"picked":"Fusion+1","floor":13},{"not_picked":["Seek+1","Rainbow+1"],"picked":"Echo Form","floor":16},{"not_picked":["Coolheaded+1","Chill+1"],"picked":"Stack+1","floor":18},{"not_picked":["Cold Snap","Coolheaded+1"],"picked":"Fusion+1","floor":21},{"not_picked":["Leap+1","Fusion+1"],"picked":"Reinforced Body+1","floor":22},{"not_picked":["Barrage","Sweeping Beam"],"picked":"Double Energy+1","floor":24}],"player_experience":17757,"relics_obtained":[{"floor":8,"key":"Bag of Preparation"},{"floor":9,"key":"Regal Pillow"},{"floor":26,"key":"Pear"}],"event_choices":[{"damage_healed":0,"gold_gain":175,"player_choice":"AGREE","damage_taken":0,"max_hp_gain":0,"max_hp_loss":0,"event_name":"Liars Game","floor":2,"gold_loss":0,"cards_obtained":["Doubt"]},{"cards_removed":["Doubt"],"damage_healed":0,"gold_gain":0,"player_choice":"Card Removal","damage_taken":7,"max_hp_gain":0,"max_hp_loss":0,"event_name":"Golden Wing","floor":7,"gold_loss":0},{"damage_healed":18,"gold_gain":0,"player_choice":"Healed","damage_taken":0,"max_hp_gain":0,"max_hp_loss":0,"event_name":"The Cleric","floor":14,"gold_loss":35},{"damage_healed":0,"gold_gain":0,"player_choice":"Simplicity","damage_taken":0,"max_hp_gain":0,"max_hp_loss":0,"event_name":"Back to Basics","floor":20,"gold_loss":0,"cards_upgraded":["Strike_B","Strike_B","Strike_B","Defend_B","Defend_B","Defend_B","Defend_B"]},{"damage_healed":0,"gold_gain":0,"player_choice":"Joined the Cult","damage_taken":6,"max_hp_gain":0,"max_hp_loss":0,"event_name":"Nest","floor":27,"gold_loss":0,"cards_obtained":["RitualDagger"]}],"is_beta":false,"boss_relics":[{"not_picked":["Runic Dome","Coffee Dripper"],"picked":"Inserter"}],"items_purged_floors":[5,19],"is_endless":false,"potions_floor_spawned":[1,4,13,22],"killed_by":"Cultist and Chosen","ascension_level":0}