{"gold_per_floor":[118,118,118,43,63,63,138,169,192,204,236,264,176,476,476,476],"floor_reached":16,"playtime":968,"items_purged":["Strike_B","Defend_B"],"score":123,"play_id":"3cbf9005-14c8-4836-8978-27bcc69d21b2","local_time":"20190711102051","is_ascension_mode":true,"campfire_choices":[{"data":"Zap","floor":6,"key":"SMITH"},{"data":"Defragment","floor":10,"key":"SMITH"},{"data":"Dualcast","floor":15,"key":"SMITH"}],"neow_cost":"NONE","seed_source_timestamp":381588619108479,"circlet_count":0,"master_deck":["Strike_B","Strike_B","Strike_B","Defend_B","Defend_B","Defend_B","Zap+1","Dualcast+1","Defragment+1","Hologram","BootSequence","Gash","Electrodynamics"],"relics":["Cracked Core","Kunai","MawBank","Old Coin"],"potions_floor_usage":[16],"damage_taken":[{"damage":10,"enemies":"Small Slimes","floor":1,"turns":4},{"damage":0,"enemies":"Jaw Worm","floor":5,"turns":3},{"damage":36,"enemies":"Gremlin Nob","floor":8,"turns":4},{"damage":0,"enemies":"Cultist","floor":11,"turns":2},{"damage":10,"enemies":"Exordium Wildlife","floor":12,"turns":3},{"damage":17,"enemies":"The Guardian","floor":16,"turns":8}],"seed_played":"6328059281488138446","potions_obtained":[{"floor":5,"key":"SneckoOil"},{"floor":11,"key":"Ancient Potion"}],"is_trial":false,"path_per_floor":["M","?","?","$","M","R","?","E","T","R","M","M","$","T","R","B"],"character_chosen":"DEFECT","items_purchased":[],"campfire_rested":0,"item_purchase_floors":[],"current_hp_per_floor":[65,70,70,70,70,70,62,26,26,26,26,16,16,16,16,0],"gold":476,"neow_bonus":"THREE_CARDS","is_prod":false,"is_daily":false,"chose_seed":false,"campfire_upgraded":3,"win_rate":0,"timestamp":1562808051,"path_taken":["M","?","?","$","?","R","?","E","T","R","M","?","$","?","R","BOSS"],"build_version":"2019-07-05","purchased_purges":2,"victory":false,"max_hp_per_floor":[75,80,80,80,80,80,80,80,80,80,80,80,80,80,80,80],"card_choices":[{"not_picked":["Beam Cell","BootSequence"],"picked":"Defragment","floor":0},{"not_picked":["Go for the Eyes","Stack"],"picked":"Hologram","floor":1},{"not_picked":["Steam Power","Heatsinks"],"picked":"Gash","floor":5},{"not_picked":["Storm","Recycle","Go for the Eyes"],"picked":"SKIP","floor":8},{"not_picked":["Sweeping Beam","Rebound"],"picked":"Electrodynamics","floor":11},{"not_picked":["Hologram","Leap","Go for the Eyes"],"picked":"SKIP","floor":12}],"player_experience":227233,"relics_obtained":[{"floor":8,"key":"Kunai"},{"floor":9,"key":"MawBank"},{"floor":14,"key":"Old Coin"}],"event_choices":[{"damage_healed":0,"gold_gain":0,"player_choice":"Donut","damage_taken":0,"max_hp_gain":5,"max_hp_loss":0,"event_name":"Big Fish","floor":2,"gold_loss":0},{"damage_healed":0,"gold_gain":0,"player_choice":"1 cards matched","damage_taken":0,"max_hp_gain":0,"max_hp_loss":0,"event_name":"Match and Keep!","floor":3,"gold_loss":0,"cards_obtained":["BootSequence"]},{"damage_healed":0,"gold_gain":0,"player_choice":"1 cards matched","damage_taken":0,"max_hp_gain":0,"max_hp_loss":0,"event_name":"Match and Keep!","floor":3,"gold_loss":0,"cards_obtained":["BootSequence"]},{"damage_healed":0,"gold_gain":75,"player_choice":"Touch","damage_taken":8,"max_hp_gain":0,"max_hp_loss":0,"event_name":"FaceTrader","floor":7,"gold_loss":0}],"is_beta":false,"boss_relics":[],"items_purged_floors":[4,13],"is_endless":false,"potions_floor_spawned":[5,11],"killed_by":"The Guardian","ascension_level":5}