{"gold_per_floor":[111,111,121,46,46,75,91,91,161,61,61,71,71,87,87,183,183,197,197,147,158,174,174,204,204,228,239,257,29,29,49,49,146,146,160,160,180,180,100,100,112,124,149,165,15,15,15,15,15,15],"floor_reached":51,"playtime":3666,"items_purged":["Strike_B","Defend_B","Strike_B","Strike_B"],"score":995,"play_id":"47882e74-0250-48b8-a2e3-6f9456ebe8f8","local_time":"20190730191948","is_ascension_mode":true,"campfire_choices":[{"data":"Dualcast","floor":8,"key":"SMITH"},{"data":"Hologram","floor":11,"key":"SMITH"},{"data":"Coolheaded","floor":15,"key":"SMITH"},{"floor":23,"key":"REST"},{"floor":25,"key":"REST"},{"floor":30,"key":"REST"},{"floor":32,"key":"REST"},{"data":"Go for the Eyes","floor":40,"key":"SMITH"},{"floor":46,"key":"REST"},{"data":"Conserve Battery","floor":49,"key":"SMITH"}],"neow_cost":"NONE","seed_source_timestamp":2052730658496000,"circlet_count":0,"master_deck":["AscendersBane","Defend_B","Defend_B","Defend_B","Zap+1","Dualcast+1","Gash+1","Coolheaded+1","Hologram+1","White Noise","Chill","All For One","Gash","Go for the Eyes+1","Coolheaded+1","Loop+1","Conserve Battery+1","Machine Learning+1","Defragment+1","Redo+1"],"relics":["FrozenCore","NeowsBlessing","Oddly Smooth Stone","Whetstone","Darkstone Periapt","Philosopher\u0027s Stone","Bag of Marbles","Frozen Egg 2","Happy Flower","Potion Belt"],"potions_floor_usage":[16,24,33,42,50],"damage_taken":[{"damage":0,"enemies":"2 Louse","floor":1,"turns":1},{"damage":0,"enemies":"Cultist","floor":3,"turns":1},{"damage":0,"enemies":"Gremlin Nob","floor":6,"turns":1},{"damage":6,"enemies":"Jaw Worm","floor":7,"turns":3},{"damage":0,"enemies":"2 Fungi Beasts","floor":12,"turns":3},{"damage":4,"enemies":"Exordium Thugs","floor":14,"turns":4},{"damage":3,"enemies":"The Guardian","floor":16,"turns":9},{"damage":35,"enemies":"2 Thieves","floor":18,"turns":4},{"damage":7,"enemies":"Chosen","floor":21,"turns":5},{"damage":16,"enemies":"Snecko","floor":22,"turns":4},{"damage":34,"enemies":"Slavers","floor":24,"turns":4},{"damage":3,"enemies":"Centurion and Healer","floor":27,"turns":4},{"damage":16,"enemies":"Shelled Parasite and Fungi","floor":28,"turns":4},{"damage":9,"enemies":"Chosen and Byrds","floor":31,"turns":7},{"damage":6,"enemies":"Champ","floor":33,"turns":8},{"damage":23,"enemies":"3 Shapes","floor":35,"turns":4},{"damage":0,"enemies":"Orb Walker","floor":37,"turns":6},{"damage":10,"enemies":"3 Darklings","floor":41,"turns":5},{"damage":9,"enemies":"Spire Growth","floor":42,"turns":4},{"damage":24,"enemies":"Transient","floor":44,"turns":5},{"damage":20,"enemies":"Donu and Deca","floor":50,"turns":10}],"seed_played":"4914152737716384395","potions_obtained":[{"floor":1,"key":"Dexterity Potion"},{"floor":16,"key":"FocusPotion"},{"floor":18,"key":"PowerPotion"},{"floor":24,"key":"LiquidBronze"},{"floor":35,"key":"FearPotion"}],"is_trial":false,"path_per_floor":["M","?","M","$","?","E","M","R","T","$","R","M","?","M","R","B",null,"M","?","?","M","M","R","E","R","T","M","M","$","R","M","R","B",null,"M","?","M","?","$","R","M","M","T","M","$","R","$","?","R","B",null],"character_chosen":"DEFECT","items_purchased":["Loop+1","Conserve Battery","Defragment+1"],"campfire_rested":5,"item_purchase_floors":[29,29,39],"current_hp_per_floor":[68,50,50,50,50,50,44,44,44,44,44,44,49,45,45,42,71,36,36,36,29,13,37,3,27,27,24,8,8,32,23,47,41,70,47,47,47,47,47,47,37,28,28,4,4,28,28,70,70,50],"gold":15,"neow_bonus":"THREE_ENEMY_KILL","is_prod":false,"is_daily":false,"chose_seed":false,"campfire_upgraded":5,"win_rate":0,"timestamp":1564481988,"path_taken":["M","?","M","$","?","E","?","R","T","$","R","M","?","M","R","BOSS","M","?","?","?","M","R","E","R","T","M","M","$","R","M","R","BOSS","M","?","M","?","$","R","M","M","T","M","$","R","?","?","R","BOSS"],"build_version":"2019-07-17","purchased_purges":4,"victory":true,"max_hp_per_floor":[75,75,75,75,75,75,75,75,75,75,75,75,80,80,80,80,80,80,80,80,80,80,80,80,80,80,80,80,80,80,80,80,80,80,80,80,80,80,80,80,80,80,80,80,80,80,80,70,70,70],"card_choices":[{"not_picked":["Skim","Blizzard","Turbo"],"picked":"SKIP","floor":1},{"not_picked":["Leap","Genetic Algorithm"],"picked":"Gash","floor":3},{"not_picked":["Sunder","Ball Lightning"],"picked":"Coolheaded","floor":6},{"not_picked":["Turbo","Heatsinks"],"picked":"Hologram","floor":7},{"not_picked":["Conserve Battery","Heatsinks"],"picked":"White Noise","floor":12},{"not_picked":["Double Energy","Reprogram"],"picked":"Chill","floor":14},{"not_picked":["Creative AI","Machine Learning"],"picked":"All For One","floor":16},{"not_picked":["Hologram","Beam Cell+1"],"picked":"Gash","floor":18},{"not_picked":["Scrape+1","Streamline","Rip and Tear"],"picked":"SKIP","floor":21},{"not_picked":["Blizzard","Ball Lightning"],"picked":"Go for the Eyes","floor":22},{"not_picked":["Redo","Leap","Auto Shields"],"picked":"SKIP","floor":24},{"not_picked":["Sunder","Sweeping Beam"],"picked":"Coolheaded+1","floor":27},{"not_picked":["Stack+1","Reboot","Rip and Tear"],"picked":"SKIP","floor":28},{"not_picked":["Stack","Leap+1","Conserve Battery"],"picked":"SKIP","floor":31},{"not_picked":["Seek","Rainbow"],"picked":"Machine Learning+1","floor":33},{"not_picked":["Sweeping Beam","Turbo+1","Barrage"],"picked":"SKIP","floor":35},{"not_picked":["Hello World+1","Go for the Eyes","Stack+1"],"picked":"SKIP","floor":37},{"not_picked":["Beam Cell+1","Cold Snap"],"picked":"Redo+1","floor":41},{"not_picked":["Aggregate","Melter","Redo"],"picked":"SKIP","floor":42},{"not_picked":["Fusion+1","Sweeping Beam+1","Creative AI+1"],"picked":"SKIP","floor":44}],"player_experience":420583,"relics_obtained":[{"floor":6,"key":"Whetstone"},{"floor":9,"key":"Darkstone Periapt"},{"floor":24,"key":"Frozen Egg 2"},{"floor":26,"key":"Happy Flower"},{"floor":43,"key":"Potion Belt"}],"event_choices":[{"damage_healed":0,"gold_gain":0,"player_choice":"Success","damage_taken":18,"relics_obtained":["Oddly Smooth Stone"],"max_hp_gain":0,"max_hp_loss":0,"event_name":"Scrap Ooze","floor":2,"gold_loss":0},{"damage_healed":0,"gold_gain":0,"player_choice":"Forge","damage_taken":0,"max_hp_gain":0,"max_hp_loss":0,"event_name":"Accursed Blacksmith","floor":5,"gold_loss":0,"cards_upgraded":["Zap"]},{"damage_healed":0,"gold_gain":0,"player_choice":"Donut","damage_taken":0,"max_hp_gain":5,"max_hp_loss":0,"event_name":"Big Fish","floor":13,"gold_loss":0},{"damage_healed":0,"gold_gain":0,"player_choice":"Opened","damage_taken":0,"relics_obtained":["Bag of Marbles"],"max_hp_gain":0,"max_hp_loss":0,"event_name":"The Mausoleum","floor":19,"gold_loss":0},{"damage_healed":0,"gold_gain":0,"player_choice":"Bet on Owner","damage_taken":0,"max_hp_gain":0,"max_hp_loss":0,"event_name":"The Joust","floor":20,"gold_loss":50},{"cards_removed":["Strike_B"],"damage_healed":0,"gold_gain":0,"player_choice":"Removed Attack","damage_taken":0,"max_hp_gain":0,"max_hp_loss":0,"event_name":"Falling","floor":36,"gold_loss":0},{"damage_healed":0,"gold_gain":0,"player_choice":"Ignored","damage_taken":0,"max_hp_gain":0,"max_hp_loss":0,"event_name":"Tomb of Lord Red Mask","floor":38,"gold_loss":0},{"damage_healed":70,"gold_gain":0,"player_choice":"Heal","damage_taken":0,"max_hp_gain":0,"max_hp_loss":10,"event_name":"The Moai Head","floor":48,"gold_loss":0}],"is_beta":false,"boss_relics":[{"not_picked":["Black Star","Empty Cage"],"picked":"Philosopher\u0027s Stone"},{"not_picked":["Orrery","Pandora\u0027s Box"],"picked":"FrozenCore"}],"items_purged_floors":[4,10,29,45],"is_endless":false,"potions_floor_spawned":[1,16,18,24,28,35,37],"ascension_level":11}