{"gold_per_floor":[117,192,192,202,202,202,202,202,202,213,226,226,245,29,29,106,106,124,136,153,170,17,17,17],"floor_reached":24,"playtime":1324,"items_purged":["Strike_B"],"score":357,"play_id":"da8bea9d-01f5-4a82-b939-277bb4bdd2a3","local_time":"20190821010411","is_ascension_mode":true,"campfire_choices":[{"data":"Zap","floor":6.0,"key":"SMITH"},{"floor":8.0,"key":"REST"},{"data":"Dualcast","floor":12.0,"key":"SMITH"},{"floor":15.0,"key":"REST"},{"floor":23.0,"key":"REST"}],"neow_cost":"NONE","seed_source_timestamp":0,"circlet_count":0,"master_deck":["AscendersBane","Strike_B","Strike_B","Defend_B+1","Defend_B","Defend_B","Defend_B","Zap+1","Dualcast+1","Cold Snap","Blizzard+1","Reinforced Body+1","Gash","All For One","Gash","Rainbow+1","Gash+1","Go for the Eyes","Conserve Battery+1","Capacitor"],"special_seed":0,"relics":["FrozenCore","Torii","Toxic Egg 2"],"potions_floor_usage":[24],"damage_taken":[{"damage":0.0,"enemies":"Jaw Worm","floor":1.0,"turns":3.0},{"damage":2.0,"enemies":"Small Slimes","floor":4.0,"turns":3.0},{"damage":0.0,"enemies":"2 Louse","floor":10.0,"turns":3.0},{"damage":8.0,"enemies":"Blue Slaver","floor":11.0,"turns":4.0},{"damage":0.0,"enemies":"2 Fungi Beasts","floor":13.0,"turns":4.0},{"damage":10.0,"enemies":"Hexaghost","floor":16.0,"turns":9.0},{"damage":0.0,"enemies":"3 Byrds","floor":18.0,"turns":5.0},{"damage":29.0,"enemies":"Chosen","floor":19.0,"turns":6.0},{"damage":14.0,"enemies":"Snake Plant","floor":20.0,"turns":4.0},{"damage":15.0,"enemies":"Sentry and Sphere","floor":21.0,"turns":6.0},{"damage":35,"enemies":"3 Cultists","floor":24,"turns":4}],"seed_played":"-2017970105661038077","potions_obtained":[{"floor":10.0,"key":"EssenceOfSteel"},{"floor":13.0,"key":"PowerPotion"},{"floor":16.0,"key":"Fire Potion"},{"floor":21.0,"key":"SteroidPotion"}],"is_trial":false,"path_per_floor":["M","?","?","M","?","R","?","R","T","M","M","R","M","$","R","B",null,"M","M","M","M","$","R","M"],"character_chosen":"DEFECT","items_purchased":["All For One","Gash","Capacitor"],"campfire_rested":3,"item_purchase_floors":[14,14,22],"current_hp_per_floor":[64,53,53,51,25,25,4,25,25,25,17,17,17,17,38,28,60,60,31,17,2,2,23,0],"gold":17,"neow_bonus":"THREE_CARDS","is_prod":false,"is_daily":false,"chose_seed":false,"campfire_upgraded":2,"win_rate":0,"timestamp":1566317051,"path_taken":["M","?","?","M","?","R","?","R","T","M","?","R","M","$","R","BOSS","M","M","M","M","$","R","M"],"build_version":"2019-07-17","purchased_purges":1,"victory":false,"max_hp_per_floor":[71,71,71,71,71,71,71,71,71,71,71,71,71,71,71,71,71,71,71,71,71,71,71,71],"card_choices":[{"not_picked":["Streamline","Stack"],"picked":"Cold Snap","floor":0.0},{"not_picked":["Sweeping Beam","Steam"],"picked":"Blizzard","floor":1.0},{"not_picked":["Cold Snap","Darkness","Sunder"],"picked":"SKIP","floor":4.0},{"not_picked":["Genetic Algorithm+1","Heatsinks"],"picked":"Reinforced Body+1","floor":10.0},{"not_picked":["Cold Snap","Compile Driver","Fusion+1"],"picked":"SKIP","floor":11.0},{"not_picked":["Rebound","Steam+1"],"picked":"Gash","floor":13.0},{"not_picked":["Thunder Strike","Biased Cognition"],"picked":"Rainbow+1","floor":16.0},{"not_picked":["Ball Lightning+1","Sweeping Beam"],"picked":"Gash+1","floor":18.0},{"not_picked":["Rip and Tear","Compile Driver"],"picked":"Go for the Eyes","floor":19.0},{"not_picked":["Turbo+1","Cold Snap","Beam Cell"],"picked":"SKIP","floor":20.0},{"not_picked":["Sunder","Double Energy+1"],"picked":"Conserve Battery+1","floor":21.0}],"player_experience":519536,"relics_obtained":[{"floor":9.0,"key":"Toxic Egg 2"}],"event_choices":[{"damage_healed":0.0,"max_hp_gain":0.0,"max_hp_loss":0.0,"gold_gain":75.0,"event_name":"World of Goop","player_choice":"Gather Gold","floor":2.0,"gold_loss":0.0,"damage_taken":11.0},{"cards_removed":["Strike_B"],"damage_healed":0.0,"max_hp_gain":0.0,"max_hp_loss":0.0,"gold_gain":0.0,"event_name":"Living Wall","player_choice":"Forget","floor":3.0,"gold_loss":0.0,"damage_taken":0.0},{"damage_healed":0.0,"max_hp_gain":0.0,"max_hp_loss":0.0,"gold_gain":0.0,"event_name":"Scrap Ooze","player_choice":"Success","floor":5.0,"gold_loss":0.0,"damage_taken":26.0,"relics_obtained":["Torii"]},{"damage_healed":0.0,"max_hp_gain":0.0,"max_hp_loss":0.0,"gold_gain":0.0,"event_name":"Shining Light","player_choice":"Entered Light","floor":7.0,"gold_loss":0.0,"damage_taken":21.0,"cards_upgraded":["Defend_B","Blizzard"]}],"is_beta":false,"boss_relics":[{"not_picked":["Fusion Hammer","Coffee Dripper"],"picked":"FrozenCore"}],"items_purged_floors":[22],"is_endless":false,"potions_floor_spawned":[10,13,16,20,21],"killed_by":"3 Cultists","ascension_level":18}