{"gold_per_floor":[117,117,117,127,127,127,146,186,186,210,231,196,227,96,96,227,227,245,270,270,288,213,213,231,231,231,231,331,349,374,374],"floor_reached":31,"playtime":1753,"items_purged":["Strike_R","Strike_R"],"score":272,"play_id":"9b532f29-e76b-474c-bb3a-0f75194df9d6","local_time":"20190820102205","is_ascension_mode":false,"campfire_choices":[{"data":"Inflame","floor":6.0,"key":"SMITH"},{"data":"Heavy Blade","floor":15.0,"key":"SMITH"},{"data":"Demon Form","floor":23,"key":"SMITH"},{"data":"Enlightenment","floor":25,"key":"SMITH"}],"neow_cost":"NONE","seed_source_timestamp":0,"circlet_count":0,"master_deck":["Strike_R","Strike_R","Defend_R","Defend_R","Defend_R","Defend_R","Bash+1","Inflame+1","Cleave","Injury","Heavy Blade+1","Demon Form+1","Enlightenment+1","Offering","Iron Wave","Offering","Shrug It Off","Dual Wield+1"],"special_seed":0,"relics":["Black Blood","Smiling Mask","Golden Idol","Red Skull","Letter Opener","Orichalcum","Oddly Smooth Stone"],"potions_floor_usage":[29,30],"damage_taken":[{"damage":6.0,"enemies":"Jaw Worm","floor":1.0,"turns":3.0},{"damage":16.0,"enemies":"2 Louse","floor":4.0,"turns":3.0},{"damage":10.0,"enemies":"Small Slimes","floor":7.0,"turns":3.0},{"damage":28.0,"enemies":"Gremlin Nob","floor":8.0,"turns":4.0},{"damage":1.0,"enemies":"2 Fungi Beasts","floor":10.0,"turns":2.0},{"damage":8.0,"enemies":"Gremlin Gang","floor":11.0,"turns":4.0},{"damage":26.0,"enemies":"3 Sentries","floor":13.0,"turns":5.0},{"damage":35.0,"enemies":"The Guardian","floor":16.0,"turns":9.0},{"damage":6,"enemies":"Chosen","floor":18,"turns":3},{"damage":35,"enemies":"Shell Parasite","floor":19,"turns":5},{"damage":23,"enemies":"Cultist and Chosen","floor":21,"turns":5},{"damage":6,"enemies":"Snecko","floor":24,"turns":3},{"damage":27,"enemies":"Colosseum Slavers","floor":27,"turns":4},{"damage":24,"enemies":"Shelled Parasite and Fungi","floor":29,"turns":4},{"damage":6,"enemies":"Chosen and Byrds","floor":30,"turns":4},{"damage":19,"enemies":"Cultist and Chosen","floor":31,"turns":4}],"seed_played":"-1021640909186984753","potions_obtained":[{"floor":4.0,"key":"Regen Potion"},{"floor":8.0,"key":"Dexterity Potion"},{"floor":10.0,"key":"Explosive Potion"},{"floor":13.0,"key":"GamblersBrew"},{"floor":24,"key":"Fire Potion"},{"floor":29,"key":"SkillPotion"}],"is_trial":false,"path_per_floor":["M","?","T","M","?","R","M","E","T","M","M","?","E","$","R","B",null,"M","M","?","M","$","R","M","R","T","?","?","M","M","M"],"character_chosen":"IRONCLAD","items_purchased":["Enlightenment","Shrug It Off"],"campfire_rested":0,"item_purchase_floors":[14,22],"current_hp_per_floor":[80,73,73,63,63,63,59,37,37,42,40,60,40,40,40,26,80,80,55,55,42,42,42,46,46,46,29,29,15,19,0],"gold":374,"neow_bonus":"UPGRADE_CARD","is_prod":false,"is_daily":false,"chose_seed":false,"campfire_upgraded":4,"win_rate":0,"timestamp":1566267725,"path_taken":["M","?","?","M","?","R","M","E","T","M","M","?","E","$","R","BOSS","M","M","?","?","$","R","M","R","T","?","?","M","M","M"],"build_version":"2019-07-17","purchased_purges":2,"victory":false,"max_hp_per_floor":[80,80,80,80,80,80,80,80,80,80,80,80,80,80,80,80,80,80,80,80,80,80,80,80,80,80,80,80,80,80,80],"card_choices":[{"not_picked":["Flex","Heavy Blade"],"picked":"Inflame","floor":1.0},{"not_picked":["Entrench","Flex"],"picked":"Cleave","floor":4.0},{"not_picked":["Uppercut","Corruption"],"picked":"Heavy Blade","floor":7.0},{"not_picked":["Havoc","Headbutt","Reckless Charge"],"picked":"SKIP","floor":8.0},{"not_picked":["Clash","Rage","Feel No Pain"],"picked":"SKIP","floor":10.0},{"not_picked":["Sentinel","Combust"],"picked":"Demon Form","floor":11.0},{"not_picked":["Heavy Blade","Blood for Blood","Clash"],"picked":"SKIP","floor":13.0},{"not_picked":["Berserk","Brutality"],"picked":"Offering","floor":16.0},{"not_picked":["Wild Strike+1","Flex","Pummel"],"picked":"SKIP","floor":18},{"not_picked":["Pummel","Rupture"],"picked":"Iron Wave","floor":19},{"not_picked":["Dual Wield","Perfected Strike","Armaments"],"picked":"SKIP","floor":21},{"not_picked":["Dual Wield","Sword Boomerang","Ghostly Armor"],"picked":"SKIP","floor":24},{"not_picked":["Clothesline","Pommel Strike"],"picked":"Dual Wield+1","floor":29},{"not_picked":["Clothesline","Perfected Strike","Headbutt"],"picked":"SKIP","floor":30}],"player_experience":212132,"relics_obtained":[{"floor":3.0,"key":"Smiling Mask"},{"floor":8.0,"key":"Red Skull"},{"floor":9.0,"key":"Letter Opener"},{"floor":13.0,"key":"Orichalcum"},{"floor":26,"key":"Oddly Smooth Stone"}],"event_choices":[{"cards_removed":["Strike_R"],"damage_healed":0.0,"max_hp_gain":0.0,"max_hp_loss":0.0,"gold_gain":0.0,"event_name":"Golden Wing","player_choice":"Card Removal","floor":2.0,"gold_loss":0.0,"damage_taken":7.0},{"damage_healed":0.0,"max_hp_gain":0.0,"max_hp_loss":0.0,"gold_gain":0.0,"event_name":"Golden Idol","player_choice":"Take Wound","floor":5.0,"gold_loss":0.0,"damage_taken":0.0,"relics_obtained":["Golden Idol"],"cards_obtained":["Injury"]},{"damage_healed":20.0,"max_hp_gain":0.0,"max_hp_loss":0.0,"gold_gain":0.0,"event_name":"The Cleric","player_choice":"Healed","floor":12.0,"gold_loss":35.0,"damage_taken":0.0},{"damage_healed":0,"gold_gain":0,"player_choice":"Copied","damage_taken":0,"max_hp_gain":0,"max_hp_loss":0,"event_name":"Duplicator","floor":20,"gold_loss":0,"cards_obtained":["Offering"]},{"damage_healed":0,"gold_gain":0,"player_choice":"Fight","damage_taken":0,"max_hp_gain":0,"max_hp_loss":0,"event_name":"Colosseum","floor":27,"gold_loss":0},{"damage_healed":0,"gold_gain":0,"player_choice":"Fled From Nobs","damage_taken":0,"max_hp_gain":0,"max_hp_loss":0,"event_name":"Colosseum","floor":27,"gold_loss":0},{"damage_healed":0,"gold_gain":100,"player_choice":"Pray","damage_taken":0,"max_hp_gain":0,"max_hp_loss":0,"event_name":"Golden Shrine","floor":28,"gold_loss":0}],"is_beta":false,"boss_relics":[{"not_picked":["Pandora\u0027s Box","White Beast Statue"],"picked":"Black Blood"}],"items_purged_floors":[14,22],"is_endless":false,"potions_floor_spawned":[4,8,10,13,24,27,29],"killed_by":"Cultist and Chosen","ascension_level":0}