{"gold_per_floor":[110,128,128,141,160,160,177,194,194,223,236,236,249,174,174,272,272,284,296,313,329,342,342,25,25,52,52,52,4,19,34,34,137,137,148,165,177,187,187,187,222,222,276,70,101,112,112,112,112,112],"floor_reached":51,"playtime":9384,"items_purged":["Defend_B","Defend_B","Strike_B"],"score":690,"play_id":"f93e77a5-403c-48b9-94b8-10e88f07dae7","local_time":"20190628030554","is_ascension_mode":false,"campfire_choices":[{"data":"Streamline","floor":6,"key":"SMITH"},{"data":"Conserve Battery","floor":12,"key":"SMITH"},{"data":"Rip and Tear","floor":15,"key":"SMITH"},{"data":"Self Repair","floor":23,"key":"SMITH"},{"data":"Beam Cell","floor":25,"key":"SMITH"},{"data":"Echo Form","floor":28,"key":"SMITH"},{"data":"Zap","floor":32,"key":"SMITH"},{"data":"Creative AI","floor":40,"key":"SMITH"},{"data":"Amplify","floor":42,"key":"SMITH"},{"data":"Capacitor","floor":47,"key":"SMITH"},{"floor":49,"key":"REST"}],"neow_cost":"NONE","seed_source_timestamp":7783992504743,"circlet_count":0,"master_deck":["Strike_B","Zap+1","Dualcast","Compile Driver","Conserve Battery+1","Streamline+1","Amplify+1","Rip and Tear+1","Self Repair+1","Undo+1","Genetic Algorithm+1","All For One","Gash","Beam Cell+1","Leap+1","Echo Form+1","Steam+1","Gash","White Noise+1","Loop+1","Creative AI+1","Steam Power+1","Doom and Gloom+1","Doom and Gloom+1","Beam Cell+1","Capacitor+1","Multi-Cast+1","Self Repair","Bandage Up+1","Hologram+1"],"relics":["Cracked Core","Kunai","Toxic Egg 2","Nuclear Battery","Lee\u0027s Waffle","Bag of Preparation","Astrolabe","Boot","FossilizedHelix","Omamori","Meat on the Bone"],"potions_floor_usage":[16,20,21,22,50,50],"damage_taken":[{"damage":2,"enemies":"2 Louse","floor":1,"turns":2},{"damage":1,"enemies":"Jaw Worm","floor":2,"turns":3},{"damage":1,"enemies":"Cultist","floor":4,"turns":3},{"damage":12,"enemies":"Large Slime","floor":5,"turns":5},{"damage":22,"enemies":"Exordium Thugs","floor":7,"turns":4},{"damage":8,"enemies":"Exordium Wildlife","floor":8,"turns":4},{"damage":17,"enemies":"Lagavulin","floor":10,"turns":8},{"damage":1,"enemies":"Large Slime","floor":11,"turns":5},{"damage":0,"enemies":"Red Slaver","floor":13,"turns":3},{"damage":32,"enemies":"Slime Boss","floor":16,"turns":11},{"damage":31,"enemies":"2 Thieves","floor":18,"turns":4},{"damage":23,"enemies":"Shell Parasite","floor":19,"turns":6},{"damage":16,"enemies":"Cultist and Chosen","floor":20,"turns":6},{"damage":16,"enemies":"3 Cultists","floor":21,"turns":7},{"damage":24,"enemies":"Centurion and Healer","floor":22,"turns":5},{"damage":6,"enemies":"Shelled Parasite and Fungi","floor":30,"turns":5},{"damage":0,"enemies":"Snecko","floor":31,"turns":2},{"damage":37,"enemies":"Champ","floor":33,"turns":9},{"damage":18,"enemies":"3 Darklings","floor":35,"turns":6},{"damage":15,"enemies":"Orb Walker","floor":36,"turns":3},{"damage":18,"enemies":"Sphere and 2 Shapes","floor":37,"turns":5},{"damage":46,"enemies":"Spire Growth","floor":38,"turns":7},{"damage":26,"enemies":"Giant Head","floor":41,"turns":7},{"damage":6,"enemies":"Nemesis","floor":45,"turns":6},{"damage":42,"enemies":"Jaw Worm Horde","floor":46,"turns":3},{"damage":87,"enemies":"Time Eater","floor":50,"turns":10}],"seed_played":"-4880320281967889027","potions_obtained":[{"floor":4,"key":"EssenceOfSteel"},{"floor":7,"key":"Fire Potion"},{"floor":11,"key":"FairyPotion"},{"floor":18,"key":"AttackPotion"},{"floor":21,"key":"Fire Potion"},{"floor":22,"key":"Ancient Potion"},{"floor":33,"key":"Dexterity Potion"}],"is_trial":false,"path_per_floor":["M","M","?","M","M","R","M","M","T","E","M","R","M","$","R","B",null,"M","M","M","M","M","R","$","R","T","?","R","$","M","M","R","B",null,"M","M","M","M","T","R","E","R","T","$","E","M","R","?","R","B",null],"character_chosen":"DEFECT","items_purchased":["Steam+1","Lee\u0027s Waffle","Gash","Bandage Up+1"],"campfire_rested":1,"item_purchase_floors":[24,24,29,44],"current_hp_per_floor":[80,79,84,83,71,71,49,41,41,24,30,30,37,37,37,12,87,63,54,38,29,12,12,94,94,94,94,94,94,94,94,94,57,94,94,89,71,45,45,45,39,39,39,39,69,65,65,65,93,24],"gold":112,"neow_bonus":"TEN_PERCENT_HP_BONUS","is_prod":false,"is_daily":false,"chose_seed":false,"campfire_upgraded":10,"win_rate":0.0,"timestamp":1561658754,"path_taken":["M","M","?","M","M","R","M","M","T","E","M","R","M","$","R","BOSS","M","M","M","M","M","R","$","R","T","?","R","?","M","M","R","BOSS","M","M","M","M","?","R","E","R","T","$","E","M","R","?","R","BOSS"],"build_version":"2019-01-23","purchased_purges":3,"victory":true,"max_hp_per_floor":[82,82,87,87,87,87,87,87,87,87,87,87,87,87,87,87,87,87,87,87,87,87,87,94,94,94,94,94,94,94,94,94,94,94,94,94,94,94,94,94,94,94,94,94,94,94,94,94,94,94],"card_choices":[{"not_picked":["Rebound","Hello World"],"picked":"Compile Driver","floor":1},{"not_picked":["Blizzard","Rebound"],"picked":"Conserve Battery","floor":2},{"not_picked":["Stack","Compile Driver"],"picked":"Streamline","floor":4},{"not_picked":["Chill","Streamline"],"picked":"Amplify","floor":5},{"not_picked":["Aggregate","Barrage"],"picked":"Rip and Tear","floor":7},{"not_picked":["Sweeping Beam","Stack","Multi-Cast"],"picked":"SKIP","floor":8},{"not_picked":["Go for the Eyes","Rebound"],"picked":"Self Repair","floor":10},{"not_picked":["Skim+1","Gash"],"picked":"Undo+1","floor":11},{"not_picked":["Go for the Eyes","Steam+1"],"picked":"Genetic Algorithm+1","floor":13},{"not_picked":["Rainbow+1","Reboot+1"],"picked":"All For One","floor":16},{"not_picked":["Compile Driver+1","Double Energy+1"],"picked":"Gash","floor":18},{"not_picked":["Redo+1","Hello World"],"picked":"Beam Cell","floor":19},{"not_picked":["Static Discharge","Heatsinks+1"],"picked":"Leap+1","floor":20},{"not_picked":["Tempest+1","Consume+1"],"picked":"Echo Form","floor":21},{"not_picked":["Compile Driver+1","Streamline+1","Stack+1"],"picked":"SKIP","floor":22},{"not_picked":["Go for the Eyes","Loop"],"picked":"White Noise+1","floor":30},{"not_picked":["Chaos+1","Auto Shields+1"],"picked":"Loop+1","floor":31},{"not_picked":["Electrodynamics","Rainbow+1"],"picked":"Creative AI","floor":33},{"not_picked":["Aggregate+1","Hologram+1"],"picked":"Beam Cell+1","floor":35},{"not_picked":["White Noise+1","Ball Lightning+1","Rebound"],"picked":"SKIP","floor":36},{"not_picked":["Steam+1","Cold Snap"],"picked":"Capacitor","floor":37},{"not_picked":["Chill+1","White Noise+1"],"picked":"Multi-Cast+1","floor":38},{"not_picked":["Scrape+1","Streamline+1"],"picked":"Self Repair","floor":41},{"not_picked":["Rainbow+1","Cold Snap","Aggregate+1"],"picked":"SKIP","floor":45},{"not_picked":["Rebound+1","Tempest+1"],"picked":"Hologram+1","floor":46}],"player_experience":72268,"relics_obtained":[{"floor":9,"key":"Kunai"},{"floor":10,"key":"Toxic Egg 2"},{"floor":26,"key":"Bag of Preparation"},{"floor":39,"key":"Boot"},{"floor":41,"key":"FossilizedHelix"},{"floor":43,"key":"Omamori"},{"floor":45,"key":"Meat on the Bone"}],"event_choices":[{"damage_healed":0,"gold_gain":0,"player_choice":"Donut","damage_taken":0,"max_hp_gain":5,"max_hp_loss":0,"event_name":"Big Fish","floor":3,"gold_loss":0},{"damage_healed":0,"gold_gain":0,"player_choice":"Ignored","damage_taken":0,"max_hp_gain":0,"max_hp_loss":0,"event_name":"The Mausoleum","floor":27,"gold_loss":0},{"cards_removed":["Defend_B"],"damage_healed":0,"gold_gain":0,"player_choice":"Removed Skill","damage_taken":0,"max_hp_gain":0,"max_hp_loss":0,"event_name":"Falling","floor":48,"gold_loss":0}],"is_beta":false,"boss_relics":[{"not_picked":["Sozu","Busted Crown"],"picked":"Nuclear Battery"},{"not_picked":["Velvet Choker","White Beast Statue"],"picked":"Astrolabe"}],"items_purged_floors":[14,24,44],"is_endless":false,"potions_floor_spawned":[4,7,11,13,18,21,22,33,36,37,38,41],"ascension_level":0}