{"gold_per_floor":[111,126,126,141,153,153,30,30,57,69,69,87,262,288,288,387,387,400,419,90,106,106,106,122,133,133,133,8,18,18,29,29,29],"floor_reached":33,"playtime":1601,"items_purged":["Strike_R","Doubt","Strike_R"],"score":364,"play_id":"7aefc082-3fd5-4f41-a608-0cd616014d2e","local_time":"20181008140057","is_ascension_mode":true,"campfire_choices":[{"data":"Searing Blow","floor":6,"key":"SMITH"},{"data":"Armaments","floor":15,"key":"SMITH"},{"data":"Armaments","floor":23,"key":"SMITH"},{"floor":27,"key":"REST"},{"floor":30,"key":"REST"},{"floor":32,"key":"REST"}],"neow_cost":"NONE","seed_source_timestamp":929075561276144,"circlet_count":0,"master_deck":["Strike_R","Defend_R","Defend_R","Defend_R","Defend_R","Bash","Armaments+1","Armaments+1","Uppercut","Searing Blow+1","Shrug It Off","Carnage","Reaper","Dropkick","Burning Pact+1","Armaments+1","Clothesline","Burning Pact","Searing Blow","Metallicize"],"relics":["Burning Blood","NeowsBlessing","PreservedInsect","Art of War","Snecko Eye","Lee\u0027s Waffle","Gremlin Horn"],"potions_floor_usage":[14,16,25,33,33,33],"damage_taken":[{"damage":0,"enemies":"Cultist","floor":1,"turns":1},{"damage":0,"enemies":"Jaw Worm","floor":2,"turns":1},{"damage":0,"enemies":"2 Louse","floor":4,"turns":1},{"damage":27,"enemies":"Exordium Thugs","floor":5,"turns":6},{"damage":10,"enemies":"Exordium Wildlife","floor":10,"turns":8},{"damage":3,"enemies":"3 Louse","floor":12,"turns":5},{"damage":2,"enemies":"Gremlin Nob","floor":14,"turns":3},{"damage":30,"enemies":"Hexaghost","floor":16,"turns":10},{"damage":22,"enemies":"Spheric Guardian","floor":18,"turns":4},{"damage":4,"enemies":"Chosen","floor":19,"turns":3},{"damage":36,"enemies":"Centurion and Healer","floor":21,"turns":7},{"damage":0,"enemies":"Snecko","floor":24,"turns":3},{"damage":75,"enemies":"Cultist and Chosen","floor":25,"turns":8},{"damage":11,"enemies":"Chosen and Byrds","floor":29,"turns":4},{"damage":26,"enemies":"Sentry and Sphere","floor":31,"turns":6},{"damage":85,"enemies":"Champ","floor":33,"turns":7}],"seed_played":"-3805716897816007588","potions_obtained":[{"floor":2,"key":"AttackPotion"},{"floor":4,"key":"Weak Potion"},{"floor":5,"key":"Poison Potion"},{"floor":8,"key":"BloodPotion"},{"floor":8,"key":"FairyPotion"},{"floor":10,"key":"Block Potion"},{"floor":14,"key":"Explosive Potion"},{"floor":25,"key":"SteroidPotion"},{"floor":29,"key":"Fire Potion"}],"is_trial":false,"path_per_floor":["M","M","?","M","M","R","$","?","T","M","?","M","?","E","R","B",null,"M","M","$","M","?","R","M","M","T","R","$","M","R","M","R"],"character_chosen":"IRONCLAD","items_purchased":["Shrug It Off","Lee\u0027s Waffle","Armaments"],"campfire_rested":3,"item_purchase_floors":[7,20,20],"current_hp_per_floor":[78,80,80,80,59,59,59,59,59,55,55,58,58,62,62,38,70,61,63,87,57,57,57,68,17,17,43,43,38,64,47,73,0],"gold":29,"neow_bonus":"THREE_ENEMY_KILL","is_prod":false,"is_daily":false,"chose_seed":false,"campfire_upgraded":3,"win_rate":0,"timestamp":1539025257,"path_taken":["M","M","?","M","M","R","$","?","T","M","?","?","?","E","R","BOSS","M","M","$","M","?","R","M","?","T","R","?","M","R","M","R","BOSS"],"build_version":"2018-10-04v2","purchased_purges":3,"victory":false,"max_hp_per_floor":[80,80,80,80,80,80,80,80,80,80,80,80,80,80,80,80,80,80,80,87,87,87,87,87,87,87,87,87,87,87,87,87,87],"card_choices":[{"not_picked":["Clothesline","Spot Weakness"],"picked":"Armaments","floor":1},{"not_picked":["Anger","Warcry"],"picked":"Armaments","floor":2},{"not_picked":["Wild Strike","Double Tap"],"picked":"Uppercut","floor":4},{"not_picked":["Warcry","Rupture"],"picked":"Searing Blow","floor":5},{"not_picked":["Reckless Charge","Clash","Sword Boomerang"],"picked":"SKIP","floor":10},{"not_picked":["Body Slam","Sword Boomerang","Bloodletting"],"picked":"SKIP","floor":12},{"not_picked":["Reckless Charge","Thunderclap"],"picked":"Carnage","floor":14},{"not_picked":["Feed","Dark Embrace"],"picked":"Reaper","floor":16},{"not_picked":["Cleave","Warcry"],"picked":"Dropkick","floor":18},{"not_picked":["Dropkick","Shrug It Off"],"picked":"Burning Pact+1","floor":19},{"not_picked":["Body Slam","Twin Strike+1"],"picked":"Clothesline","floor":21},{"not_picked":["Flex","Bloodletting"],"picked":"Burning Pact","floor":24},{"not_picked":["Iron Wave","Infernal Blade","Clash"],"picked":"SKIP","floor":25},{"not_picked":["Feel No Pain","Intimidate"],"picked":"Searing Blow","floor":29},{"not_picked":["Second Wind","Heavy Blade+1"],"picked":"Metallicize","floor":31}],"player_experience":222986,"relics_obtained":[{"floor":9,"key":"PreservedInsect"},{"floor":14,"key":"Art of War"},{"floor":26,"key":"Gremlin Horn"}],"event_choices":[{"event_name":"Upgrade Shrine","player_choice":"Upgraded","floor":3,"damage_taken":0},{"event_name":"The Lab","player_choice":"Got Potions","floor":8,"damage_taken":0},{"event_name":"Wheel of Change","player_choice":"Card Removal","floor":11,"damage_taken":0},{"event_name":"Liars Game","player_choice":"agreed","floor":13,"damage_taken":0},{"event_name":"Back to Basics","player_choice":"Elegance","floor":22,"damage_taken":0}],"is_beta":false,"boss_relics":[{"not_picked":["Pandora\u0027s Box","White Beast Statue"],"picked":"Snecko Eye"}],"items_purged_floors":[7,20,28],"is_endless":false,"potions_floor_spawned":[2,4,5,10,14,25,29,31],"killed_by":"Champ","ascension_level":9}