{"gold_per_floor":[116,131,28,28,45,45,77,77,157,189,206,223,223,1,1,106,106,119,119,59,77,77,77,106,205,205,0,0,0,0],"floor_reached":30,"playtime":3214,"items_purged":[],"score":395,"play_id":"9fea18d4-9324-4825-aa32-880262d1d3bd","local_time":"20190722133812","is_ascension_mode":true,"campfire_choices":[{"data":"Hologram","floor":6,"key":"SMITH"},{"floor":8,"key":"REST"},{"floor":15,"key":"REST"},{"floor":23,"key":"REST"},{"floor":28,"key":"REST"}],"neow_cost":"NONE","seed_source_timestamp":529888856925,"circlet_count":0,"master_deck":["Strike_B","Strike_B","Defend_B","Defend_B+1","Defend_B","Defend_B","Zap","Dualcast","All For One","Hologram+1","BootSequence","FTL","Capacitor","Steam","Steam","Chill","Streamline","Loop","Scrape","Creative AI+1","Consume","Go for the Eyes","Coolheaded+1","Shame","Reinforced Body"],"relics":["Cracked Core","Juzu Bracelet","Bottled Tornado","Incense Burner","Blood Vial","Happy Flower","Black Star","Strawberry","War Paint","PreservedInsect","Matryoshka"],"potions_floor_usage":[7,16,16,24,30],"damage_taken":[{"damage":1,"enemies":"Cultist","floor":1,"turns":3},{"damage":0,"enemies":"Small Slimes","floor":2,"turns":2},{"damage":1,"enemies":"2 Louse","floor":5,"turns":3},{"damage":42,"enemies":"Gremlin Nob","floor":7,"turns":5},{"damage":4,"enemies":"Lagavulin","floor":10,"turns":6},{"damage":4,"enemies":"Red Slaver","floor":11,"turns":5},{"damage":0,"enemies":"Exordium Wildlife","floor":12,"turns":4},{"damage":0,"enemies":"Hexaghost","floor":16,"turns":11},{"damage":19,"enemies":"Shell Parasite","floor":18,"turns":7},{"damage":13,"enemies":"2 Thieves","floor":20,"turns":4},{"damage":15,"enemies":"Centurion and Healer","floor":21,"turns":15},{"damage":44,"enemies":"Gremlin Leader","floor":24,"turns":13},{"damage":40,"enemies":"Book of Stabbing","floor":30,"turns":8}],"seed_played":"8511827742996171131","potions_obtained":[{"floor":5,"key":"FearPotion"},{"floor":10,"key":"EssenceOfSteel"},{"floor":11,"key":"Swift Potion"},{"floor":18,"key":"SpeedPotion"},{"floor":21,"key":"Swift Potion"}],"is_trial":false,"path_per_floor":["M","M","$","?","M","R","E","R","T","E","M","M","?","$","R","B",null,"M","?","M","M","?","R","E","?","T","?","R","?","E"],"character_chosen":"DEFECT","items_purchased":["FTL","Capacitor","Happy Flower","Scrape"],"campfire_rested":4,"item_purchase_floors":[3,3,14,14],"current_hp_per_floor":[67,67,67,60,59,59,17,39,39,35,31,31,6,6,28,30,64,47,47,36,23,30,54,12,12,12,12,36,36,0],"gold":0,"neow_bonus":"ONE_RANDOM_RARE_CARD","is_prod":false,"is_daily":false,"chose_seed":false,"campfire_upgraded":1,"win_rate":0,"timestamp":1563817092,"path_taken":["M","M","?","?","M","R","E","R","T","E","M","M","?","$","R","BOSS","M","?","M","M","?","R","E","?","T","?","R","?","E"],"build_version":"2019-07-17","purchased_purges":0,"victory":false,"max_hp_per_floor":[75,75,75,75,75,75,75,75,75,75,75,75,75,75,75,75,75,75,75,75,75,82,82,82,82,82,82,82,82,82],"card_choices":[{"not_picked":["Turbo","Barrage"],"picked":"Hologram","floor":1},{"not_picked":["Rebound","Streamline"],"picked":"BootSequence","floor":2},{"not_picked":["Cold Snap","Steam Power"],"picked":"Steam","floor":5},{"not_picked":["Hello World","Sunder"],"picked":"Steam","floor":7},{"not_picked":["Force Field","Chaos"],"picked":"Chill","floor":10},{"not_picked":["Capacitor","Barrage"],"picked":"Streamline","floor":11},{"not_picked":["Redo","Conserve Battery"],"picked":"Loop","floor":12},{"not_picked":["Hyperbeam","Multi-Cast"],"picked":"Creative AI","floor":16},{"not_picked":["Compile Driver","Barrage+1"],"picked":"Consume","floor":18},{"not_picked":["Ball Lightning","Defragment"],"picked":"Go for the Eyes","floor":20},{"not_picked":["Gash","Cold Snap"],"picked":"Coolheaded","floor":21},{"not_picked":["Multi-Cast","Steam"],"picked":"Reinforced Body","floor":24}],"player_experience":283463,"relics_obtained":[{"floor":7,"key":"Juzu Bracelet"},{"floor":9,"key":"Bottled Tornado"},{"floor":10,"key":"Incense Burner"},{"floor":24,"key":"War Paint"},{"floor":24,"key":"PreservedInsect"},{"floor":26,"key":"Matryoshka"}],"event_choices":[{"cards_removed":["Strike_B"],"damage_healed":0,"gold_gain":0,"player_choice":"Card Removal","damage_taken":7,"max_hp_gain":0,"max_hp_loss":0,"event_name":"Golden Wing","floor":4,"gold_loss":0},{"damage_healed":0,"gold_gain":0,"player_choice":"Success","damage_taken":25,"relics_obtained":["Blood Vial"],"max_hp_gain":0,"max_hp_loss":0,"event_name":"Scrap Ooze","floor":13,"gold_loss":0},{"damage_healed":0,"gold_gain":0,"player_choice":"Upgraded","damage_taken":0,"max_hp_gain":0,"max_hp_loss":0,"event_name":"Upgrade Shrine","floor":19,"gold_loss":0,"cards_upgraded":["Creative AI"]},{"damage_healed":0,"gold_gain":0,"player_choice":"Stole Relic","damage_taken":0,"relics_obtained":["Strawberry"],"max_hp_gain":0,"max_hp_loss":0,"event_name":"Addict","floor":22,"gold_loss":0,"cards_obtained":["Shame"]},{"damage_healed":0,"gold_gain":99,"player_choice":"Stole From Cult","damage_taken":0,"max_hp_gain":0,"max_hp_loss":0,"event_name":"Nest","floor":25,"gold_loss":0},{"damage_healed":0,"gold_gain":0,"player_choice":"Paid Fearfully","damage_taken":0,"max_hp_gain":0,"max_hp_loss":0,"event_name":"Masked Bandits","floor":27,"gold_loss":205},{"cards_removed":["Strike_B"],"damage_healed":0,"gold_gain":0,"player_choice":"Purged","damage_taken":0,"max_hp_gain":0,"max_hp_loss":0,"event_name":"Purifier","floor":29,"gold_loss":0}],"is_beta":false,"boss_relics":[{"not_picked":["Busted Crown","Velvet Choker"],"picked":"Black Star"}],"items_purged_floors":[],"is_endless":false,"potions_floor_spawned":[5,10,11,18,21],"killed_by":"Book of Stabbing","ascension_level":6}