{"gold_per_floor":[119,294,244,244,49,75,89,89,137,137,164,176,176,76,76,173,173,186,186,198,48,61,90,90,90,90,90,90,101,31,42,42,140,140,157,257,267,267,71,71,71,89,140,155,255,255,269,269,269,269],"floor_reached":50,"playtime":4503,"items_purged":["Strike_B","Strike_B","Strike_B"],"score":466,"play_id":"97ac9573-905c-450d-9d86-8430b244ae2f","local_time":"20190830072020","is_ascension_mode":false,"campfire_choices":[{"data":"Zap","floor":8.0,"key":"SMITH"},{"data":"Sunder","floor":10.0,"key":"SMITH"},{"data":"Loop","floor":13.0,"key":"SMITH"},{"floor":15.0,"key":"REST"},{"floor":25.0,"key":"REST"},{"floor":28.0,"key":"REST"},{"floor":32.0,"key":"REST"},{"floor":40.0,"key":"REST"},{"floor":49,"key":"REST"}],"neow_cost":"NONE","seed_source_timestamp":0,"circlet_count":0,"master_deck":["Strike_B","Defend_B","Defend_B","Defend_B+1","Defend_B","Zap+1","Dualcast","Go for the Eyes","Sweeping Beam","Flash of Steel","Sunder+1","Conserve Battery+1","Loop+1","Creative AI","Gash+1","Coolheaded","Beam Cell","Recycle+1","Reprogram+1","Gash+1","Auto Shields+1","Self Repair","Redo+1","Core Surge","Darkness","Cold Snap+1","Writhe","Parasite","Glacier+1"],"special_seed":0,"relics":["FrozenCore","Potion Belt","War Paint","Juzu Bracelet","Sozu","DataDisk","Nilry\u0027s Codex","Mummified Hand","Incense Burner","Bronze Scales","Bag of Marbles"],"potions_floor_usage":[],"damage_taken":[{"damage":2.0,"enemies":"Jaw Worm","floor":1.0,"turns":3.0},{"damage":21.0,"enemies":"Lagavulin","floor":6.0,"turns":5.0},{"damage":0.0,"enemies":"2 Louse","floor":7.0,"turns":2.0},{"damage":7.0,"enemies":"Gremlin Nob","floor":11.0,"turns":3.0},{"damage":0.0,"enemies":"Cultist","floor":12.0,"turns":3.0},{"damage":41.0,"enemies":"Hexaghost","floor":16.0,"turns":9.0},{"damage":0.0,"enemies":"Chosen","floor":18.0,"turns":4.0},{"damage":26.0,"enemies":"Shell Parasite","floor":20.0,"turns":6.0},{"damage":14.0,"enemies":"Snake Plant","floor":22.0,"turns":5.0},{"damage":16.0,"enemies":"Book of Stabbing","floor":23.0,"turns":5.0},{"damage":24.0,"enemies":"Shelled Parasite and Fungi","floor":29.0,"turns":7.0},{"damage":24.0,"enemies":"Sentry and Sphere","floor":31.0,"turns":6.0},{"damage":8.0,"enemies":"Champ","floor":33.0,"turns":11.0},{"damage":29.0,"enemies":"3 Darklings","floor":35.0,"turns":8.0},{"damage":13.0,"enemies":"Mind Bloom Boss Battle","floor":36.0,"turns":8.0},{"damage":7.0,"enemies":"Orb Walker","floor":37.0,"turns":5.0},{"damage":0.0,"enemies":"Jaw Worm Horde","floor":42.0,"turns":6.0},{"damage":38.0,"enemies":"Spire Growth","floor":44.0,"turns":6.0},{"damage":12.0,"enemies":"Writhing Mass","floor":47.0,"turns":8.0},{"damage":89,"enemies":"Awakened One","floor":50,"turns":15}],"seed_played":"9196076778603633711","potions_obtained":[{"floor":4.0,"key":"Fruit Juice"},{"floor":4.0,"key":"Fruit Juice"},{"floor":4.0,"key":"Energy Potion"},{"floor":11.0,"key":"Fire Potion"},{"floor":16.0,"key":"Strength Potion"}],"is_trial":false,"path_per_floor":["M","?","?","?","$","E","M","R","T","R","E","M","R","$","R","B",null,"M","?","M","$","M","E","?","R","T","?","R","M","$","M","R","B",null,"M","?","M","?","$","R","$","M","T","M","?","?","M","?","R","B"],"character_chosen":"DEFECT","items_purchased":["Flash of Steel","Sunder","Beam Cell","Self Repair","Bronze Scales","Darkness"],"campfire_rested":6,"item_purchase_floors":[5,5,21,30,39,39],"current_hp_per_floor":[73,73,73,83,83,62,62,62,62,62,55,55,55,55,80,39,85,85,85,59,59,45,29,13,38,38,38,63,39,39,22,47,46,85,63,57,57,57,57,82,82,85,85,54,54,75,70,70,85,0],"gold":269,"neow_bonus":"THREE_CARDS","is_prod":false,"is_daily":false,"chose_seed":false,"campfire_upgraded":3,"win_rate":0,"timestamp":1567120820,"path_taken":["M","?","?","?","$","E","?","R","T","R","E","M","R","$","R","BOSS","M","?","M","?","M","E","?","R","T","?","R","M","$","M","R","BOSS","M","?","M","?","$","R","?","M","T","M","?","?","M","?","R","BOSS"],"build_version":"2019-07-17","purchased_purges":3,"victory":false,"max_hp_per_floor":[75,75,75,85,85,85,85,85,85,85,85,85,85,85,85,85,85,85,85,85,85,85,85,85,85,85,85,85,85,85,85,85,85,85,85,85,85,85,85,85,85,85,85,85,85,85,85,85,85,85],"card_choices":[{"not_picked":["Consume","Rebound"],"picked":"Go for the Eyes","floor":0.0},{"not_picked":["Rebound","Genetic Algorithm"],"picked":"Sweeping Beam","floor":1.0},{"not_picked":["Reinforced Body","Heatsinks","Compile Driver"],"picked":"SKIP","floor":6.0},{"not_picked":["Chill","Force Field"],"picked":"Conserve Battery","floor":7.0},{"not_picked":["Sweeping Beam","Barrage","Redo"],"picked":"SKIP","floor":11.0},{"not_picked":["Conserve Battery","Sunder"],"picked":"Loop","floor":12.0},{"not_picked":["Meteor Strike","Electrodynamics"],"picked":"Creative AI","floor":16.0},{"not_picked":["Rebound","Coolheaded"],"picked":"Gash+1","floor":18.0},{"not_picked":["Streamline","Steam"],"picked":"Coolheaded","floor":20.0},{"not_picked":["Conserve Battery","Creative AI"],"picked":"Recycle+1","floor":22.0},{"not_picked":["Fission","Auto Shields+1"],"picked":"Reprogram+1","floor":23.0},{"not_picked":["Capacitor+1","Sweeping Beam+1"],"picked":"Auto Shields+1","floor":29.0},{"not_picked":["Undo","Blizzard"],"picked":"Redo+1","floor":31.0},{"not_picked":["Seek","Meteor Strike"],"picked":"Core Surge","floor":33.0},{"not_picked":["Beam Cell+1","Storm+1","Hello World"],"picked":"SKIP","floor":35.0},{"not_picked":["Barrage","Storm"],"picked":"Rebound+1","floor":37.0},{"not_picked":["Beam Cell","Auto Shields+1","Lockon"],"picked":"SKIP","floor":42.0},{"not_picked":["Turbo+1","Rebound"],"picked":"Cold Snap+1","floor":44.0},{"not_picked":["Go for the Eyes","Capacitor+1"],"picked":"Glacier+1","floor":47}],"player_experience":242691,"relics_obtained":[{"floor":6.0,"key":"Potion Belt"},{"floor":9.0,"key":"War Paint"},{"floor":11.0,"key":"Juzu Bracelet"},{"floor":23.0,"key":"DataDisk"},{"floor":24.0,"key":"Nilry\u0027s Codex"},{"floor":26.0,"key":"Mummified Hand"},{"floor":36.0,"key":"Incense Burner"},{"floor":43.0,"key":"Bag of Marbles"}],"event_choices":[{"damage_healed":0.0,"max_hp_gain":0.0,"max_hp_loss":0.0,"gold_gain":175.0,"event_name":"Liars Game","player_choice":"AGREE","floor":2.0,"gold_loss":0.0,"damage_taken":0.0,"cards_obtained":["Doubt"]},{"cards_removed":["Doubt"],"damage_healed":0.0,"max_hp_gain":0.0,"max_hp_loss":0.0,"gold_gain":0.0,"event_name":"The Cleric","player_choice":"Card Removal","floor":3.0,"gold_loss":50.0,"damage_taken":0.0},{"damage_healed":0.0,"max_hp_gain":0.0,"max_hp_loss":0.0,"gold_gain":0.0,"event_name":"Lab","player_choice":"Got Potions","floor":4.0,"gold_loss":0.0,"damage_taken":0.0},{"damage_healed":0.0,"max_hp_gain":0.0,"max_hp_loss":0.0,"gold_gain":0.0,"event_name":"Ghosts","player_choice":"Ignored","floor":19.0,"gold_loss":0.0,"damage_taken":0.0},{"damage_healed":0.0,"max_hp_gain":0.0,"max_hp_loss":0.0,"gold_gain":0.0,"event_name":"Cursed Tome","player_choice":"Obtained Book","floor":24.0,"gold_loss":0.0,"damage_taken":16.0},{"damage_healed":0.0,"max_hp_gain":0.0,"max_hp_loss":0.0,"gold_gain":0.0,"event_name":"Duplicator","player_choice":"Copied","floor":27.0,"gold_loss":0.0,"damage_taken":0.0,"cards_obtained":["Gash"]},{"damage_healed":0.0,"max_hp_gain":0.0,"max_hp_loss":0.0,"gold_gain":0.0,"event_name":"MindBloom","player_choice":"Fight","floor":36.0,"gold_loss":0.0,"damage_taken":0.0},{"cards_removed":["Rebound"],"damage_healed":0.0,"max_hp_gain":0.0,"max_hp_loss":0.0,"gold_gain":0.0,"event_name":"Falling","player_choice":"Removed Attack","floor":38.0,"gold_loss":0.0,"damage_taken":0.0},{"damage_healed":0.0,"max_hp_gain":0.0,"max_hp_loss":0.0,"gold_gain":100.0,"event_name":"Golden Shrine","player_choice":"Pray","floor":45.0,"gold_loss":0.0,"damage_taken":0.0},{"damage_healed":21.0,"max_hp_gain":0.0,"max_hp_loss":0.0,"gold_gain":0.0,"event_name":"Winding Halls","player_choice":"Writhe","floor":46.0,"gold_loss":0.0,"damage_taken":0.0,"cards_obtained":["Writhe"]},{"damage_healed":0,"gold_gain":0,"player_choice":"Ignored","damage_taken":0,"max_hp_gain":0,"max_hp_loss":0,"event_name":"Mysterious Sphere","floor":48,"gold_loss":0}],"is_beta":false,"boss_relics":[{"not_picked":["Orrery","Eternal Feather"],"picked":"Sozu"},{"not_picked":["Philosopher\u0027s Stone","Fusion Hammer"],"picked":"FrozenCore"}],"items_purged_floors":[5,14,21],"is_endless":false,"potions_floor_spawned":[11,16,20,23,29,37,42,47],"killed_by":"Awakened One","ascension_level":0}