{"gold_per_floor":[114,114,114,127,137,137,155,167,167,183,183,210,220,240,240,344,344,358,358,358,6,18,353,353,370,422,0,0,33,0,0,0,97,97,109,109,127,127,147,147,174,174,174,94,74,101,121,121,121,121],"floor_reached":51,"playtime":4988,"items_purged":["Decay"],"score":795,"play_id":"e71bb021-47c6-4dfa-8122-5a703afc6902","local_time":"20190627220555","is_ascension_mode":false,"campfire_choices":[{"data":"Evolve","floor":6,"key":"SMITH"},{"floor":11,"key":"REST"},{"floor":15,"key":"REST"},{"floor":24,"key":"REST"},{"floor":28,"key":"REST"},{"data":"Heavy Blade","floor":32,"key":"SMITH"},{"data":"Shrug It Off","floor":40,"key":"SMITH"},{"data":"Body Slam","floor":42,"key":"SMITH"},{"floor":49,"key":"REST"}],"neow_cost":"NONE","seed_source_timestamp":5784028150481,"circlet_count":0,"master_deck":["Strike_R","Strike_R","Strike_R","Strike_R","Defend_R","Defend_R","Defend_R","Bash","Pommel Strike","Defend_R","Evolve+1","Heavy Blade+1","Metallicize","Shrug It Off+1","True Grit+1","Disarm+1","Shrug It Off+1","Perfected Strike","Feed","Headbutt","Spot Weakness+1","Perfected Strike","Blind+1","Panache","Seeing Red+1","Seeing Red+1","Impervious+1","Jack Of All Trades+1","Warcry+1","Pommel Strike+1","Limit Break+1","Metallicize+1","Heavy Blade+1","Shrug It Off+1","Body Slam+1","Infernal Blade+1","Body Slam","Juggernaut"],"relics":["Black Blood","Toxic Egg 2","Oddly Smooth Stone","Cursed Key","Enchiridion","Old Coin","Blood Vial","Orichalcum","Regal Pillow","Paper Frog","Ginger"],"potions_floor_usage":[10,12,16,22,22,23,50,50,50],"damage_taken":[{"damage":10,"enemies":"Jaw Worm","floor":1,"turns":4},{"damage":1,"enemies":"Cultist","floor":4,"turns":3},{"damage":5,"enemies":"2 Louse","floor":5,"turns":3},{"damage":4,"enemies":"Exordium Wildlife","floor":7,"turns":4},{"damage":29,"enemies":"Gremlin Gang","floor":8,"turns":7},{"damage":18,"enemies":"Exordium Thugs","floor":10,"turns":11},{"damage":32,"enemies":"Gremlin Nob","floor":12,"turns":6},{"damage":12,"enemies":"Large Slime","floor":13,"turns":8},{"damage":3,"enemies":"Red Slaver","floor":14,"turns":5},{"damage":30,"enemies":"Slime Boss","floor":16,"turns":20},{"damage":0,"enemies":"Shell Parasite","floor":18,"turns":7},{"damage":8,"enemies":"2 Thieves","floor":22,"turns":4},{"damage":55,"enemies":"Gremlin Leader","floor":23,"turns":8},{"damage":10,"enemies":"Snake Plant","floor":25,"turns":5},{"damage":4,"enemies":"Book of Stabbing","floor":29,"turns":7},{"damage":67,"enemies":"Collector","floor":33,"turns":9},{"damage":13,"enemies":"3 Darklings","floor":35,"turns":6},{"damage":4,"enemies":"3 Shapes","floor":37,"turns":4},{"damage":16,"enemies":"Spire Growth","floor":39,"turns":6},{"damage":26,"enemies":"Nemesis","floor":41,"turns":9},{"damage":8,"enemies":"Giant Head","floor":46,"turns":9},{"damage":22,"enemies":"Jaw Worm Horde","floor":47,"turns":5},{"damage":79,"enemies":"Donu and Deca","floor":50,"turns":10}],"seed_played":"667489560838967748","potions_obtained":[{"floor":7,"key":"Ancient Potion"},{"floor":10,"key":"Strength Potion"},{"floor":12,"key":"Swift Potion"},{"floor":14,"key":"Fire Potion"},{"floor":16,"key":"FearPotion"},{"floor":18,"key":"FearPotion"},{"floor":33,"key":"Dexterity Potion"},{"floor":39,"key":"Poison Potion"},{"floor":45,"key":"EssenceOfSteel"},{"floor":46,"key":"Strength Potion"},{"floor":47,"key":"SteroidPotion"}],"is_trial":false,"path_per_floor":["M","?","?","M","M","R","M","M","T","M","R","E","M","M","R","B",null,"M","?","?","$","M","E","R","M","T","$","R","E","?","?","R","B",null,"M","T","M","?","M","R","E","R","T","$","?","E","M","?","R","B",null],"character_chosen":"IRONCLAD","items_purchased":["Spot Weakness+1","Perfected Strike","Blind+1","Panache","Jack Of All Trades+1","Orichalcum","True Grit+1","Warcry+1","Infernal Blade+1"],"campfire_rested":5,"item_purchase_floors":[21,21,21,21,27,27,27,27,44],"current_hp_per_floor":[84,84,84,88,88,88,88,65,65,53,79,53,47,50,76,52,88,91,75,75,75,73,24,51,47,47,47,74,78,78,83,83,27,94,91,91,94,89,86,86,76,76,76,76,76,80,70,70,96,27],"gold":121,"neow_bonus":"TEN_PERCENT_HP_BONUS","is_prod":false,"is_daily":false,"chose_seed":false,"campfire_upgraded":4,"win_rate":0.0,"timestamp":1561665955,"path_taken":["M","?","?","M","M","R","M","M","T","?","R","E","M","M","R","BOSS","M","?","?","$","?","E","R","M","T","?","R","E","?","?","R","BOSS","M","?","M","?","M","R","E","R","T","?","?","E","?","?","R","BOSS"],"build_version":"2019-01-23","purchased_purges":1,"victory":true,"max_hp_per_floor":[88,88,88,88,88,88,88,88,88,88,88,88,88,88,88,88,88,91,91,91,91,91,91,91,91,91,91,91,91,91,91,91,94,94,94,94,94,89,92,92,96,96,96,96,96,96,96,96,96,96],"card_choices":[{"not_picked":["Twin Strike","Flex"],"picked":"Pommel Strike","floor":1},{"not_picked":["Warcry","Carnage"],"picked":"Evolve","floor":4},{"not_picked":["Perfected Strike","Bloodletting"],"picked":"Heavy Blade","floor":5},{"not_picked":["Burning Pact","Iron Wave"],"picked":"Metallicize","floor":7},{"not_picked":["Iron Wave","Headbutt"],"picked":"Shrug It Off","floor":8},{"not_picked":["Pommel Strike","Entrench+1"],"picked":"True Grit+1","floor":10},{"not_picked":["Evolve","Body Slam"],"picked":"Disarm+1","floor":12},{"not_picked":["Dark Embrace","Headbutt"],"picked":"Shrug It Off+1","floor":13},{"not_picked":["Inflame","Thunderclap"],"picked":"Perfected Strike","floor":14},{"not_picked":["Limit Break+1","Barricade"],"picked":"Feed","floor":16},{"not_picked":["Clothesline","Entrench+1"],"picked":"Headbutt","floor":18},{"not_picked":["Twin Strike","Clothesline"],"picked":"Seeing Red+1","floor":22},{"not_picked":["Clash","Disarm+1"],"picked":"Seeing Red+1","floor":23},{"not_picked":["Wild Strike","Thunderclap"],"picked":"Impervious+1","floor":25},{"not_picked":["Thunderclap","Perfected Strike"],"picked":"Pommel Strike+1","floor":29},{"not_picked":["Juggernaut","Offering+1"],"picked":"Limit Break+1","floor":33},{"not_picked":["True Grit+1","Twin Strike"],"picked":"Metallicize+1","floor":35},{"not_picked":["Pommel Strike","Power Through+1"],"picked":"Heavy Blade+1","floor":37},{"not_picked":["Reckless Charge+1","Heavy Blade"],"picked":"Shrug It Off+1","floor":39},{"not_picked":["Pummel","Intimidate+1"],"picked":"Body Slam","floor":41},{"not_picked":["Dual Wield+1","Sword Boomerang"],"picked":"Body Slam","floor":46},{"not_picked":["Rupture","Clash"],"picked":"Juggernaut","floor":47}],"player_experience":14784,"relics_obtained":[{"floor":9,"key":"Toxic Egg 2"},{"floor":12,"key":"Oddly Smooth Stone"},{"floor":19,"key":"Enchiridion"},{"floor":23,"key":"Old Coin"},{"floor":26,"key":"Blood Vial"},{"floor":29,"key":"Regal Pillow"},{"floor":41,"key":"Paper Frog"},{"floor":46,"key":"Ginger"}],"event_choices":[{"damage_healed":0,"gold_gain":0,"player_choice":"Ignored","damage_taken":0,"max_hp_gain":0,"max_hp_loss":0,"event_name":"Golden Wing","floor":2,"gold_loss":0},{"cards_removed":["Defend_R"],"damage_healed":0,"gold_gain":0,"player_choice":"Took Card","damage_taken":0,"max_hp_gain":0,"max_hp_loss":0,"event_name":"NoteForYourself","floor":3,"gold_loss":0,"cards_obtained":["Defend_R"]},{"damage_healed":0,"gold_gain":0,"player_choice":"Obtained Book","damage_taken":16,"max_hp_gain":0,"max_hp_loss":0,"event_name":"Cursed Tome","floor":19,"gold_loss":0},{"damage_healed":0,"gold_gain":0,"cards_transformed":["Strike_R"],"player_choice":"Transformed","damage_taken":0,"max_hp_gain":0,"max_hp_loss":0,"event_name":"Transmorgrifier","floor":20,"gold_loss":0,"cards_obtained":["Second Wind"]},{"damage_healed":0,"gold_gain":0,"player_choice":"Paid Fearfully","damage_taken":0,"max_hp_gain":0,"max_hp_loss":0,"event_name":"Masked Bandits","floor":30,"gold_loss":33},{"cards_removed":["True Grit"],"damage_healed":5,"gold_gain":0,"player_choice":"Offered Common","damage_taken":0,"max_hp_gain":0,"max_hp_loss":0,"event_name":"Bonfire Elementals","floor":31,"gold_loss":0},{"cards_removed":["True Grit"],"damage_healed":5,"gold_gain":0,"player_choice":"Offered Special","damage_taken":0,"max_hp_gain":0,"max_hp_loss":0,"event_name":"Bonfire Elementals","floor":31,"gold_loss":0},{"damage_healed":0,"gold_gain":0,"player_choice":"Max HP","damage_taken":0,"max_hp_gain":0,"max_hp_loss":5,"event_name":"Winding Halls","floor":38,"gold_loss":0},{"damage_healed":0,"gold_gain":0,"player_choice":"Bought 1 Potion","damage_taken":0,"max_hp_gain":0,"max_hp_loss":0,"event_name":"The Woman in Blue","floor":45,"gold_loss":0},{"cards_removed":["Second Wind"],"damage_healed":0,"gold_gain":0,"player_choice":"Removed Skill","damage_taken":0,"max_hp_gain":0,"max_hp_loss":0,"event_name":"Falling","floor":48,"gold_loss":0}],"is_beta":false,"boss_relics":[{"not_picked":["Philosopher\u0027s Stone","Calling Bell"],"picked":"Cursed Key"},{"not_picked":["Fusion Hammer","Empty Cage"],"picked":"Black Blood"}],"items_purged_floors":[27],"is_endless":false,"potions_floor_spawned":[7,10,12,14,16,18,33,39,46,47],"ascension_level":0}