{"gold_per_floor":[117,128,142,153,7,7,40,51,51,66,84,6,22,37,37,137,137,151,134,134,148,158,191,191,218,244,244,13,24,24,36,36,140,140,151,170,0,0,11,41,41,41,41,52,52,72,72,85,85,85,85,85,15,15],"floor_reached":54,"playtime":7052,"items_purged":[],"score":717,"play_id":"532f61e7-bb03-40fe-ad39-0a63b6544b28","local_time":"20190827234223","is_ascension_mode":false,"campfire_choices":[{"data":"Defragment","floor":6,"key":"SMITH"},{"floor":15,"key":"REST"},{"floor":30,"key":"RECALL"},{"data":"Capacitor","floor":32,"key":"SMITH"},{"data":"Mayhem","floor":41,"key":"SMITH"},{"data":"Creative AI","floor":45,"key":"SMITH"},{"floor":49,"key":"REST"},{"data":"Chill","floor":52,"key":"SMITH"}],"neow_cost":"NONE","seed_source_timestamp":0,"circlet_count":0,"master_deck":["Strike_B+1","Strike_B+1","Defend_B","Defend_B","Defend_B","Zap","Dualcast","Cold Snap","Leap","Defragment+1","Ball Lightning","Cold Snap","Capacitor+1","Streamline","Glacier","Rebound","Go for the Eyes","Consume","Self Repair","Chill+1","Conserve Battery","Amplify","Stack","Heatsinks","Ball Lightning","Heatsinks","Beam Cell+1","Blizzard","Turbo","Undo+1","Tempest","Conserve Battery","Undo+1","Electrodynamics","Conserve Battery+1","Force Field+1","Mayhem+1","Consume+1","White Noise","Madness","Madness","Clumsy","Creative AI+1","Aggregate","Stack","Recycle"],"special_seed":0,"relics":["Cracked Core","Bottled Lightning","Torii","Sozu","FossilizedHelix","Kunai","Blood Vial","OrangePellets","Cursed Key","Whetstone"],"potions_floor_usage":[7,16,16,40,40],"damage_taken":[{"damage":0.0,"enemies":"Cultist","floor":1.0,"turns":4.0},{"damage":0.0,"enemies":"Small Slimes","floor":2.0,"turns":3.0},{"damage":1.0,"enemies":"Jaw Worm","floor":3.0,"turns":3.0},{"damage":14.0,"enemies":"Exordium Thugs","floor":4.0,"turns":5.0},{"damage":9,"enemies":"Lagavulin","floor":7,"turns":5},{"damage":3,"enemies":"Looter","floor":8,"turns":3},{"damage":12,"enemies":"Large Slime","floor":10,"turns":6},{"damage":0,"enemies":"2 Fungi Beasts","floor":11,"turns":3},{"damage":14,"enemies":"Exordium Thugs","floor":13,"turns":6},{"damage":6,"enemies":"Lots of Slimes","floor":14,"turns":4},{"damage":3,"enemies":"Hexaghost","floor":16,"turns":9},{"damage":2,"enemies":"Shell Parasite","floor":18,"turns":7},{"damage":19,"enemies":"2 Thieves","floor":19,"turns":4},{"damage":17,"enemies":"Snake Plant","floor":21,"turns":6},{"damage":15,"enemies":"Snecko","floor":22,"turns":7},{"damage":22,"enemies":"Slavers","floor":23,"turns":7},{"damage":1,"enemies":"Book of Stabbing","floor":25,"turns":9},{"damage":0,"enemies":"Shelled Parasite and Fungi","floor":29,"turns":8},{"damage":0,"enemies":"Centurion and Healer","floor":31,"turns":10},{"damage":29,"enemies":"Champ","floor":33,"turns":15},{"damage":0,"enemies":"Orb Walker","floor":35,"turns":4},{"damage":43,"enemies":"3 Darklings","floor":36,"turns":4},{"damage":23,"enemies":"Jaw Worm Horde","floor":39,"turns":6},{"damage":17,"enemies":"Giant Head","floor":40,"turns":11},{"damage":0,"enemies":"Transient","floor":44,"turns":5},{"damage":19,"enemies":"3 Darklings","floor":46,"turns":3},{"damage":7,"enemies":"4 Shapes","floor":48,"turns":3},{"damage":38,"enemies":"Donu and Deca","floor":50,"turns":9},{"damage":76,"enemies":"Shield and Spear","floor":54,"turns":5}],"seed_played":"-1578908847376487452","potions_obtained":[{"floor":2.0,"key":"FocusPotion"},{"floor":10,"key":"PowerPotion"},{"floor":11,"key":"Regen Potion"},{"floor":13,"key":"AttackPotion"},{"floor":16,"key":"AttackPotion"}],"is_trial":false,"path_per_floor":["M","M","M","M","$","R","E","M","T","M","M","$","M","M","R","B",null,"M","M","?","M","M","E","?","E","T","?","$","M","R","M","R","B",null,"M","M","$","?","M","E","R","?","T","M","R","M","?","M","R","B",null,"R","$","E"],"character_chosen":"DEFECT","items_purchased":["Cold Snap","Capacitor","Streamline","Self Repair","OrangePellets","Tempest","Mayhem","Recycle"],"campfire_rested":2,"item_purchase_floors":[5,5,5,12,28,28,37,53],"current_hp_per_floor":[82,82,81,67,67,67,58,55,55,43,43,43,36,37,61,73,82,82,70,70,60,52,30,57,56,56,56,56,65,65,81,81,60,82,82,39,39,72,49,41,41,32,32,34,34,17,17,19,40,4,72,72,72,0],"gold":15,"neow_bonus":"TEN_PERCENT_HP_BONUS","is_prod":false,"is_daily":false,"chose_seed":false,"campfire_upgraded":5,"win_rate":0,"timestamp":1566963743,"path_taken":["M","M","M","M","$","R","E","M","T","M","?","$","M","M","R","BOSS","M","M","?","M","M","E","?","E","T","?","?","M","R","M","R","BOSS","M","M","$","?","M","E","R","?","T","M","R","M","?","M","R","BOSS","R","$","E"],"build_version":"2019-07-17","purchased_purges":0,"victory":false,"max_hp_per_floor":[82,82,82,82,82,82,82,82,82,82,82,82,82,82,82,82,82,82,82,82,82,82,82,82,82,82,82,82,82,82,82,82,82,82,82,82,82,72,72,72,72,72,72,72,72,72,72,72,72,72,72,72,72,72],"card_choices":[{"not_picked":["Beam Cell","Compile Driver"],"picked":"Cold Snap","floor":1.0},{"not_picked":["Darkness","Gash"],"picked":"Leap","floor":2.0},{"not_picked":["Go for the Eyes","Aggregate"],"picked":"Defragment","floor":3.0},{"not_picked":["Redo","Beam Cell"],"picked":"Ball Lightning","floor":4.0},{"not_picked":["Rainbow","Sweeping Beam"],"picked":"Glacier","floor":7},{"not_picked":["Redo","Static Discharge"],"picked":"Rebound","floor":8},{"not_picked":["Beam Cell","Scrape"],"picked":"Go for the Eyes","floor":10},{"not_picked":["Gash","Defragment"],"picked":"Consume","floor":11},{"not_picked":["Ball Lightning","Rip and Tear"],"picked":"Chill","floor":13},{"not_picked":["Streamline","Chill"],"picked":"Conserve Battery","floor":14},{"not_picked":["Reboot","Biased Cognition"],"picked":"Amplify","floor":16},{"not_picked":["Leap","Cold Snap"],"picked":"Stack","floor":18},{"not_picked":["Fusion","Leap"],"picked":"Heatsinks","floor":19},{"not_picked":["Coolheaded","Redo"],"picked":"Beam Cell+1","floor":21},{"not_picked":["Heatsinks","Cold Snap"],"picked":"Blizzard","floor":22},{"not_picked":["Multi-Cast","Hologram"],"picked":"Turbo","floor":23},{"not_picked":["Reprogram","Streamline+1"],"picked":"Undo+1","floor":25},{"not_picked":["Leap","Reinforced Body"],"picked":"Conserve Battery","floor":29},{"not_picked":["Fusion","Self Repair"],"picked":"Undo+1","floor":31},{"not_picked":["Machine Learning","Biased Cognition"],"picked":"Electrodynamics","floor":33},{"not_picked":["Turbo","Darkness"],"picked":"Conserve Battery+1","floor":35},{"not_picked":["Coolheaded+1","Melter"],"picked":"Force Field+1","floor":36},{"not_picked":["Double Energy","Rebound+1"],"picked":"Consume+1","floor":39},{"not_picked":["Go for the Eyes+1","Rebound"],"picked":"White Noise","floor":40},{"not_picked":["Consume+1","Turbo+1"],"picked":"Creative AI","floor":44},{"not_picked":["Conserve Battery","Doom and Gloom"],"picked":"Aggregate","floor":46},{"not_picked":["Darkness","Compile Driver+1"],"picked":"Stack","floor":48}],"player_experience":121092,"relics_obtained":[{"floor":7,"key":"Bottled Lightning"},{"floor":9,"key":"Torii"},{"floor":23,"key":"FossilizedHelix"},{"floor":25,"key":"Kunai"},{"floor":26,"key":"Blood Vial"},{"floor":40,"key":"Whetstone"}],"event_choices":[{"damage_healed":0,"gold_gain":0,"cards_transformed":["Strike_B","Strike_B"],"player_choice":"Became Test Subject","damage_taken":0,"max_hp_gain":0,"max_hp_loss":0,"event_name":"Drug Dealer","floor":20,"gold_loss":0,"cards_obtained":["Ball Lightning","Heatsinks"]},{"damage_healed":27,"gold_gain":0,"player_choice":"Heal","damage_taken":0,"max_hp_gain":0,"max_hp_loss":0,"event_name":"The Library","floor":24,"gold_loss":0},{"cards_removed":["Defend_B"],"damage_healed":0,"gold_gain":0,"player_choice":"Elegance","damage_taken":0,"max_hp_gain":0,"max_hp_loss":0,"event_name":"Back to Basics","floor":27,"gold_loss":0},{"damage_healed":72,"gold_gain":0,"player_choice":"Heal","damage_taken":0,"max_hp_gain":0,"max_hp_loss":10,"event_name":"The Moai Head","floor":38,"gold_loss":0},{"damage_healed":0,"gold_gain":0,"player_choice":"Embrace Madness","damage_taken":9,"max_hp_gain":0,"max_hp_loss":0,"event_name":"Winding Halls","floor":42,"gold_loss":0,"cards_obtained":["Madness","Madness"]},{"damage_healed":0,"gold_gain":0,"player_choice":"Ignored","damage_taken":0,"max_hp_gain":0,"max_hp_loss":0,"event_name":"Mysterious Sphere","floor":47,"gold_loss":0}],"is_beta":false,"boss_relics":[{"not_picked":["White Beast Statue","Ectoplasm"],"picked":"Sozu"},{"not_picked":["Coffee Dripper","Tiny House"],"picked":"Cursed Key"}],"items_purged_floors":[],"is_endless":false,"potions_floor_spawned":[2,10,11,13,16,21,22,31,33,35,36,46],"killed_by":"Shield and Spear","ascension_level":0}