{"gold_per_floor":[117,117,133,152,165,165,165,165,165,165],"floor_reached":10,"playtime":333,"items_purged":[],"score":107,"play_id":"39340900-dfdb-476b-aca5-a7bc12bc2bec","local_time":"20190820194349","is_ascension_mode":true,"campfire_choices":[{"data":"Hologram","floor":6,"key":"SMITH"},{"data":"Loop","floor":8,"key":"SMITH"}],"neow_cost":"NONE","seed_source_timestamp":1659058290556045,"circlet_count":0,"master_deck":["AscendersBane","Strike_B","Strike_B","Strike_B","Strike_B","Defend_B","Defend_B","Defend_B","Defend_B","Zap+1","Dualcast","Self Repair","Loop+1","Hologram+1"],"relics":["Cracked Core","Golden Idol","Calipers"],"potions_floor_usage":[5],"damage_taken":[{"damage":1,"enemies":"Small Slimes","floor":1,"turns":4},{"damage":1,"enemies":"Cultist","floor":3,"turns":3},{"damage":11,"enemies":"2 Louse","floor":4,"turns":2},{"damage":33,"enemies":"Exordium Thugs","floor":5,"turns":6},{"damage":21,"enemies":"Blue Slaver","floor":10,"turns":4}],"seed_played":"4961416506031403054","potions_obtained":[{"floor":3,"key":"Block Potion"}],"is_trial":false,"path_per_floor":["M","?","M","M","M","R","?","R","T","M"],"character_chosen":"DEFECT","items_purchased":[],"campfire_rested":0,"item_purchase_floors":[],"current_hp_per_floor":[70,70,71,60,34,34,10,10,10,0],"gold":165,"neow_bonus":"THREE_CARDS","is_prod":false,"is_daily":false,"chose_seed":false,"campfire_upgraded":2,"win_rate":0,"timestamp":1566297829,"path_taken":["M","?","?","M","M","R","?","R","T","M"],"build_version":"2019-07-17","purchased_purges":0,"victory":false,"max_hp_per_floor":[71,71,71,71,71,71,71,71,71,71],"card_choices":[{"not_picked":["Turbo","Cold Snap"],"picked":"Self Repair","floor":0},{"not_picked":["Steam","Redo","Turbo"],"picked":"SKIP","floor":1},{"not_picked":["Beam Cell","Sunder"],"picked":"Loop","floor":3},{"not_picked":["Doom and Gloom","Rebound","Hello World"],"picked":"SKIP","floor":4},{"not_picked":["Steam","Rebound"],"picked":"Hologram","floor":5}],"player_experience":514631,"relics_obtained":[{"floor":9,"key":"Calipers"}],"event_choices":[{"damage_healed":0,"gold_gain":0,"player_choice":"Upgraded","damage_taken":0,"max_hp_gain":0,"max_hp_loss":0,"event_name":"Upgrade Shrine","floor":2,"gold_loss":0,"cards_upgraded":["Zap"]},{"damage_healed":0,"gold_gain":0,"player_choice":"Take Damage","damage_taken":24,"relics_obtained":["Golden Idol"],"max_hp_gain":0,"max_hp_loss":0,"event_name":"Golden Idol","floor":7,"gold_loss":0}],"is_beta":false,"boss_relics":[],"items_purged_floors":[],"is_endless":false,"potions_floor_spawned":[3],"killed_by":"Blue Slaver","ascension_level":17}