{"gold_per_floor":[111,111,61,78,88,88,121,121,171,171],"floor_reached":10,"playtime":547,"items_purged":[],"score":91,"play_id":"c8288532-7043-48f3-8762-797ab2c10c95","local_time":"20190811165752","is_ascension_mode":false,"campfire_choices":[{"data":"Dualcast","floor":6,"key":"SMITH"}],"neow_cost":"NONE","seed_source_timestamp":240170363575535,"circlet_count":0,"master_deck":["Strike_B","Strike_B","Strike_B","Strike_B","Defend_B","Defend_B","Defend_B","Zap","Dualcast+1","Fission","Chill+1","Gash","BootSequence","Leap"],"relics":["Cracked Core","Torii","Mango","Strawberry"],"potions_floor_usage":[7],"damage_taken":[{"damage":1,"enemies":"Cultist","floor":1,"turns":4},{"damage":4,"enemies":"Jaw Worm","floor":4,"turns":2},{"damage":0,"enemies":"2 Louse","floor":5,"turns":2},{"damage":43,"enemies":"Lagavulin","floor":7,"turns":9},{"damage":63,"enemies":"Gremlin Nob","floor":10,"turns":4}],"seed_played":"-1772512129226876124","potions_obtained":[{"floor":1,"key":"Fruit Juice"},{"floor":7,"key":"SteroidPotion"}],"is_trial":false,"path_per_floor":["M","?","?","M","M","R","E","T","T","E"],"character_chosen":"DEFECT","items_purchased":[],"campfire_rested":0,"item_purchase_floors":[],"current_hp_per_floor":[74,74,74,70,70,70,32,46,53,0],"gold":171,"neow_bonus":"ONE_RANDOM_RARE_CARD","is_prod":false,"is_daily":false,"chose_seed":false,"campfire_upgraded":1,"win_rate":0.0,"timestamp":1565557072,"path_taken":["M","?","?","M","M","R","E","?","T","E"],"build_version":"2019-07-17","purchased_purges":0,"victory":false,"max_hp_per_floor":[75,75,75,75,75,75,80,94,101,101],"card_choices":[{"not_picked":["Sweeping Beam","Cold Snap"],"picked":"Chill","floor":1},{"not_picked":["Streamline","Coolheaded"],"picked":"Gash","floor":4},{"not_picked":["Go for the Eyes","Stack"],"picked":"BootSequence","floor":5},{"not_picked":["Scrape","Loop"],"picked":"Leap","floor":7}],"player_experience":21203,"relics_obtained":[{"floor":7,"key":"Torii"},{"floor":8,"key":"Mango"},{"floor":9,"key":"Strawberry"}],"event_choices":[{"damage_healed":0,"gold_gain":0,"player_choice":"Grow","damage_taken":0,"max_hp_gain":0,"max_hp_loss":0,"event_name":"Living Wall","floor":2,"gold_loss":0,"cards_upgraded":["Chill"]},{"cards_removed":["Defend_B"],"damage_healed":0,"gold_gain":0,"player_choice":"Card Removal","damage_taken":0,"max_hp_gain":0,"max_hp_loss":0,"event_name":"The Cleric","floor":3,"gold_loss":50}],"is_beta":false,"boss_relics":[],"items_purged_floors":[],"is_endless":false,"potions_floor_spawned":[1,7],"killed_by":"Gremlin Nob","ascension_level":0}