{"gold_per_floor":[111,127,202,202,212,212,225,225,225,225,253,273,273],"floor_reached":13,"playtime":808,"items_purged":[],"score":89,"play_id":"22a324d1-8922-49f4-9ba2-195e97cafe18","local_time":"20190703135702","is_ascension_mode":true,"campfire_choices":[{"data":"Zap","floor":6,"key":"SMITH"},{"data":"Recycle","floor":8,"key":"SMITH"},{"data":"Dualcast","floor":10,"key":"SMITH"}],"neow_cost":"NONE","seed_source_timestamp":487507380570220,"circlet_count":0,"master_deck":["Strike_B","Strike_B","Strike_B","Defend_B","Defend_B","Defend_B","Zap+1","Dualcast+1","Recycle+1","Defragment","Genetic Algorithm"],"relics":["Cracked Core","Dead Branch","Darkstone Periapt"],"potions_floor_usage":[],"damage_taken":[{"damage":2,"enemies":"Jaw Worm","floor":1,"turns":4},{"damage":5,"enemies":"2 Louse","floor":2,"turns":2},{"damage":6,"enemies":"Cultist","floor":5,"turns":4},{"damage":7,"enemies":"Blue Slaver","floor":7,"turns":3},{"damage":31,"enemies":"Gremlin Nob","floor":11,"turns":4},{"damage":5,"enemies":"Looter","floor":12,"turns":3},{"damage":16,"enemies":"3 Sentries","floor":13,"turns":2}],"seed_played":"5156971546106276082","potions_obtained":[{"floor":7,"key":"EntropicBrew"},{"floor":11,"key":"Energy Potion"},{"floor":12,"key":"FocusPotion"}],"is_trial":false,"path_per_floor":["M","M","?","?","M","R","M","R","T","R","E","M","E"],"character_chosen":"DEFECT","items_purchased":[],"campfire_rested":0,"item_purchase_floors":[],"current_hp_per_floor":[73,68,57,57,51,51,44,44,44,44,13,8,0],"gold":273,"neow_bonus":"REMOVE_CARD","is_prod":false,"is_daily":false,"chose_seed":false,"campfire_upgraded":3,"win_rate":0,"timestamp":1562129822,"path_taken":["M","M","?","?","?","R","M","R","T","R","E","M","E"],"build_version":"2019-07-01","purchased_purges":0,"victory":false,"max_hp_per_floor":[75,75,75,75,75,75,75,75,75,75,75,75,75],"card_choices":[{"not_picked":["Sweeping Beam","Rebound","Hologram"],"picked":"SKIP","floor":1},{"not_picked":["Sunder","Skim"],"picked":"Recycle","floor":2},{"not_picked":["Recycle","Fusion","Stack"],"picked":"SKIP","floor":5},{"not_picked":["Coolheaded","Gash","Reboot"],"picked":"SKIP","floor":7},{"not_picked":["Self Repair","Cold Snap"],"picked":"Defragment","floor":11},{"not_picked":["Streamline","Redo"],"picked":"Genetic Algorithm","floor":12}],"player_experience":129863,"relics_obtained":[{"floor":9,"key":"Dead Branch"},{"floor":11,"key":"Darkstone Periapt"}],"event_choices":[{"damage_healed":0,"gold_gain":75,"player_choice":"Gather Gold","damage_taken":11,"max_hp_gain":0,"max_hp_loss":0,"event_name":"World of Goop","floor":3,"gold_loss":0},{"cards_removed":["Defend_B"],"damage_healed":0,"gold_gain":0,"player_choice":"Offered Basic","damage_taken":0,"max_hp_gain":0,"max_hp_loss":0,"event_name":"Bonfire Elementals","floor":4,"gold_loss":0}],"is_beta":false,"boss_relics":[],"items_purged_floors":[],"is_endless":false,"potions_floor_spawned":[7,11,12],"killed_by":"3 Sentries","ascension_level":1}