{"gold_per_floor":[117,129,129,129,141,169,169,183,210,37,64,64,129,204,204,309,309,319,331,22,39,52,52,52],"floor_reached":24,"playtime":2289,"items_purged":["Strike_G","Strike_G"],"score":288,"play_id":"d2216da8-2742-4dcd-b755-157055255b94","local_time":"20190808064209","is_ascension_mode":true,"campfire_choices":[{"data":"Noxious Fumes","floor":7,"key":"SMITH"},{"floor":12,"key":"REST"},{"floor":15,"key":"REST"},{"data":"Burst","floor":23,"key":"SMITH"}],"neow_cost":"NONE","seed_source_timestamp":65180368615056,"circlet_count":0,"master_deck":["Strike_G","Strike_G+1","Defend_G","Defend_G","Defend_G","Defend_G","Defend_G","Survivor","Neutralize+1","Flying Knee+1","Poisoned Stab","Noxious Fumes+1","Backflip","Terror","Catalyst","Noxious Fumes","PiercingWail","Leg Sweep","Burst+1","Noxious Fumes","Slice+1","Backflip+1","Dagger Spray"],"relics":["Ring of the Snake","Smiling Mask","Art of War","Omamori","WristBlade","Meat on the Bone"],"potions_floor_usage":[24,24,24],"damage_taken":[{"damage":1,"enemies":"Jaw Worm","floor":1,"turns":5},{"damage":7,"enemies":"Small Slimes","floor":2,"turns":3},{"damage":1,"enemies":"2 Louse","floor":5,"turns":2},{"damage":10,"enemies":"Lagavulin","floor":6,"turns":8},{"damage":0,"enemies":"Large Slime","floor":8,"turns":6},{"damage":13,"enemies":"3 Sentries","floor":11,"turns":6},{"damage":15,"enemies":"Slime Boss","floor":16,"turns":9},{"damage":0,"enemies":"Shell Parasite","floor":18,"turns":6},{"damage":23,"enemies":"Spheric Guardian","floor":19,"turns":6},{"damage":11,"enemies":"Centurion and Healer","floor":21,"turns":6},{"damage":25,"enemies":"Shelled Parasite and Fungi","floor":22,"turns":6},{"damage":29,"enemies":"Gremlin Leader","floor":24,"turns":4}],"seed_played":"1026125349647267462","potions_obtained":[{"floor":2,"key":"Poison Potion"},{"floor":6,"key":"Strength Potion"},{"floor":21,"key":"Poison Potion"}],"is_trial":false,"path_per_floor":["M","M","?","?","M","E","R","M","T","$","E","R","?","?","R","B",null,"M","M","$","M","M","R","E"],"character_chosen":"THE_SILENT","items_purchased":["Noxious Fumes","PiercingWail","Meat on the Bone"],"campfire_rested":2,"item_purchase_floors":[10,10,20],"current_hp_per_floor":[62,55,41,41,40,30,30,30,30,30,17,38,38,27,48,33,61,61,38,38,39,26,26,0],"gold":52,"neow_bonus":"UPGRADE_CARD","is_prod":false,"is_daily":false,"chose_seed":false,"campfire_upgraded":2,"win_rate":0,"timestamp":1565260929,"path_taken":["M","M","?","?","M","E","R","M","T","$","E","R","?","?","R","BOSS","M","M","$","M","M","R","E"],"build_version":"2019-07-17","purchased_purges":2,"victory":false,"max_hp_per_floor":[70,70,70,70,70,70,70,70,70,70,70,70,70,70,70,70,70,70,70,70,70,70,70,70],"card_choices":[{"not_picked":["Blade Dance","Dagger Throw"],"picked":"Flying Knee","floor":1},{"not_picked":["Deadly Poison","Choke"],"picked":"Poisoned Stab","floor":2},{"not_picked":["Catalyst","Underhanded Strike"],"picked":"Backflip","floor":5},{"not_picked":["Prepared","Setup"],"picked":"Terror","floor":6},{"not_picked":["All Out Attack","Prepared"],"picked":"Catalyst","floor":8},{"not_picked":["Endless Agony","Accuracy"],"picked":"Leg Sweep","floor":11},{"not_picked":["Storm of Steel","Unload"],"picked":"Burst","floor":16},{"not_picked":["Acrobatics","Dagger Spray"],"picked":"Noxious Fumes","floor":18},{"not_picked":["Terror","Deadly Poison+1"],"picked":"Slice+1","floor":19},{"not_picked":["Poisoned Stab","Finisher"],"picked":"Backflip+1","floor":21},{"not_picked":["Noxious Fumes","Bane"],"picked":"Dagger Spray","floor":22}],"player_experience":388040,"relics_obtained":[{"floor":6,"key":"Smiling Mask"},{"floor":9,"key":"Art of War"},{"floor":11,"key":"Omamori"}],"event_choices":[{"damage_healed":0,"gold_gain":0,"player_choice":"Entered Light","damage_taken":14,"max_hp_gain":0,"max_hp_loss":0,"event_name":"Shining Light","floor":3,"gold_loss":0,"cards_upgraded":["Strike_G","Flying Knee"]},{"damage_healed":0,"gold_gain":0,"cards_transformed":["Strike_G"],"player_choice":"Change","damage_taken":0,"max_hp_gain":0,"max_hp_loss":0,"event_name":"Living Wall","floor":4,"gold_loss":0,"cards_obtained":["Noxious Fumes"]},{"damage_healed":0,"gold_gain":65,"player_choice":"Gained Gold","damage_taken":0,"max_hp_gain":0,"max_hp_loss":0,"event_name":"Golden Wing","floor":13,"gold_loss":0},{"damage_healed":0,"gold_gain":75,"player_choice":"Gather Gold","damage_taken":11,"max_hp_gain":0,"max_hp_loss":0,"event_name":"World of Goop","floor":14,"gold_loss":0}],"is_beta":false,"boss_relics":[{"not_picked":["Sozu","Fusion Hammer"],"picked":"WristBlade"}],"items_purged_floors":[10,20],"is_endless":false,"potions_floor_spawned":[2,6,21,22],"killed_by":"Gremlin Leader","ascension_level":8}