{"gold_per_floor":[119,119,133,152,1,35,35,35,89,106,126,126,161,179,179,281,281,291,55,55,18,28,59,59,59,59,86,38,38,54,70,70,70],"floor_reached":33,"playtime":1908,"items_purged":["Strike_R"],"score":400,"play_id":"231a3c1f-8f3f-4e3b-ac5a-6a0df884150c","local_time":"20190828002356","is_ascension_mode":true,"campfire_choices":[{"data":"Impervious","floor":7,"key":"SMITH"},{"floor":15,"key":"REST"},{"data":"Clothesline","floor":24,"key":"SMITH"},{"floor":29,"key":"REST"},{"floor":32,"key":"REST"}],"neow_cost":"NONE","seed_source_timestamp":11408150936997,"circlet_count":0,"master_deck":["Strike_R","Strike_R","Strike_R","Defend_R","Defend_R","Defend_R","Defend_R","Bash+1","Thunderclap","Flex","Impervious+1","Inflame","Double Tap","Pommel Strike","Clothesline+1","Parasite","Pommel Strike","Battle Trance","Dark Embrace","Havoc+1","Metallicize","RitualDagger","Fire Breathing","Iron Wave+1","Spot Weakness","Armaments","Shrug It Off","Intimidate"],"relics":["Burning Blood","PreservedInsect","Vajra","Peace Pipe","Philosopher\u0027s Stone","Toolbox","Bird Faced Urn","Oddly Smooth Stone","Happy Flower"],"potions_floor_usage":[3,6,16,16,22,27,30,31,33],"damage_taken":[{"damage":12,"enemies":"Jaw Worm","floor":1,"turns":2},{"damage":1,"enemies":"Cultist","floor":3,"turns":3},{"damage":7,"enemies":"2 Louse","floor":4,"turns":3},{"damage":28,"enemies":"Gremlin Nob","floor":6,"turns":4},{"damage":17,"enemies":"Looter","floor":10,"turns":3},{"damage":12,"enemies":"2 Fungi Beasts","floor":11,"turns":3},{"damage":20,"enemies":"Lagavulin","floor":13,"turns":5},{"damage":6,"enemies":"Exordium Wildlife","floor":14,"turns":2},{"damage":62,"enemies":"Hexaghost","floor":16,"turns":9},{"damage":5,"enemies":"Chosen","floor":18,"turns":3},{"damage":26,"enemies":"Shell Parasite","floor":22,"turns":4},{"damage":0,"enemies":"Gremlin Leader","floor":23,"turns":3},{"damage":40,"enemies":"Book of Stabbing","floor":27,"turns":6},{"damage":10,"enemies":"Centurion and Healer","floor":30,"turns":5},{"damage":14,"enemies":"Shelled Parasite and Fungi","floor":31,"turns":4},{"damage":102,"enemies":"Collector","floor":33,"turns":7}],"seed_played":"3819484484770853287","potions_obtained":[{"floor":1,"key":"SpeedPotion"},{"floor":2,"key":"Fire Potion"},{"floor":2,"key":"Fruit Juice"},{"floor":11,"key":"SpeedPotion"},{"floor":14,"key":"Swift Potion"},{"floor":16,"key":"SkillPotion"},{"floor":27,"key":"SkillPotion"},{"floor":30,"key":"Explosive Potion"},{"floor":31,"key":"SkillPotion"}],"is_trial":false,"path_per_floor":["M","?","M","M","$","E","R","?","T","M","M","?","E","M","R","B",null,"M","$","?","$","M","E","R","?","T","E","$","R","M","M","R","B"],"character_chosen":"IRONCLAD","items_purchased":["Inflame","Metallicize","Toolbox","Fire Breathing","Shrug It Off"],"campfire_rested":3,"item_purchase_floors":[5,19,19,21,28],"current_hp_per_floor":[74,74,84,83,83,61,61,61,61,50,44,65,51,51,76,20,69,70,70,64,64,44,50,50,50,50,20,20,45,51,47,72,0],"gold":70,"neow_bonus":"UPGRADE_CARD","is_prod":false,"is_daily":false,"chose_seed":false,"campfire_upgraded":2,"win_rate":0,"timestamp":1566944636,"path_taken":["M","?","?","M","$","E","R","?","T","?","M","?","E","M","R","BOSS","M","$","?","$","M","E","R","?","T","E","?","R","?","M","R","BOSS"],"build_version":"2019-07-17","purchased_purges":1,"victory":false,"max_hp_per_floor":[80,80,85,85,85,85,85,85,85,85,85,85,85,85,85,85,85,85,85,85,85,85,85,85,85,85,85,85,85,85,85,85,85],"card_choices":[{"not_picked":["Anger","Clash"],"picked":"Thunderclap","floor":1},{"not_picked":["True Grit","Body Slam"],"picked":"Flex","floor":3},{"not_picked":["Battle Trance","Sword Boomerang"],"picked":"Impervious","floor":4},{"not_picked":["Reckless Charge","Anger"],"picked":"Double Tap","floor":6},{"not_picked":["Ghostly Armor","Infernal Blade"],"picked":"Pommel Strike","floor":10},{"not_picked":["Searing Blow","Cleave"],"picked":"Clothesline","floor":11},{"not_picked":["Body Slam","Sword Boomerang"],"picked":"Pommel Strike","floor":13},{"not_picked":["Searing Blow","Uppercut"],"picked":"Battle Trance","floor":14},{"not_picked":["Impervious","Bludgeon"],"picked":"Dark Embrace","floor":16},{"not_picked":["Warcry+1","Flex"],"picked":"Havoc+1","floor":18},{"not_picked":["Warcry","Twin Strike+1"],"picked":"Iron Wave+1","floor":22},{"not_picked":["Clash","Anger"],"picked":"Spot Weakness","floor":23},{"not_picked":["Berserk","Twin Strike"],"picked":"Armaments","floor":27},{"not_picked":["Body Slam","Rupture","Twin Strike"],"picked":"SKIP","floor":30},{"not_picked":["Clash","Dropkick"],"picked":"Intimidate","floor":31}],"player_experience":107073,"relics_obtained":[{"floor":6,"key":"PreservedInsect"},{"floor":9,"key":"Vajra"},{"floor":13,"key":"Peace Pipe"},{"floor":23,"key":"Bird Faced Urn"},{"floor":26,"key":"Oddly Smooth Stone"},{"floor":27,"key":"Happy Flower"}],"event_choices":[{"damage_healed":0,"gold_gain":0,"player_choice":"Got Potions","damage_taken":0,"max_hp_gain":0,"max_hp_loss":0,"event_name":"Lab","floor":2,"gold_loss":0},{"cards_removed":["Strike_R"],"damage_healed":0,"gold_gain":0,"player_choice":"Purged","damage_taken":0,"max_hp_gain":0,"max_hp_loss":0,"event_name":"Purifier","floor":8,"gold_loss":0},{"damage_healed":21,"gold_gain":0,"player_choice":"Healed and dodged fight","damage_taken":0,"max_hp_gain":0,"max_hp_loss":0,"event_name":"Mushrooms","floor":12,"gold_loss":0,"cards_obtained":["Parasite"]},{"damage_healed":0,"gold_gain":0,"player_choice":"Joined the Cult","damage_taken":6,"max_hp_gain":0,"max_hp_loss":0,"event_name":"Nest","floor":20,"gold_loss":0,"cards_obtained":["RitualDagger"]},{"damage_healed":0,"gold_gain":0,"player_choice":"Ignored","damage_taken":0,"max_hp_gain":0,"max_hp_loss":0,"event_name":"Ghosts","floor":25,"gold_loss":0}],"is_beta":false,"boss_relics":[{"not_picked":["Runic Cube","Black Star"],"picked":"Philosopher\u0027s Stone"}],"items_purged_floors":[5],"is_endless":false,"potions_floor_spawned":[1,11,14,16,27,30,31],"killed_by":"Collector","ascension_level":5}