{"gold_per_floor":[116,132,132,146,165,194,194,269,269,269,281,31,51,78,78,181,181,193,181,192,203,222,254,269,34,34,67,67,86,121,133,133,232,232,249,263,263,363,57,77,77,125,150,150,150,177,189,208,208,208,208,208,5,38,38],"floor_reached":55,"playtime":10234,"items_purged":["Pain"],"score":873,"play_id":"d39d60c1-4765-4ceb-80ec-7a4d66eb98d2","local_time":"20190826221148","is_ascension_mode":false,"campfire_choices":[{"data":"Dualcast","floor":7,"key":"SMITH"},{"floor":15,"key":"REST"},{"floor":32,"key":"REST"},{"floor":41,"key":"RECALL"},{"data":"Buffer","floor":44,"key":"SMITH"},{"data":"Amplify","floor":49,"key":"SMITH"},{"data":"Storm","floor":52,"key":"SMITH"}],"neow_cost":"TEN_PERCENT_HP_LOSS","seed_source_timestamp":8343064538758,"circlet_count":0,"master_deck":["Strike_B","Strike_B","Defend_B","Defend_B","Defend_B","Defend_B","Zap","Dualcast+1","Blizzard","Glacier","FTL","Beam Cell","Cold Snap","Capacitor","Genetic Algorithm","Sweeping Beam","Coolheaded","Self Repair","Buffer","Chill","Steam+1","Streamline","Loop","Streamline","Fusion","Fusion+1","Barrage","Storm+1","Ball Lightning","Sunder","Hello World","Turbo","Defragment+1","Buffer+1","Compile Driver+1","Coolheaded","Turbo","Glacier","Go for the Eyes","FTL","Leap","Static Discharge+1","Static Discharge+1","Iron Wave","Hello World","Amplify+1","Rebound+1","Purity","Ball Lightning","Reprogram+1"],"relics":["Cracked Core","Thread and Needle","Ornamental Fan","Anchor","Pantograph","Happy Flower","Gremlin Horn","Inserter","Ancient Tea Set","PreservedInsect","Dream Catcher","WarpedTongs","Lantern","Nuclear Battery","FossilizedHelix","Emotion Chip","Potion Belt","Meat on the Bone","Pocketwatch"],"potions_floor_usage":[6,14,16,23,31,33,33,38,42,42,46,55,55,55],"damage_taken":[{"damage":0,"enemies":"Small Slimes","floor":1,"turns":3},{"damage":0,"enemies":"2 Louse","floor":2,"turns":2},{"damage":0,"enemies":"Cultist","floor":4,"turns":4},{"damage":0,"enemies":"Looter","floor":5,"turns":3},{"damage":0,"enemies":"Lagavulin","floor":6,"turns":8},{"damage":0,"enemies":"Large Slime","floor":11,"turns":5},{"damage":0,"enemies":"Exordium Thugs","floor":13,"turns":4},{"damage":4,"enemies":"Gremlin Nob","floor":14,"turns":5},{"damage":30,"enemies":"Hexaghost","floor":16,"turns":13},{"damage":0,"enemies":"Spheric Guardian","floor":18,"turns":9},{"damage":0,"enemies":"2 Thieves","floor":19,"turns":4},{"damage":0,"enemies":"Shelled Parasite and Fungi","floor":20,"turns":8},{"damage":6,"enemies":"Cultist and Chosen","floor":21,"turns":9},{"damage":0,"enemies":"Centurion and Healer","floor":22,"turns":9},{"damage":45,"enemies":"Slavers","floor":23,"turns":11},{"damage":7,"enemies":"Shelled Parasite and Fungi","floor":24,"turns":10},{"damage":16,"enemies":"Gremlin Leader","floor":27,"turns":7},{"damage":15,"enemies":"Sentry and Sphere","floor":29,"turns":8},{"damage":5,"enemies":"Book of Stabbing","floor":30,"turns":6},{"damage":1,"enemies":"Snecko","floor":31,"turns":5},{"damage":33,"enemies":"Collector","floor":33,"turns":8},{"damage":24,"enemies":"3 Darklings","floor":35,"turns":5},{"damage":4,"enemies":"Orb Walker","floor":36,"turns":5},{"damage":2,"enemies":"Mind Bloom Boss Battle","floor":38,"turns":7},{"damage":0,"enemies":"Maw","floor":40,"turns":9},{"damage":0,"enemies":"2 Orb Walkers","floor":42,"turns":8},{"damage":12,"enemies":"Reptomancer","floor":46,"turns":8},{"damage":0,"enemies":"3 Darklings","floor":47,"turns":5},{"damage":0,"enemies":"4 Shapes","floor":48,"turns":8},{"damage":0,"enemies":"Awakened One","floor":50,"turns":15},{"damage":36,"enemies":"Shield and Spear","floor":54,"turns":6},{"damage":68,"enemies":"The Heart","floor":55,"turns":6}],"seed_played":"9056740443394509231","potions_obtained":[{"floor":1,"key":"AttackPotion"},{"floor":4,"key":"Ancient Potion"},{"floor":6,"key":"SkillPotion"},{"floor":14,"key":"Poison Potion"},{"floor":19,"key":"SteroidPotion"},{"floor":21,"key":"Regen Potion"},{"floor":27,"key":"LiquidBronze"},{"floor":29,"key":"LiquidBronze"},{"floor":31,"key":"SteroidPotion"},{"floor":35,"key":"FearPotion"},{"floor":36,"key":"Explosive Potion"},{"floor":38,"key":"Regen Potion"},{"floor":46,"key":"GamblersBrew"}],"is_trial":false,"path_per_floor":["M","M","?","M","M","E","R","?","T","?","M","$","M","E","R","B",null,"M","M","M","M","M","E","M","$","T","E","?","M","E","M","R","B",null,"M","M","?","?","$","M","R","?","T","R","?","E","M","M","R","B",null,"R","$","E","B"],"character_chosen":"DEFECT","items_purchased":["Happy Flower","Genetic Algorithm","Sweeping Beam","Barrage","Storm","PreservedInsect","Glacier","Go for the Eyes","FTL","Leap","Purity","AttackPotion","Explosive Potion","Ball Lightning"],"campfire_rested":2,"item_purchase_floors":[12,12,12,25,25,25,39,39,39,39,53,53,53,53],"current_hp_per_floor":[68,68,43,43,43,43,43,32,32,25,25,25,25,21,41,43,68,68,68,68,68,68,45,45,45,45,36,36,28,30,29,49,35,68,51,54,54,66,66,68,68,68,68,68,68,68,68,68,68,68,68,68,68,44,0],"gold":38,"neow_bonus":"ONE_RARE_RELIC","is_prod":false,"is_daily":false,"chose_seed":false,"campfire_upgraded":4,"win_rate":0,"timestamp":1566871908,"path_taken":["M","M","?","M","M","E","R","?","T","?","M","$","M","E","R","BOSS","M","M","M","M","M","E","M","$","T","E","?","M","E","M","R","BOSS","M","M","?","?","$","M","R","?","T","R","?","E","?","M","R","BOSS","R","$","E","BOSS"],"build_version":"2019-07-17","purchased_purges":1,"victory":false,"max_hp_per_floor":[68,68,68,68,68,68,68,68,68,68,68,68,68,68,68,68,68,68,68,68,68,68,68,68,68,68,68,68,68,68,68,68,68,68,68,68,68,68,68,68,68,68,68,68,68,68,68,68,68,68,68,68,68,68,68],"card_choices":[{"not_picked":["Rip and Tear","Ball Lightning"],"picked":"Blizzard","floor":1},{"not_picked":["Gash","FTL"],"picked":"Glacier","floor":2},{"not_picked":["Compile Driver","Turbo"],"picked":"FTL","floor":4},{"not_picked":["Leap","Turbo"],"picked":"Beam Cell","floor":5},{"not_picked":["Conserve Battery","Doom and Gloom"],"picked":"Cold Snap","floor":6},{"not_picked":["Undo","Reinforced Body"],"picked":"Capacitor","floor":11},{"not_picked":["Core Surge","Capacitor"],"picked":"Coolheaded","floor":13},{"not_picked":["Reprogram","Cold Snap"],"picked":"Self Repair","floor":14},{"not_picked":["Thunder Strike","Meteor Strike"],"picked":"Buffer","floor":16},{"not_picked":["Lockon","Compile Driver"],"picked":"Chill","floor":18},{"not_picked":["Genetic Algorithm","Static Discharge"],"picked":"Steam+1","floor":19},{"not_picked":["Beam Cell","Coolheaded"],"picked":"Streamline","floor":20},{"not_picked":["Recycle","Aggregate"],"picked":"Loop","floor":21},{"not_picked":["Stack","Hyperbeam"],"picked":"Streamline","floor":22},{"not_picked":["Core Surge","Streamline"],"picked":"Fusion","floor":23},{"not_picked":["Beam Cell","Stack"],"picked":"Fusion+1","floor":24},{"not_picked":["Go for the Eyes+1","Compile Driver"],"picked":"Ball Lightning","floor":27},{"not_picked":["Loop+1","Skim"],"picked":"Sunder","floor":29},{"not_picked":["Streamline","Reinforced Body"],"picked":"Hello World","floor":30},{"not_picked":["Genetic Algorithm","Chaos"],"picked":"Turbo","floor":31},{"not_picked":["Double Energy+1","Recycle"],"picked":"Defragment+1","floor":32},{"not_picked":["Electrodynamics","Meteor Strike"],"picked":"Buffer","floor":33},{"not_picked":["Darkness","Skim"],"picked":"Compile Driver+1","floor":35},{"not_picked":["Melter","Ball Lightning+1"],"picked":"Coolheaded","floor":36},{"not_picked":["Gash+1","Steam"],"picked":"Turbo","floor":38},{"not_picked":["Coolheaded+1","Barrage"],"picked":"Static Discharge+1","floor":40},{"not_picked":["Coolheaded+1","Steam+1"],"picked":"Static Discharge+1","floor":42},{"not_picked":["Compile Driver+1","Doom and Gloom"],"picked":"Hello World","floor":46},{"not_picked":["Sunder","Ball Lightning"],"picked":"Amplify","floor":47},{"not_picked":["Capacitor+1","Stack"],"picked":"Rebound+1","floor":48},{"not_picked":["Recycle+1","Gash"],"picked":"Reprogram+1","floor":54}],"player_experience":110479,"relics_obtained":[{"floor":6,"key":"Anchor"},{"floor":9,"key":"Pantograph"},{"floor":14,"key":"Gremlin Horn"},{"floor":23,"key":"Ancient Tea Set"},{"floor":27,"key":"Dream Catcher"},{"floor":30,"key":"Lantern"},{"floor":38,"key":"FossilizedHelix"},{"floor":42,"key":"Emotion Chip"},{"floor":43,"key":"Potion Belt"},{"floor":46,"key":"Meat on the Bone"},{"floor":54,"key":"Pocketwatch"}],"event_choices":[{"damage_healed":0,"gold_gain":0,"player_choice":"Success","damage_taken":25,"relics_obtained":["Ornamental Fan"],"max_hp_gain":0,"max_hp_loss":0,"event_name":"Scrap Ooze","floor":3,"gold_loss":0},{"damage_healed":0,"gold_gain":75,"player_choice":"Gather Gold","damage_taken":11,"max_hp_gain":0,"max_hp_loss":0,"event_name":"World of Goop","floor":8,"gold_loss":0},{"cards_removed":["Strike_B"],"damage_healed":0,"gold_gain":0,"player_choice":"Card Removal","damage_taken":7,"max_hp_gain":0,"max_hp_loss":0,"event_name":"Golden Wing","floor":10,"gold_loss":0},{"damage_healed":0,"gold_gain":0,"player_choice":"Rummage","damage_taken":0,"relics_obtained":["WarpedTongs"],"max_hp_gain":0,"max_hp_loss":0,"event_name":"Accursed Blacksmith","floor":28,"gold_loss":0,"cards_obtained":["Pain"]},{"damage_healed":0,"gold_gain":0,"player_choice":"Ignored","damage_taken":0,"max_hp_gain":0,"max_hp_loss":0,"event_name":"Tomb of Lord Red Mask","floor":37,"gold_loss":0},{"damage_healed":0,"gold_gain":0,"player_choice":"Fight","damage_taken":0,"max_hp_gain":0,"max_hp_loss":0,"event_name":"MindBloom","floor":38,"gold_loss":0},{"damage_healed":0,"gold_gain":0,"player_choice":"Fight","damage_taken":0,"max_hp_gain":0,"max_hp_loss":0,"event_name":"Mysterious Sphere","floor":42,"gold_loss":0},{"cards_removed":["Strike_B"],"damage_healed":0,"gold_gain":0,"player_choice":"Took Card","damage_taken":0,"max_hp_gain":0,"max_hp_loss":0,"event_name":"NoteForYourself","floor":45,"gold_loss":0,"cards_obtained":["Iron Wave"]}],"is_beta":false,"boss_relics":[{"not_picked":["Lizard Tail","Fusion Hammer"],"picked":"Inserter"},{"not_picked":["FrozenCore","Astrolabe"],"picked":"Nuclear Battery"}],"items_purged_floors":[39],"is_endless":false,"potions_floor_spawned":[1,4,6,14,19,21,27,29,30,31,35,36,38,46],"killed_by":"The Heart","ascension_level":0}