{"gold_per_floor":[117,131,281,281,281,314,197,197,244,256,294,321,352,364,376,388],"floor_reached":16,"playtime":792,"items_purged":["Doubt"],"score":266,"play_id":"2c1c1d62-175b-47d5-80d2-1eaa535c6f23","local_time":"20190822173838","is_ascension_mode":true,"campfire_choices":[{"data":"Zap","floor":8,"key":"SMITH"},{"data":"Undo","floor":10,"key":"SMITH"},{"floor":15,"key":"REST"}],"neow_cost":"NONE","seed_source_timestamp":1823883773008951,"circlet_count":0,"master_deck":["AscendersBane","Strike_B","Strike_B","Strike_B","Strike_B","Defend_B","Defend_B","Defend_B","Defend_B","Zap+1","Dualcast","Blizzard+1","Chill","Coolheaded","Undo+1","Cold Snap","Barrage"],"relics":["Cracked Core","NeowsBlessing","Oddly Smooth Stone","Bag of Marbles","MawBank","Strawberry"],"potions_floor_usage":[16],"damage_taken":[{"damage":0,"enemies":"2 Louse","floor":1,"turns":1},{"damage":0,"enemies":"Cultist","floor":2,"turns":1},{"damage":0,"enemies":"Gremlin Nob","floor":6,"turns":1},{"damage":19,"enemies":"3 Sentries","floor":11,"turns":12},{"damage":0,"enemies":"Jaw Worm","floor":12,"turns":5},{"damage":5,"enemies":"Exordium Wildlife","floor":13,"turns":6},{"damage":64,"enemies":"Hexaghost","floor":16,"turns":14}],"seed_played":"3146916598825777142","potions_obtained":[{"floor":12,"key":"Explosive Potion"}],"is_trial":false,"path_per_floor":["M","M","?","?","?","E","$","R","T","R","E","M","M","?","R","B"],"character_chosen":"DEFECT","items_purchased":["Undo"],"campfire_rested":1,"item_purchase_floors":[7],"current_hp_per_floor":[64,64,64,69,51,51,51,51,51,51,39,39,34,34,58,0],"gold":388,"neow_bonus":"THREE_ENEMY_KILL","is_prod":false,"is_daily":false,"chose_seed":false,"campfire_upgraded":2,"win_rate":0,"timestamp":1566463118,"path_taken":["M","M","?","?","?","E","$","R","T","R","E","M","M","?","R","BOSS"],"build_version":"2019-07-17","purchased_purges":1,"victory":false,"max_hp_per_floor":[71,71,71,76,76,76,76,76,76,76,83,83,83,83,83,83],"card_choices":[{"not_picked":["Compile Driver","Beam Cell"],"picked":"Blizzard","floor":1},{"not_picked":["Loop","Steam Power"],"picked":"Chill","floor":2},{"not_picked":["Loop","Gash"],"picked":"Coolheaded","floor":6},{"not_picked":["Compile Driver","Rebound","Reprogram"],"picked":"SKIP","floor":11},{"not_picked":["Redo","Reprogram"],"picked":"Cold Snap","floor":12},{"not_picked":["Double Energy","FTL"],"picked":"Barrage","floor":13}],"player_experience":544360,"relics_obtained":[{"floor":6,"key":"Bag of Marbles"},{"floor":9,"key":"MawBank"},{"floor":11,"key":"Strawberry"}],"event_choices":[{"damage_healed":0,"gold_gain":150,"player_choice":"AGREE","damage_taken":0,"max_hp_gain":0,"max_hp_loss":0,"event_name":"Liars Game","floor":3,"gold_loss":0,"cards_obtained":["Doubt"]},{"damage_healed":0,"gold_gain":0,"player_choice":"Donut","damage_taken":0,"max_hp_gain":5,"max_hp_loss":0,"event_name":"Big Fish","floor":4,"gold_loss":0},{"damage_healed":0,"gold_gain":0,"player_choice":"Success","damage_taken":18,"relics_obtained":["Oddly Smooth Stone"],"max_hp_gain":0,"max_hp_loss":0,"event_name":"Scrap Ooze","floor":5,"gold_loss":0},{"damage_healed":0,"gold_gain":0,"player_choice":"Grow","damage_taken":0,"max_hp_gain":0,"max_hp_loss":0,"event_name":"Living Wall","floor":14,"gold_loss":0,"cards_upgraded":["Blizzard"]}],"is_beta":false,"boss_relics":[],"items_purged_floors":[7],"is_endless":false,"potions_floor_spawned":[12],"killed_by":"Hexaghost","ascension_level":20}