{"gold_per_floor":[114,124,143,143,143,176,196,230,230,505,517,517,531,547,547,652,652,666,126,126,145,17,46,58,58],"floor_reached":25,"playtime":3535,"items_purged":["Regret","Regret"],"score":272,"play_id":"50b80a6b-97b4-4261-b79c-351635f0bcc5","local_time":"20180913140645","is_ascension_mode":true,"campfire_choices":[{"floor":12,"key":"REST"},{"floor":15,"key":"REST"}],"neow_cost":"NONE","seed_source_timestamp":59366318822328,"circlet_count":0,"master_deck":["Defend_G","Defend_G","Defend_G","Defend_G","Defend_G","Strike_G","Strike_G","Strike_G","Strike_G+1","Strike_G","Survivor","Neutralize","Terror","Cloak And Dagger+1","Cloak And Dagger+1","Deadly Poison","Deadly Poison","Cloak And Dagger","Quick Slash","Quick Slash","Cloak And Dagger","Bullet Time","Acrobatics+1","Blade Dance","Poisoned Stab","Jack Of All Trades+1","Leg Sweep+1","Leg Sweep+1","Infinite Blades","Phantasmal Killer+1","Quick Slash"],"relics":["Cursed Key","Orichalcum","Smiling Mask","Strawberry","Runic Dome","Toxic Egg 2","Darkstone Periapt"],"potions_floor_usage":[6,16,16],"damage_taken":[{"damage":5,"enemies":"Small Slimes","floor":1,"turns":4},{"damage":1,"enemies":"Jaw Worm","floor":2,"turns":5},{"damage":0,"enemies":"2 Louse","floor":3,"turns":2},{"damage":10,"enemies":"Lagavulin","floor":6,"turns":7},{"damage":10,"enemies":"Exordium Wildlife","floor":7,"turns":5},{"damage":30,"enemies":"Gremlin Nob","floor":8,"turns":5},{"damage":2,"enemies":"Exordium Thugs","floor":11,"turns":4},{"damage":8,"enemies":"Large Slime","floor":13,"turns":6},{"damage":2,"enemies":"Gremlin Gang","floor":14,"turns":4},{"damage":24,"enemies":"The Guardian","floor":16,"turns":11},{"damage":2,"enemies":"Shell Parasite","floor":18,"turns":5},{"damage":22,"enemies":"Colosseum Slavers","floor":20,"turns":5},{"damage":0,"enemies":"Chosen","floor":21,"turns":5},{"damage":50,"enemies":"Slavers","floor":23,"turns":7},{"damage":2,"enemies":"Snake Plant","floor":24,"turns":5},{"damage":3,"enemies":"Chosen and Byrds","floor":25,"turns":5}],"seed_played":"6734521100633685068","potions_obtained":[{"floor":1,"key":"Swift Potion"},{"floor":2,"key":"Regen Potion"},{"floor":8,"key":"Block Potion"},{"floor":24,"key":"GhostInAJar"}],"is_trial":false,"path_per_floor":["M","M","M","?","?","E","M","E","T","?","M","R","M","M","R","B",null,"M","$","?","M","$","E","M"],"character_chosen":"THE_SILENT","items_purchased":["Blade Dance","Poisoned Stab","Toxic Egg 2","Jack Of All Trades+1","Leg Sweep+1","Infinite Blades"],"campfire_rested":2,"item_purchase_floors":[19,19,19,19,19,22],"current_hp_per_floor":[65,64,64,50,50,49,39,9,16,16,14,37,29,27,50,26,77,75,75,53,53,53,3,1,0],"gold":58,"neow_bonus":"BOSS_RELIC","is_prod":false,"is_daily":false,"chose_seed":false,"campfire_upgraded":0,"win_rate":0,"timestamp":1536865605,"path_taken":["M","M","M","?","?","E","M","E","T","?","?","R","M","M","R","BOSS","M","$","?","M","?","E","M","M"],"build_version":"2018-09-06","purchased_purges":2,"victory":false,"max_hp_per_floor":[70,70,70,70,70,70,70,70,77,77,77,77,77,77,77,77,77,77,77,77,77,77,77,77,77],"card_choices":[{"not_picked":["Escape Plan","Poisoned Stab"],"picked":"Terror","floor":1},{"not_picked":["Slice","Sucker Punch"],"picked":"Cloak And Dagger","floor":2},{"not_picked":["Sucker Punch","Prepared"],"picked":"Cloak And Dagger","floor":3},{"not_picked":["Flechettes","Reflex"],"picked":"Deadly Poison","floor":6},{"not_picked":["Eviscerate","Bane"],"picked":"Deadly Poison","floor":7},{"not_picked":["Bane","Quick Slash"],"picked":"Cloak And Dagger","floor":8},{"not_picked":["Acrobatics","Die Die Die"],"picked":"Quick Slash","floor":11},{"not_picked":["Heel Hook","Reflex"],"picked":"Quick Slash","floor":13},{"not_picked":["All Out Attack","Slice"],"picked":"Cloak And Dagger","floor":14},{"not_picked":["A Thousand Cuts","Adrenaline"],"picked":"Bullet Time","floor":16},{"not_picked":["Slice","PiercingWail"],"picked":"Acrobatics+1","floor":18},{"not_picked":["Bane","Expertise+1"],"picked":"Leg Sweep+1","floor":21},{"not_picked":["PiercingWail+1","Leg Sweep+1"],"picked":"Phantasmal Killer+1","floor":23},{"not_picked":["PiercingWail+1","Bane"],"picked":"Quick Slash","floor":24}],"player_experience":83023,"relics_obtained":[{"floor":6,"key":"Orichalcum"},{"floor":8,"key":"Smiling Mask"},{"floor":9,"key":"Strawberry"},{"floor":23,"key":"Darkstone Periapt"}],"event_choices":[{"event_name":"Shining Light","player_choice":"Entered Light","floor":4,"damage_taken":0},{"event_name":"Living Wall","player_choice":"Grow","floor":5,"damage_taken":0},{"event_name":"Golden Shrine","player_choice":"Desecrate","floor":10,"damage_taken":0},{"event_name":"Colosseum","player_choice":"Fight","floor":20,"damage_taken":0},{"event_name":"Colosseum","player_choice":"Fled From Nobs","floor":20,"damage_taken":0}],"is_beta":false,"boss_relics":[{"not_picked":["Philosopher\u0027s Stone","Ectoplasm"],"picked":"Runic Dome"}],"items_purged_floors":[19,22],"is_endless":false,"potions_floor_spawned":[1,2,8,24],"killed_by":"Chosen and Byrds","ascension_level":1}