{"gold_per_floor":[14,30,44,21,33,63,63,98,172,272,272,287,307,321,321,426,426,441,9,9,19,32,32,49,49,75,75,107,127,147,147,147,243,243,260,74,84,103,103,103,118,150,150,150,2,36,36,36,36,36],"floor_reached":51,"playtime":5800,"items_purged":[],"score":1090,"play_id":"8c9270d3-bec9-46b7-b7c8-078484834cce","local_time":"20190729135128","is_ascension_mode":true,"campfire_choices":[{"data":"Noxious Fumes","floor":7,"key":"SMITH"},{"data":"Neutralize","floor":11,"key":"SMITH"},{"data":"Sucker Punch","floor":15,"key":"SMITH"},{"data":"Infinite Blades","floor":23,"key":"SMITH"},{"data":"Well Laid Plans","floor":25,"key":"SMITH"},{"data":"Concentrate","floor":27,"key":"SMITH"},{"data":"Storm of Steel","floor":32,"key":"SMITH"},{"floor":40,"key":"REST"},{"data":"Apotheosis","floor":44,"key":"SMITH"},{"data":"Footwork","floor":47,"key":"SMITH"},{"floor":49,"key":"REST"}],"neow_cost":"NO_GOLD","seed_source_timestamp":340353396829685,"circlet_count":0,"master_deck":["Survivor","Neutralize+1","Sucker Punch+1","Deadly Poison","Noxious Fumes+1","Backflip","PiercingWail","Quick Slash","Terror","Poisoned Stab","Dagger Throw","Heel Hook","Bullet Time","Reflex","Storm of Steel+1","Bullet Time","Choke","Slice","Backstab","Burst","Bullet Time","Concentrate+1","Quick Slash","Cloak And Dagger+1","Infinite Blades+1","Jack Of All Trades","Sucker Punch+1","Flying Knee+1","Well Laid Plans+1","Deflect","Dodge and Roll","PiercingWail+1","Adrenaline","Cloak And Dagger","Footwork+1","Backflip","Apotheosis+1","Backflip+1","Blade Dance","Backstab+1","Infinite Blades","Blade Dance+1"],"relics":["Ring of the Snake","Dead Branch","Pantograph","FossilizedHelix","Sundial","Pandora\u0027s Box","Molten Egg 2","Matryoshka","Lantern","Happy Flower","Pear","Bottled Lightning","Bottled Tornado","WristBlade","Ancient Tea Set","Bag of Marbles","Mercury Hourglass","Pen Nib"],"potions_floor_usage":[6,8,16,28,33,50,50,50],"damage_taken":[{"damage":3,"enemies":"Jaw Worm","floor":1,"turns":6},{"damage":2,"enemies":"Cultist","floor":2,"turns":4},{"damage":0,"enemies":"2 Louse","floor":3,"turns":3},{"damage":0,"enemies":"2 Fungi Beasts","floor":5,"turns":4},{"damage":19,"enemies":"3 Sentries","floor":6,"turns":7},{"damage":25,"enemies":"Gremlin Nob","floor":8,"turns":5},{"damage":1,"enemies":"Red Slaver","floor":12,"turns":5},{"damage":0,"enemies":"Blue Slaver","floor":13,"turns":4},{"damage":0,"enemies":"2 Fungi Beasts","floor":14,"turns":3},{"damage":0,"enemies":"Hexaghost","floor":16,"turns":8},{"damage":13,"enemies":"Chosen","floor":18,"turns":4},{"damage":0,"enemies":"Spheric Guardian","floor":21,"turns":2},{"damage":21,"enemies":"Shelled Parasite and Fungi","floor":22,"turns":4},{"damage":0,"enemies":"Chosen and Byrds","floor":24,"turns":4},{"damage":26,"enemies":"Gremlin Leader","floor":28,"turns":5},{"damage":6,"enemies":"Snake Plant","floor":29,"turns":3},{"damage":0,"enemies":"Cultist and Chosen","floor":30,"turns":5},{"damage":7,"enemies":"Automaton","floor":33,"turns":6},{"damage":3,"enemies":"3 Darklings","floor":35,"turns":4},{"damage":0,"enemies":"Orb Walker","floor":37,"turns":2},{"damage":46,"enemies":"Spire Growth","floor":38,"turns":4},{"damage":0,"enemies":"Sphere and 2 Shapes","floor":41,"turns":5},{"damage":0,"enemies":"Nemesis","floor":42,"turns":5},{"damage":0,"enemies":"Reptomancer","floor":46,"turns":3},{"damage":18,"enemies":"Awakened One","floor":50,"turns":6}],"seed_played":"7815612275017238577","potions_obtained":[{"floor":2,"key":"SkillPotion"},{"floor":6,"key":"Regen Potion"},{"floor":8,"key":"Dexterity Potion"},{"floor":14,"key":"SteroidPotion"},{"floor":21,"key":"Strength Potion"},{"floor":24,"key":"Strength Potion"},{"floor":30,"key":"SteroidPotion"},{"floor":35,"key":"SteroidPotion"},{"floor":37,"key":"Strength Potion"}],"is_trial":false,"path_per_floor":["M","M","M","$","M","E","R","E","T","?","R","M","M","M","R","B",null,"M","$","T","M","M","R","M","R","T","R","E","M","M","T","R","B",null,"M","$","M","M","?","R","M","E","T","R","$","E","R","?","R","B",null],"character_chosen":"THE_SILENT","items_purchased":["Backflip","Infinite Blades","Molten Egg 2","Jack Of All Trades","Footwork","Ancient Tea Set","Backstab+1","Infinite Blades"],"campfire_rested":2,"item_purchase_floors":[4,19,19,19,36,36,45,45],"current_hp_per_floor":[60,58,58,58,58,39,39,29,29,29,29,28,28,28,28,53,66,53,53,53,53,32,32,32,32,32,32,16,10,10,10,10,28,67,64,64,64,18,18,42,42,42,42,42,42,42,42,42,66,62],"gold":36,"neow_bonus":"ONE_RARE_RELIC","is_prod":false,"is_daily":false,"chose_seed":false,"campfire_upgraded":9,"win_rate":0,"timestamp":1564422688,"path_taken":["M","M","M","$","M","E","R","E","T","?","R","M","M","M","R","BOSS","M","$","?","?","M","R","?","R","T","R","E","M","M","?","R","BOSS","M","$","M","M","?","R","M","E","T","R","$","E","R","?","R","BOSS"],"build_version":"2019-07-17","purchased_purges":0,"victory":true,"max_hp_per_floor":[70,70,70,70,70,70,70,70,70,70,70,70,70,70,70,70,70,70,70,70,70,70,70,70,70,70,70,80,80,80,80,80,80,80,80,80,80,80,80,80,80,80,80,80,80,80,80,80,80,80],"card_choices":[{"not_picked":["Poisoned Stab","Cloak And Dagger"],"picked":"Sucker Punch","floor":1},{"not_picked":["Choke","Eviscerate"],"picked":"Deadly Poison","floor":2},{"not_picked":["Caltrops","Poisoned Stab"],"picked":"Noxious Fumes","floor":3},{"not_picked":["Poisoned Stab","Infinite Blades"],"picked":"PiercingWail","floor":5},{"not_picked":["Prepared","PiercingWail"],"picked":"Quick Slash","floor":6},{"not_picked":["Setup","Acrobatics"],"picked":"Terror","floor":8},{"not_picked":["Reflex","Deadly Poison"],"picked":"Poisoned Stab","floor":12},{"not_picked":["Glass Knife","Bane"],"picked":"Dagger Throw","floor":13},{"not_picked":["Choke","Outmaneuver"],"picked":"Heel Hook","floor":14},{"not_picked":["Doppelganger","Phantasmal Killer"],"picked":"Bullet Time","floor":16},{"not_picked":["Backflip","Deflect"],"picked":"Cloak And Dagger+1","floor":18},{"not_picked":["Prepared","Blur"],"picked":"Sucker Punch+1","floor":21},{"not_picked":["Quick Slash+1","Acrobatics"],"picked":"Flying Knee+1","floor":22},{"not_picked":["Die Die Die+1","Escape Plan"],"picked":"Well Laid Plans","floor":24},{"not_picked":["Underhanded Strike+1","Bouncing Flask"],"picked":"Deflect","floor":28},{"not_picked":["Deadly Poison","Bane+1"],"picked":"Dodge and Roll","floor":29},{"not_picked":["Dagger Throw+1","Quick Slash+1"],"picked":"PiercingWail+1","floor":30},{"not_picked":["Venomology","Storm of Steel"],"picked":"Adrenaline","floor":33},{"not_picked":["Acrobatics+1","Crippling Poison"],"picked":"Cloak And Dagger","floor":35},{"not_picked":["Quick Slash+1","Sucker Punch+1","Reflex+1"],"picked":"SKIP","floor":37},{"not_picked":["Expertise","Flying Knee+1"],"picked":"Backflip","floor":38},{"not_picked":["Discovery","Enlightenment"],"picked":"Apotheosis","floor":39},{"not_picked":["Sucker Punch+1","Catalyst+1"],"picked":"Backflip+1","floor":41},{"not_picked":["Well Laid Plans","Dagger Spray+1"],"picked":"Blade Dance","floor":42},{"not_picked":["All Out Attack+1","Sucker Punch+1"],"picked":"Blade Dance+1","floor":46}],"player_experience":358352,"relics_obtained":[{"floor":6,"key":"Pantograph"},{"floor":8,"key":"FossilizedHelix"},{"floor":9,"key":"Sundial"},{"floor":20,"key":"Matryoshka"},{"floor":26,"key":"Lantern"},{"floor":26,"key":"Happy Flower"},{"floor":28,"key":"Pear"},{"floor":31,"key":"Bottled Lightning"},{"floor":31,"key":"Bottled Tornado"},{"floor":42,"key":"Bag of Marbles"},{"floor":43,"key":"Mercury Hourglass"},{"floor":46,"key":"Pen Nib"}],"event_choices":[{"damage_healed":0,"gold_gain":100,"player_choice":"Pray","damage_taken":0,"max_hp_gain":0,"max_hp_loss":0,"event_name":"Golden Shrine","floor":10,"gold_loss":0},{"damage_healed":0,"gold_gain":0,"player_choice":"Memory 1","damage_taken":0,"max_hp_gain":0,"max_hp_loss":0,"event_name":"SensoryStone","floor":39,"gold_loss":0},{"damage_healed":0,"gold_gain":0,"player_choice":"Leave","damage_taken":0,"max_hp_gain":0,"max_hp_loss":0,"event_name":"FaceTrader","floor":48,"gold_loss":0}],"is_beta":false,"boss_relics":[{"not_picked":["Orrery","Philosopher\u0027s Stone"],"picked":"Pandora\u0027s Box"},{"not_picked":["Runic Pyramid","Velvet Choker"],"picked":"WristBlade"}],"items_purged_floors":[],"is_endless":false,"potions_floor_spawned":[2,6,8,14,21,24,30,35,37,38],"ascension_level":7}