{"gold_per_floor":[114,14,33,52,71,106,106,124,124,124,141,141,8,25,25,102,102,116,166,166,180,15,15,15],"floor_reached":24,"playtime":3219,"items_purged":["Strike_B"],"score":386,"play_id":"8ffd0aeb-b5a6-4524-9777-1befad3572eb","local_time":"20190821185339","is_ascension_mode":true,"campfire_choices":[{"data":"Zap","floor":7,"key":"SMITH"},{"floor":10,"key":"REST"},{"floor":15,"key":"REST"},{"floor":23,"key":"REST"}],"neow_cost":"NONE","seed_source_timestamp":1739561624538296,"circlet_count":0,"master_deck":["AscendersBane","Zap+1","Dualcast","Streamline","Gash","Barrage","Auto Shields","Blizzard","Go for the Eyes","Gash","Loop","White Noise","Machine Learning","Self Repair","Amplify","Ball Lightning","Tempest","Thunder Strike","Go for the Eyes"],"relics":["Cracked Core","DataDisk","Blue Candle","Pandora\u0027s Box","Happy Flower"],"potions_floor_usage":[6,16,21],"damage_taken":[{"damage":1,"enemies":"Cultist","floor":1,"turns":3},{"damage":10,"enemies":"Small Slimes","floor":3,"turns":3},{"damage":2,"enemies":"Jaw Worm","floor":4,"turns":3},{"damage":11,"enemies":"Blue Slaver","floor":5,"turns":4},{"damage":25,"enemies":"Lagavulin","floor":6,"turns":7},{"damage":11,"enemies":"Large Slime","floor":8,"turns":5},{"damage":10,"enemies":"Exordium Wildlife","floor":11,"turns":4},{"damage":3,"enemies":"Exordium Thugs","floor":14,"turns":4},{"damage":23,"enemies":"The Guardian","floor":16,"turns":13},{"damage":32,"enemies":"Chosen","floor":18,"turns":4},{"damage":35,"enemies":"Shell Parasite","floor":21,"turns":4},{"damage":34,"enemies":"Slavers","floor":24,"turns":1}],"seed_played":"-284303042441108537","potions_obtained":[{"floor":1,"key":"FocusPotion"},{"floor":3,"key":"SkillPotion"},{"floor":11,"key":"PowerPotion"},{"floor":18,"key":"Poison Potion"}],"is_trial":false,"path_per_floor":["M","$","M","M","M","E","R","M","T","R","M","?","$","M","R","B",null,"M","?","?","M","$","R","E"],"character_chosen":"DEFECT","items_purchased":["Gash","Gash","Loop","Happy Flower"],"campfire_rested":3,"item_purchase_floors":[2,13,13,22],"current_hp_per_floor":[70,70,60,58,47,22,22,11,11,34,24,24,24,21,44,21,64,39,39,39,11,11,34,0],"gold":15,"neow_bonus":"TEN_PERCENT_HP_BONUS","is_prod":false,"is_daily":false,"chose_seed":false,"campfire_upgraded":1,"win_rate":0,"timestamp":1566381219,"path_taken":["M","?","?","M","M","E","R","M","T","R","M","?","$","M","R","BOSS","M","?","?","M","$","R","E"],"build_version":"2019-07-17","purchased_purges":1,"victory":false,"max_hp_per_floor":[78,78,78,78,78,78,78,78,78,78,78,78,78,78,78,78,78,78,78,78,78,78,78,78],"card_choices":[{"not_picked":["Static Discharge","Undo"],"picked":"Streamline","floor":1},{"not_picked":["Chaos","Lockon"],"picked":"Barrage","floor":3},{"not_picked":["Double Energy","Undo","Beam Cell"],"picked":"SKIP","floor":4},{"not_picked":["Sweeping Beam","Rip and Tear"],"picked":"Auto Shields","floor":5},{"not_picked":["Go for the Eyes","Chill"],"picked":"Blizzard","floor":6},{"not_picked":["Sunder","Undo"],"picked":"Go for the Eyes","floor":8},{"not_picked":["Steam","Turbo","Sweeping Beam"],"picked":"SKIP","floor":11},{"not_picked":["Storm","Barrage"],"picked":"White Noise","floor":14},{"not_picked":["Core Surge","Amplify"],"picked":"Machine Learning","floor":16},{"not_picked":["Beam Cell","Blizzard","Chaos"],"picked":"SKIP","floor":18},{"not_picked":["Self Repair","Recycle","Streamline"],"picked":"SKIP","floor":21}],"player_experience":528830,"relics_obtained":[{"floor":6,"key":"DataDisk"},{"floor":9,"key":"Blue Candle"}],"event_choices":[{"damage_healed":0,"gold_gain":0,"player_choice":"Ignored","damage_taken":0,"max_hp_gain":0,"max_hp_loss":0,"event_name":"Shining Light","floor":12,"gold_loss":0},{"damage_healed":0,"gold_gain":50,"player_choice":"Stole From Cult","damage_taken":0,"max_hp_gain":0,"max_hp_loss":0,"event_name":"Nest","floor":19,"gold_loss":0},{"cards_removed":["Double Energy"],"damage_healed":0,"gold_gain":0,"player_choice":"Elegance","damage_taken":0,"max_hp_gain":0,"max_hp_loss":0,"event_name":"Back to Basics","floor":20,"gold_loss":0}],"is_beta":false,"boss_relics":[{"not_picked":["Calling Bell","Inserter"],"picked":"Pandora\u0027s Box"}],"items_purged_floors":[2],"is_endless":false,"potions_floor_spawned":[1,3,4,11,18],"killed_by":"Slavers","ascension_level":19}