{"gold_per_floor":[119,133,144,161,336,370,385,413,483,494,506,525,25,53,53,53],"floor_reached":16,"playtime":5145,"items_purged":["Doubt"],"score":132,"play_id":"9e6144c3-b4be-462f-a924-4ebf4cf38a76","local_time":"20180913130729","is_ascension_mode":true,"campfire_choices":[{"floor":15,"key":"REST"}],"neow_cost":"NONE","seed_source_timestamp":54211828871258,"circlet_count":0,"master_deck":["Defend_G","Defend_G","Defend_G","Defend_G","Defend_G","Strike_G","Strike_G","Strike_G","Strike_G","Strike_G","Survivor","Neutralize","Backflip","Accuracy","Sucker Punch","PiercingWail","Endless Agony","Dagger Throw","Prepared","Accuracy","Quick Slash","Accuracy","Choke","Swift Strike","Adrenaline"],"relics":["WristBlade","Ancient Tea Set","Bottled Lightning","Dodecahedron","StoneCalendar","Ginger"],"potions_floor_usage":[6,6,6,6,8,8,14,16],"damage_taken":[{"damage":2,"enemies":"Small Slimes","floor":1,"turns":3},{"damage":0,"enemies":"Jaw Worm","floor":2,"turns":6},{"damage":1,"enemies":"Cultist","floor":3,"turns":4},{"damage":2,"enemies":"Blue Slaver","floor":4,"turns":6},{"damage":29,"enemies":"Lagavulin","floor":6,"turns":7},{"damage":9,"enemies":"Gremlin Gang","floor":7,"turns":8},{"damage":9,"enemies":"3 Sentries","floor":8,"turns":10},{"damage":0,"enemies":"3 Louse","floor":10,"turns":4},{"damage":6,"enemies":"Blue Slaver","floor":11,"turns":4},{"damage":7,"enemies":"Exordium Wildlife","floor":12,"turns":5},{"damage":19,"enemies":"Gremlin Nob","floor":14,"turns":4},{"damage":24,"enemies":"The Guardian","floor":16,"turns":6}],"seed_played":"-5427334266228426298","potions_obtained":[{"floor":1,"key":"AttackPotion"},{"floor":2,"key":"EntropicBrew"},{"floor":3,"key":"Regen Potion"},{"floor":10,"key":"FearPotion"},{"floor":14,"key":"Block Potion"}],"is_trial":false,"path_per_floor":["M","M","M","M","?","E","M","E","T","M","M","M","$","E","R"],"character_chosen":"THE_SILENT","items_purchased":["Choke","Swift Strike","StoneCalendar"],"campfire_rested":1,"item_purchase_floors":[13,13,13],"current_hp_per_floor":[68,68,67,65,65,51,42,33,33,33,27,20,20,1,22,0],"gold":53,"neow_bonus":"BOSS_RELIC","is_prod":false,"is_daily":false,"chose_seed":false,"campfire_upgraded":0,"win_rate":0,"timestamp":1536862049,"path_taken":["M","M","M","M","?","E","M","E","T","M","M","M","$","E","R","BOSS"],"build_version":"2018-09-06","purchased_purges":1,"victory":false,"max_hp_per_floor":[70,70,70,70,70,70,70,70,70,70,70,70,70,70,70,70],"card_choices":[{"not_picked":["Dash","Skewer"],"picked":"Backflip","floor":1},{"not_picked":["PiercingWail","Dagger Spray"],"picked":"Accuracy","floor":2},{"not_picked":["Bouncing Flask","Bane"],"picked":"Sucker Punch","floor":3},{"not_picked":["Catalyst","Caltrops"],"picked":"PiercingWail","floor":4},{"not_picked":["Malaise","Dash"],"picked":"Endless Agony","floor":6},{"not_picked":["Dodge and Roll","Dagger Spray"],"picked":"Dagger Throw","floor":7},{"not_picked":["Flechettes","Riddle With Holes"],"picked":"Prepared","floor":8},{"not_picked":["Distraction","Finisher"],"picked":"Accuracy","floor":10},{"not_picked":["Blur","Skewer"],"picked":"Quick Slash","floor":11},{"not_picked":["Riddle With Holes","All Out Attack"],"picked":"Accuracy","floor":12},{"not_picked":["Outmaneuver","Flechettes"],"picked":"Adrenaline","floor":14}],"player_experience":77878,"relics_obtained":[{"floor":6,"key":"Ancient Tea Set"},{"floor":8,"key":"Bottled Lightning"},{"floor":9,"key":"Dodecahedron"},{"floor":14,"key":"Ginger"}],"event_choices":[{"event_name":"Liars Game","player_choice":"agreed","floor":5,"damage_taken":0}],"is_beta":false,"boss_relics":[],"items_purged_floors":[13],"is_endless":false,"potions_floor_spawned":[1,2,3,4,10,14],"killed_by":"The Guardian","ascension_level":1}