{"gold_per_floor":[116,116,132,146,161,181,197,210,285,305,323,197,197,210,210,306,306,320,289,45,45,45,45,64,64,64,64],"floor_reached":27,"playtime":1850,"items_purged":["Strike_R","Defend_R"],"score":253,"play_id":"67d9fc79-cddb-4fbb-964e-43c764402a72","local_time":"20181005092616","is_ascension_mode":true,"campfire_choices":[{"data":"Armaments","floor":13,"key":"SMITH"},{"floor":15,"key":"REST"},{"data":"True Grit","floor":23,"key":"SMITH"},{"data":"True Grit","floor":25,"key":"SMITH"}],"neow_cost":"","seed_source_timestamp":653142850186961,"circlet_count":0,"master_deck":["Strike_R","Strike_R","Strike_R","Defend_R","Defend_R","Defend_R","Bash","Metallicize","True Grit+1","Metallicize","Pommel Strike","Pommel Strike","Carnage","Armaments+1","True Grit+1","Barricade","Metallicize","Bandage Up","Swift Strike","Forethought","Cleave+1"],"relics":["Burning Blood","Bottled Flame","Coffee Dripper","Oddly Smooth Stone","Omamori","Juzu Bracelet"],"potions_floor_usage":[19,19],"damage_taken":[{"damage":1,"enemies":"Cultist","floor":1,"turns":4},{"damage":5,"enemies":"2 Louse","floor":3,"turns":3},{"damage":6,"enemies":"Jaw Worm","floor":4,"turns":6},{"damage":26,"enemies":"Large Slime","floor":5,"turns":16},{"damage":8,"enemies":"Looter","floor":6,"turns":4},{"damage":7,"enemies":"Red Slaver","floor":7,"turns":6},{"damage":0,"enemies":"2 Fungi Beasts","floor":8,"turns":5},{"damage":16,"enemies":"Exordium Wildlife","floor":10,"turns":4},{"damage":7,"enemies":"3 Louse","floor":11,"turns":4},{"damage":0,"enemies":"Exordium Thugs","floor":14,"turns":5},{"damage":65,"enemies":"The Guardian","floor":16,"turns":15},{"damage":14,"enemies":"Spheric Guardian","floor":18,"turns":8},{"damage":24,"enemies":"2 Thieves","floor":19,"turns":5},{"damage":12,"enemies":"Centurion and Healer","floor":24,"turns":10},{"damage":26,"enemies":"Gremlin Leader","floor":27,"turns":2}],"seed_played":"2685483949132093113","potions_obtained":[{"floor":6,"key":"Weak Potion"},{"floor":7,"key":"SteroidPotion"},{"floor":8,"key":"SkillPotion"},{"floor":11,"key":"Fire Potion"},{"floor":19,"key":"Weak Potion"},{"floor":24,"key":"Explosive Potion"}],"is_trial":false,"path_per_floor":["M","?","M","M","M","M","M","M","T","M","M","$","R","M","R","B",null,"M","M","$","?","?","R","M","R","T"],"character_chosen":"IRONCLAD","items_purchased":["True Grit","Oddly Smooth Stone"],"campfire_rested":1,"item_purchase_floors":[12,20],"current_hp_per_floor":[80,80,80,80,60,58,57,63,63,53,52,52,52,58,80,21,80,72,54,54,22,22,22,20,20,20,0],"gold":64,"neow_bonus":"","is_prod":false,"is_daily":false,"chose_seed":false,"campfire_upgraded":3,"win_rate":0,"timestamp":1538749576,"path_taken":["M","?","M","M","M","M","M","M","T","M","M","$","R","M","R","BOSS","M","M","$","?","?","R","M","R","T","E"],"build_version":"2018-10-04","purchased_purges":2,"victory":false,"max_hp_per_floor":[80,80,80,80,80,80,80,80,80,80,80,80,80,80,80,80,80,80,80,80,80,80,80,80,80,80,80],"card_choices":[{"not_picked":["Heavy Blade","Wild Strike","Warcry"],"picked":"SKIP","floor":1},{"not_picked":["Clothesline","Sword Boomerang"],"picked":"Metallicize","floor":3},{"not_picked":["Iron Wave","Pommel Strike"],"picked":"True Grit","floor":4},{"not_picked":["Thunderclap","Hemokinesis"],"picked":"Metallicize","floor":5},{"not_picked":["Rampage","Barricade"],"picked":"Pommel Strike","floor":6},{"not_picked":["Havoc","Perfected Strike"],"picked":"Pommel Strike","floor":7},{"not_picked":["Pummel","Anger"],"picked":"Carnage","floor":8},{"not_picked":["Wild Strike","Clash"],"picked":"Armaments","floor":10},{"not_picked":["Corruption","Seeing Red","Rampage"],"picked":"SKIP","floor":11},{"not_picked":["Seeing Red","Searing Blow","Twin Strike"],"picked":"SKIP","floor":14},{"not_picked":["Brutality","Immolate"],"picked":"Barricade","floor":16},{"not_picked":["Headbutt","Havoc"],"picked":"Metallicize","floor":18},{"not_picked":["Headbutt","Sentinel+1","Fire Breathing"],"picked":"SKIP","floor":19},{"not_picked":["Heavy Blade","Hemokinesis"],"picked":"Cleave+1","floor":24}],"player_experience":188172,"relics_obtained":[{"floor":9,"key":"Bottled Flame"},{"floor":26,"key":"Juzu Bracelet"}],"event_choices":[{"event_name":"Purifier","player_choice":"One Purge","floor":2,"damage_taken":0},{"event_name":"Knowing Skull","player_choice":"CARD CARD CARD ","floor":21,"damage_taken":0},{"event_name":"The Mausoleum","player_choice":"Yes","floor":22,"damage_taken":0}],"is_beta":false,"boss_relics":[{"not_picked":["Runic Pyramid","Astrolabe"],"picked":"Coffee Dripper"}],"items_purged_floors":[12,20],"is_endless":false,"potions_floor_spawned":[6,7,8,11,14,19,24],"killed_by":"Gremlin Leader","ascension_level":4}