{"gold_per_floor":[112,112,37,56,56,87,87,87,87,50,50,76,76,93,93,93],"floor_reached":16,"playtime":632,"items_purged":["Defend_B"],"score":212,"play_id":"0a04c37c-7c03-420e-aec8-03be838be28e","local_time":"20190823181251","is_ascension_mode":true,"campfire_choices":[{"data":"Barrage","floor":7,"key":"SMITH"},{"data":"Go for the Eyes","floor":11,"key":"SMITH"},{"floor":13,"key":"REST"},{"data":"Dualcast","floor":15,"key":"SMITH"}],"neow_cost":"NONE","seed_source_timestamp":1912493602881002,"circlet_count":0,"master_deck":["AscendersBane","Strike_B","Strike_B","Strike_B","Defend_B","Defend_B","Defend_B","Zap+1","Dualcast+1","Barrage+1","Go for the Eyes+1","Coolheaded","Chill","Coolheaded","Genetic Algorithm"],"relics":["Cracked Core","Strawberry","Molten Egg 2","FossilizedHelix"],"potions_floor_usage":[16,16],"damage_taken":[{"damage":2,"enemies":"Jaw Worm","floor":1,"turns":3},{"damage":2,"enemies":"2 Louse","floor":4,"turns":2},{"damage":32,"enemies":"Gremlin Nob","floor":6,"turns":4},{"damage":23,"enemies":"3 Sentries","floor":12,"turns":9},{"damage":0,"enemies":"Small Slimes","floor":14,"turns":4},{"damage":35,"enemies":"Hexaghost","floor":16,"turns":12}],"seed_played":"5608638327039500653","potions_obtained":[{"floor":1,"key":"Block Potion"},{"floor":6,"key":"Energy Potion"},{"floor":14,"key":"LiquidBronze"}],"is_trial":false,"path_per_floor":["M","?","$","M","?","E","R","?","T","$","R","E","R","M","R","B"],"character_chosen":"DEFECT","items_purchased":["Chill"],"campfire_rested":1,"item_purchase_floors":[10],"current_hp_per_floor":[62,55,55,53,53,28,28,33,33,33,33,10,34,34,34,0],"gold":93,"neow_bonus":"UPGRADE_CARD","is_prod":false,"is_daily":false,"chose_seed":false,"campfire_upgraded":3,"win_rate":0,"timestamp":1566551571,"path_taken":["M","?","$","M","?","E","R","?","T","?","R","E","R","M","R","BOSS"],"build_version":"2019-07-17","purchased_purges":1,"victory":false,"max_hp_per_floor":[71,71,71,71,71,78,78,83,83,83,83,83,83,83,83,83],"card_choices":[{"not_picked":["Go for the Eyes","Sunder"],"picked":"Barrage","floor":1},{"not_picked":["Stack","FTL"],"picked":"Go for the Eyes","floor":4},{"not_picked":["Compile Driver","Ball Lightning"],"picked":"Coolheaded","floor":6},{"not_picked":["Sweeping Beam+1","Double Energy"],"picked":"Coolheaded","floor":12},{"not_picked":["Thunder Strike+1","Rebound+1"],"picked":"Genetic Algorithm","floor":14}],"player_experience":564730,"relics_obtained":[{"floor":6,"key":"Strawberry"},{"floor":9,"key":"Molten Egg 2"},{"floor":12,"key":"FossilizedHelix"}],"event_choices":[{"cards_removed":["Strike_B"],"damage_healed":0,"gold_gain":0,"player_choice":"Card Removal","damage_taken":7,"max_hp_gain":0,"max_hp_loss":0,"event_name":"Golden Wing","floor":2,"gold_loss":0},{"damage_healed":0,"gold_gain":0,"player_choice":"Ignored","damage_taken":0,"max_hp_gain":0,"max_hp_loss":0,"event_name":"Liars Game","floor":5,"gold_loss":0},{"damage_healed":0,"gold_gain":0,"player_choice":"Donut","damage_taken":0,"max_hp_gain":5,"max_hp_loss":0,"event_name":"Big Fish","floor":8,"gold_loss":0}],"is_beta":false,"boss_relics":[],"items_purged_floors":[3],"is_endless":false,"potions_floor_spawned":[1,6,14],"killed_by":"Hexaghost","ascension_level":20}