{"gold_per_floor":[113,126,140,156,156,156,182,182,182,257,257,29,29,54,54,175,175,193,19,39,55,55,80,80],"floor_reached":24,"playtime":1299,"items_purged":["Regret"],"score":198,"play_id":"73c91f60-2fd6-4c22-84fe-a883c3ab4e57","local_time":"20190814054452","is_ascension_mode":false,"campfire_choices":[{"data":"Electrodynamics","floor":6,"key":"SMITH"},{"floor":11,"key":"REST"},{"floor":15,"key":"REST"}],"neow_cost":"TEN_PERCENT_HP_LOSS","seed_source_timestamp":458228303114430,"circlet_count":0,"master_deck":["Strike_B","Strike_B","Strike_B","Strike_B","Defend_B","Defend_B","Defend_B","Defend_B","Zap","Dualcast","Electrodynamics+1","Beam Cell","FTL","Turbo","Storm","Conserve Battery","Conserve Battery","Creative AI","Tempest","Discovery","Redo","Gash","Tempest+1","Stack","Writhe","Sunder"],"relics":["Cracked Core","Strawberry","Letter Opener","Golden Idol","Darkstone Periapt","Happy Flower","Blood Vial","Nuclear Battery","Bronze Scales"],"potions_floor_usage":[4,7,16,16,24],"damage_taken":[{"damage":6,"enemies":"Cultist","floor":1,"turns":3},{"damage":6,"enemies":"2 Louse","floor":2,"turns":2},{"damage":7,"enemies":"Small Slimes","floor":3,"turns":3},{"damage":2,"enemies":"Blue Slaver","floor":4,"turns":2},{"damage":16,"enemies":"Lagavulin","floor":7,"turns":5},{"damage":6,"enemies":"Exordium Wildlife","floor":14,"turns":3},{"damage":40,"enemies":"The Guardian","floor":16,"turns":11},{"damage":0,"enemies":"Spheric Guardian","floor":18,"turns":3},{"damage":0,"enemies":"Chosen","floor":20,"turns":3},{"damage":36,"enemies":"Shelled Parasite and Fungi","floor":21,"turns":5},{"damage":10,"enemies":"Cultist and Chosen","floor":23,"turns":3},{"damage":41,"enemies":"Book of Stabbing","floor":24,"turns":4}],"seed_played":"-1624603601121500228","potions_obtained":[{"floor":1,"key":"Regen Potion"},{"floor":2,"key":"SteroidPotion"},{"floor":4,"key":"PowerPotion"},{"floor":14,"key":"AttackPotion"},{"floor":18,"key":"Strength Potion"},{"floor":20,"key":"Poison Potion"}],"is_trial":false,"path_per_floor":["M","M","M","M","?","R","E","?","T","?","R","$","?","M","R","B",null,"M","$","M","M","?","M","E"],"character_chosen":"DEFECT","items_purchased":["Happy Flower","Discovery","Redo","Gash"],"campfire_rested":2,"item_purchase_floors":[12,19,19,19],"current_hp_per_floor":[62,56,49,52,59,59,43,25,25,14,36,36,24,20,42,4,75,75,75,75,39,45,37,0],"gold":80,"neow_bonus":"THREE_RARE_CARDS","is_prod":false,"is_daily":false,"chose_seed":false,"campfire_upgraded":1,"win_rate":0,"timestamp":1565775892,"path_taken":["M","M","M","M","?","R","E","?","T","?","R","$","?","M","R","BOSS","M","$","M","M","?","M","E"],"build_version":"2019-07-17","purchased_purges":1,"victory":false,"max_hp_per_floor":[68,68,68,68,75,75,75,75,75,75,75,75,75,75,75,75,75,75,75,75,75,81,81,81],"card_choices":[{"not_picked":["Reboot","Biased Cognition"],"picked":"Electrodynamics","floor":0},{"not_picked":["Chill","Coolheaded"],"picked":"Beam Cell","floor":1},{"not_picked":["Steam","Cold Snap"],"picked":"FTL","floor":2},{"not_picked":["Barrage","Lockon"],"picked":"Turbo","floor":3},{"not_picked":["Reprogram","Cold Snap"],"picked":"Storm","floor":4},{"not_picked":["Sweeping Beam","Steam"],"picked":"Conserve Battery","floor":7},{"not_picked":["Cold Snap","Rebound"],"picked":"Conserve Battery","floor":14},{"not_picked":["All For One","Multi-Cast"],"picked":"Creative AI","floor":16},{"not_picked":["Leap","Conserve Battery"],"picked":"Tempest","floor":18},{"not_picked":["Barrage+1","Glacier"],"picked":"Tempest+1","floor":20},{"not_picked":["Ball Lightning","Glacier"],"picked":"Stack","floor":21},{"not_picked":["Storm","Sweeping Beam"],"picked":"Sunder","floor":23}],"player_experience":44182,"relics_obtained":[{"floor":7,"key":"Letter Opener"},{"floor":9,"key":"Darkstone Periapt"}],"event_choices":[{"damage_healed":0,"gold_gain":0,"player_choice":"Box","damage_taken":0,"relics_obtained":["Strawberry"],"max_hp_gain":0,"max_hp_loss":0,"event_name":"Big Fish","floor":5,"gold_loss":0,"cards_obtained":["Regret"]},{"damage_healed":0,"gold_gain":0,"player_choice":"Take Damage","damage_taken":18,"relics_obtained":["Golden Idol"],"max_hp_gain":0,"max_hp_loss":0,"event_name":"Golden Idol","floor":8,"gold_loss":0},{"damage_healed":0,"gold_gain":75,"player_choice":"Gather Gold","damage_taken":11,"max_hp_gain":0,"max_hp_loss":0,"event_name":"World of Goop","floor":10,"gold_loss":0},{"damage_healed":0,"gold_gain":0,"player_choice":"Success","damage_taken":12,"relics_obtained":["Blood Vial"],"max_hp_gain":0,"max_hp_loss":0,"event_name":"Scrap Ooze","floor":13,"gold_loss":0},{"damage_healed":0,"gold_gain":0,"player_choice":"Opened","damage_taken":0,"relics_obtained":["Bronze Scales"],"max_hp_gain":0,"max_hp_loss":0,"event_name":"The Mausoleum","floor":22,"gold_loss":0,"cards_obtained":["Writhe"]}],"is_beta":false,"boss_relics":[{"not_picked":["Black Star","Sozu"],"picked":"Nuclear Battery"}],"items_purged_floors":[12],"is_endless":false,"potions_floor_spawned":[1,2,4,14,18,20],"killed_by":"Book of Stabbing","ascension_level":0}