{"gold_per_floor":[117,292,312,81,97,97,156,156,156,156,184,198,215,244,244,346,346,357,377,391,25,35,35,67,79,79,97,117,128,11,46,46,147,147,160,382,398,48,66,93,39,39,39,39,59,75,106,125,125,125],"floor_reached":50,"playtime":6608,"items_purged":["Doubt"],"score":891,"play_id":"592003af-37ec-4549-b415-ca7d6ae84a9d","local_time":"20190812204730","is_ascension_mode":true,"campfire_choices":[{"data":"Caltrops","floor":6.0,"key":"SMITH"},{"data":"Footwork","floor":10.0,"key":"SMITH"},{"data":"Footwork","floor":15.0,"key":"SMITH"},{"data":"Caltrops","floor":23.0,"key":"SMITH"},{"data":"Well Laid Plans","floor":32,"key":"SMITH"},{"data":"Cloak And Dagger","floor":42,"key":"SMITH"},{"floor":44,"key":"REST"},{"floor":49,"key":"REST"}],"neow_cost":"NONE","seed_source_timestamp":208500259814713,"circlet_count":0,"master_deck":["Strike_G","Strike_G","Strike_G","Strike_G","Strike_G","Defend_G","Defend_G","Defend_G","Defend_G","Defend_G","Survivor","Neutralize","Dash","Caltrops+1","Footwork+1","Backflip","All Out Attack","Footwork+1","Caltrops+1","Backstab","Cloak And Dagger+1","Die Die Die","Burst+1","Decay","Normality","Normality","Dagger Spray+1","PiercingWail+1","Flying Knee","Blur+1","Cloak And Dagger+1","Flying Knee","Dodge and Roll+1","Sucker Punch+1","Dodge and Roll+1","Calculated Gamble+1","Well Laid Plans+1","Bandage Up+1","Deflect+1","Storm of Steel+1","Deflect+1","Backflip+1","Infinite Blades","Discovery+1","Dagger Throw","Parasite","Cloak And Dagger+1","Acrobatics+1","Infinite Blades","Endless Agony+1","Accuracy+1","Blade Dance+1"],"special_seed":0,"relics":["Ring of the Snake","Bag of Preparation","Vajra","Ninja Scroll","Dodecahedron","Toxic Egg 2","Calling Bell","Oddly Smooth Stone","Sundial","Du-Vu Doll","FossilizedHelix","Pantograph","Strawberry","Red Mask","WristBlade","Happy Flower","Orichalcum","Boot","Molten Egg 2","Snake Skull"],"potions_floor_usage":[33,33,47,50],"damage_taken":[{"damage":2.0,"enemies":"2 Louse","floor":1.0,"turns":4.0},{"damage":0.0,"enemies":"Jaw Worm","floor":3.0,"turns":5.0},{"damage":0.0,"enemies":"Cultist","floor":5.0,"turns":4.0},{"damage":3.0,"enemies":"3 Sentries","floor":7.0,"turns":7.0},{"damage":3.0,"enemies":"3 Sentries","floor":11.0,"turns":6.0},{"damage":0.0,"enemies":"Red Slaver","floor":12.0,"turns":2.0},{"damage":0.0,"enemies":"Lots of Slimes","floor":13.0,"turns":3.0},{"damage":8.0,"enemies":"Gremlin Nob","floor":14.0,"turns":4.0},{"damage":10.0,"enemies":"Slime Boss","floor":16.0,"turns":9.0},{"damage":1.0,"enemies":"Spheric Guardian","floor":18.0,"turns":2.0},{"damage":19.0,"enemies":"Chosen","floor":19.0,"turns":7.0},{"damage":12.0,"enemies":"Sentry and Sphere","floor":20.0,"turns":4.0},{"damage":0.0,"enemies":"Centurion and Healer","floor":22.0,"turns":9.0},{"damage":3.0,"enemies":"Slavers","floor":24.0,"turns":7.0},{"damage":0.0,"enemies":"3 Cultists","floor":25.0,"turns":4.0},{"damage":0,"enemies":"Sentry and Sphere","floor":27,"turns":4},{"damage":0,"enemies":"Centurion and Healer","floor":28,"turns":6},{"damage":0,"enemies":"Cultist and Chosen","floor":29,"turns":3},{"damage":21,"enemies":"Masked Bandits","floor":31,"turns":5},{"damage":34,"enemies":"Champ","floor":33,"turns":15},{"damage":15,"enemies":"3 Darklings","floor":35,"turns":5},{"damage":0,"enemies":"3 Shapes","floor":37,"turns":1},{"damage":2,"enemies":"Writhing Mass","floor":39,"turns":9},{"damage":0,"enemies":"Nemesis","floor":40,"turns":5},{"damage":24,"enemies":"Transient","floor":45,"turns":5},{"damage":0,"enemies":"Spire Growth","floor":46,"turns":4},{"damage":24,"enemies":"Giant Head","floor":47,"turns":7},{"damage":0,"enemies":"4 Shapes","floor":48,"turns":3},{"damage":78,"enemies":"Awakened One","floor":50,"turns":17}],"seed_played":"4168825795325127198","potions_obtained":[{"floor":0.0,"key":"Strength Potion"},{"floor":0.0,"key":"Explosive Potion"},{"floor":0.0,"key":"Fire Potion"},{"floor":5.0,"key":"Ancient Potion"},{"floor":7.0,"key":"SkillPotion"},{"floor":11.0,"key":"Swift Potion"},{"floor":13.0,"key":"EssenceOfSteel"},{"floor":19.0,"key":"FearPotion"},{"floor":22.0,"key":"EssenceOfSteel"},{"floor":24.0,"key":"Weak Potion"},{"floor":31,"key":"PowerPotion"},{"floor":39,"key":"FearPotion"},{"floor":47,"key":"Ancient Potion"},{"floor":48,"key":"GhostInAJar"}],"is_trial":false,"path_per_floor":["M","?","M","$","M","R","?","T","T","R","E","M","M","E","R","B",null,"M","M","M","$","M","R","E","M","T","M","M","M","$","?","R","B",null,"M","?","M","$","M","E","?","R","T","R","M","M","E","M","R","B"],"character_chosen":"THE_SILENT","items_purchased":["Footwork","Backflip","All Out Attack","FossilizedHelix","Blur+1","Well Laid Plans","Bandage Up+1","Infinite Blades","Discovery+1","Dagger Throw","Happy Flower"],"campfire_rested":2,"item_purchase_floors":[4,4,4,21,21,30,30,38,38,38,38],"current_hp_per_floor":[61,61,61,61,61,61,58,58,58,58,55,55,55,47,47,37,62,61,42,30,30,30,30,27,27,34,34,34,34,34,25,25,22,63,54,54,54,54,58,64,64,64,64,77,53,59,47,47,70,0],"gold":125,"neow_bonus":"THREE_SMALL_POTIONS","is_prod":false,"is_daily":false,"chose_seed":false,"campfire_upgraded":6,"win_rate":0,"timestamp":1565657250,"path_taken":["M","?","M","$","M","R","?","?","T","R","E","M","M","E","R","BOSS","M","M","M","?","?","R","E","M","T","M","M","M","?","?","R","BOSS","M","?","M","$","M","E","?","R","T","R","?","M","E","M","R","BOSS"],"build_version":"2019-07-17","purchased_purges":1,"victory":false,"max_hp_per_floor":[70,70,70,70,70,70,70,70,70,70,70,70,70,70,70,70,70,70,70,70,70,70,70,70,70,77,77,77,77,77,77,77,77,77,77,77,77,77,77,77,77,77,77,77,77,77,77,77,77,77],"card_choices":[{"not_picked":["Deadly Poison","Eviscerate"],"picked":"Dash","floor":1.0},{"not_picked":["Quick Slash","Backstab"],"picked":"Caltrops","floor":3.0},{"not_picked":["Underhanded Strike","Blade Dance"],"picked":"Footwork","floor":5.0},{"not_picked":["Reflex","Acrobatics"],"picked":"Caltrops","floor":7.0},{"not_picked":["Prepared","Setup","Heel Hook"],"picked":"SKIP","floor":11.0},{"not_picked":["Footwork","Flying Knee"],"picked":"Backstab","floor":12.0},{"not_picked":["Heel Hook","Bouncing Flask"],"picked":"Cloak And Dagger","floor":13.0},{"not_picked":["Venomology","Infinite Blades"],"picked":"Die Die Die","floor":14.0},{"not_picked":["A Thousand Cuts","Doppelganger+1"],"picked":"Burst+1","floor":16.0},{"not_picked":["Backflip+1","Catalyst+1"],"picked":"Dagger Spray+1","floor":18.0},{"not_picked":["Backflip+1","Poisoned Stab+1"],"picked":"PiercingWail+1","floor":19.0},{"not_picked":["Deflect+1","Poisoned Stab+1"],"picked":"Flying Knee","floor":20.0},{"not_picked":["Die Die Die","Bouncing Flask+1"],"picked":"Cloak And Dagger+1","floor":22.0},{"not_picked":["Poisoned Stab","Dash+1"],"picked":"Flying Knee","floor":24.0},{"not_picked":["Eviscerate","Cloak And Dagger+1"],"picked":"Dodge and Roll+1","floor":25.0},{"not_picked":["Corpse Explosion+1","Heel Hook"],"picked":"Sucker Punch+1","floor":27},{"not_picked":["Prepared+1","Cloak And Dagger+1"],"picked":"Dodge and Roll+1","floor":28},{"not_picked":["Blade Dance+1","Poisoned Stab"],"picked":"Calculated Gamble+1","floor":29},{"not_picked":["Quick Slash","Dash"],"picked":"Deflect+1","floor":31},{"not_picked":["Malaise+1","Unload"],"picked":"Storm of Steel+1","floor":33},{"not_picked":["Flying Knee","Crippling Poison+1"],"picked":"Deflect+1","floor":35},{"not_picked":["All Out Attack+1","Skewer"],"picked":"Backflip+1","floor":37},{"not_picked":["Dodge and Roll+1","Outmaneuver+1"],"picked":"Cloak And Dagger+1","floor":39},{"not_picked":["Wraith Form v2","Leg Sweep+1"],"picked":"Acrobatics+1","floor":40},{"not_picked":["Backflip+1","Reflex+1"],"picked":"Infinite Blades","floor":45},{"not_picked":["Backstab+1","Bane+1"],"picked":"Endless Agony+1","floor":46},{"not_picked":["Bane+1","Flying Knee+1"],"picked":"Accuracy+1","floor":47},{"not_picked":["Bouncing Flask+1","Dagger Spray+1"],"picked":"Blade Dance+1","floor":48}],"player_experience":396096,"relics_obtained":[{"floor":7.0,"key":"Bag of Preparation"},{"floor":8.0,"key":"Vajra"},{"floor":9.0,"key":"Ninja Scroll"},{"floor":11.0,"key":"Dodecahedron"},{"floor":14.0,"key":"Toxic Egg 2"},{"floor":17.0,"key":"Oddly Smooth Stone"},{"floor":17.0,"key":"Sundial"},{"floor":17.0,"key":"Du-Vu Doll"},{"floor":24.0,"key":"Pantograph"},{"floor":26,"key":"Strawberry"},{"floor":31,"key":"Red Mask"},{"floor":40,"key":"Orichalcum"},{"floor":43,"key":"Molten Egg 2"},{"floor":47,"key":"Snake Skull"}],"event_choices":[{"damage_healed":0.0,"max_hp_gain":0.0,"max_hp_loss":0.0,"gold_gain":175.0,"event_name":"Liars Game","player_choice":"AGREE","floor":2.0,"gold_loss":0.0,"damage_taken":0.0,"cards_obtained":["Doubt"]},{"damage_healed":0.0,"max_hp_gain":0.0,"max_hp_loss":0.0,"gold_gain":0.0,"event_name":"Dead Adventurer","player_choice":"Searched \u00272\u0027 times","floor":7.0,"gold_loss":0.0,"damage_taken":0.0},{"damage_healed":0,"gold_gain":0,"player_choice":"Fought Bandits","damage_taken":0,"max_hp_gain":0,"max_hp_loss":0,"event_name":"Masked Bandits","floor":31,"gold_loss":0},{"damage_healed":0,"gold_gain":222,"player_choice":"Wore Mask","damage_taken":0,"max_hp_gain":0,"max_hp_loss":0,"event_name":"Tomb of Lord Red Mask","floor":36,"gold_loss":0},{"damage_healed":0,"gold_gain":0,"player_choice":"Paid Gold","damage_taken":0,"relics_obtained":["Boot"],"max_hp_gain":0,"max_hp_loss":0,"event_name":"WeMeetAgain","floor":41,"gold_loss":54}],"is_beta":false,"boss_relics":[{"not_picked":["Lizard Tail","Tiny House"],"picked":"Calling Bell"},{"not_picked":["Runic Dome","Busted Crown"],"picked":"WristBlade"}],"items_purged_floors":[4],"is_endless":false,"potions_floor_spawned":[5,7,11,13,19,22,24,31,39,47,48],"killed_by":"Awakened One","ascension_level":9}