{"gold_per_floor":[119,139,151,171,190,220,220,230,310,20,36,49,67,102,102,206,206,219,232,17,34,52,52],"floor_reached":23,"playtime":1981,"items_purged":[],"score":211,"play_id":"c3eba97e-c0f3-455c-b3d2-5cc17a33ad69","local_time":"20190825141442","is_ascension_mode":false,"campfire_choices":[{"floor":7,"key":"REST"},{"floor":15,"key":"REST"}],"neow_cost":"NONE","seed_source_timestamp":2195027923870,"circlet_count":0,"master_deck":["Strike_B","Strike_B","Strike_B","Strike_B","Defend_B","Defend_B","Defend_B","Defend_B","Zap","Dualcast","Go for the Eyes","Double Energy","Loop","Scrape","Self Repair","Stack","Steam","Heatsinks","Conserve Battery","Glacier","Reprogram","Static Discharge","Consume","Electrodynamics","White Noise","Hologram","Apotheosis","Redo","Auto Shields","White Noise"],"relics":["Cracked Core","NeowsBlessing","Bottled Flame","Darkstone Periapt","Toy Ornithopter","Ice Cream","White Beast Statue"],"potions_floor_usage":[6,8,14,16,19,22,23],"damage_taken":[{"damage":0,"enemies":"2 Louse","floor":1,"turns":1},{"damage":0,"enemies":"Cultist","floor":2,"turns":1},{"damage":0,"enemies":"Jaw Worm","floor":3,"turns":1},{"damage":9,"enemies":"Blue Slaver","floor":4,"turns":3},{"damage":2,"enemies":"3 Louse","floor":5,"turns":4},{"damage":30,"enemies":"3 Sentries","floor":6,"turns":7},{"damage":9,"enemies":"Large Slime","floor":8,"turns":5},{"damage":6,"enemies":"2 Fungi Beasts","floor":11,"turns":4},{"damage":15,"enemies":"3 Louse","floor":12,"turns":4},{"damage":0,"enemies":"Looter","floor":13,"turns":4},{"damage":50,"enemies":"Gremlin Nob","floor":14,"turns":6},{"damage":38,"enemies":"Slime Boss","floor":16,"turns":15},{"damage":23,"enemies":"Shell Parasite","floor":18,"turns":10},{"damage":21,"enemies":"3 Byrds","floor":19,"turns":7},{"damage":43,"enemies":"Cultist and Chosen","floor":21,"turns":6},{"damage":2,"enemies":"Centurion and Healer","floor":22,"turns":11},{"damage":45,"enemies":"Slavers","floor":23,"turns":2}],"seed_played":"-948395157213384310","potions_obtained":[{"floor":4,"key":"LiquidBronze"},{"floor":6,"key":"LiquidBronze"},{"floor":12,"key":"Energy Potion"},{"floor":14,"key":"LiquidBronze"},{"floor":18,"key":"Regen Potion"},{"floor":19,"key":"SmokeBomb"},{"floor":21,"key":"Dexterity Potion"},{"floor":22,"key":"Fire Potion"}],"is_trial":false,"path_per_floor":["M","M","M","M","M","E","R","M","T","$","M","M","M","E","R","B",null,"M","M","$","M","M","E"],"character_chosen":"DEFECT","items_purchased":["Heatsinks","Toy Ornithopter","Conserve Battery","Apotheosis","Redo"],"campfire_rested":2,"item_purchase_floors":[10,10,10,20,20],"current_hp_per_floor":[75,75,75,66,64,41,63,61,61,61,62,54,61,23,45,12,75,59,64,64,28,38,0],"gold":52,"neow_bonus":"THREE_ENEMY_KILL","is_prod":false,"is_daily":false,"chose_seed":false,"campfire_upgraded":0,"win_rate":0,"timestamp":1566756882,"path_taken":["M","M","M","M","M","E","R","M","T","$","M","M","M","E","R","BOSS","M","M","$","M","M","E"],"build_version":"2019-07-17","purchased_purges":0,"victory":false,"max_hp_per_floor":[75,75,75,75,75,75,75,75,75,75,75,75,75,75,75,75,75,75,75,75,75,75,75],"card_choices":[{"not_picked":["Compile Driver","Coolheaded"],"picked":"Go for the Eyes","floor":1},{"not_picked":["Go for the Eyes","Cold Snap"],"picked":"Double Energy","floor":2},{"not_picked":["Doom and Gloom","Force Field"],"picked":"Loop","floor":3},{"not_picked":["Rip and Tear","Loop"],"picked":"Scrape","floor":4},{"not_picked":["Go for the Eyes","Streamline"],"picked":"Self Repair","floor":5},{"not_picked":["Loop","Barrage"],"picked":"Stack","floor":6},{"not_picked":["Blizzard","Beam Cell"],"picked":"Steam","floor":8},{"not_picked":["Steam","Sweeping Beam"],"picked":"Glacier","floor":11},{"not_picked":["Streamline","Compile Driver"],"picked":"Reprogram","floor":12},{"not_picked":["Ball Lightning","Aggregate"],"picked":"Static Discharge","floor":13},{"not_picked":["All For One","Coolheaded"],"picked":"Consume","floor":14},{"not_picked":["Buffer","Core Surge"],"picked":"Electrodynamics","floor":16},{"not_picked":["Compile Driver+1","Beam Cell"],"picked":"White Noise","floor":18},{"not_picked":["Glacier","Leap"],"picked":"Hologram","floor":19},{"not_picked":["Heatsinks","Lockon"],"picked":"Auto Shields","floor":21},{"not_picked":["Gash+1","Lockon+1"],"picked":"White Noise","floor":22}],"player_experience":100686,"relics_obtained":[{"floor":6,"key":"Bottled Flame"},{"floor":9,"key":"Darkstone Periapt"},{"floor":14,"key":"Ice Cream"}],"event_choices":[],"is_beta":false,"boss_relics":[{"not_picked":["Runic Pyramid","Fusion Hammer"],"picked":"White Beast Statue"}],"items_purged_floors":[],"is_endless":false,"potions_floor_spawned":[4,6,12,14,18,19,21,22],"killed_by":"Slavers","ascension_level":0}