{"gold_per_floor":[17,17,32,32,32,32,52,71,153,253,265,281,300,317,317,317],"floor_reached":16,"playtime":2939,"items_purged":[],"score":155,"play_id":"a7eda7d0-c597-4ee3-820f-b3c28ec9d1f4","local_time":"20181008102529","is_ascension_mode":true,"campfire_choices":[{"data":"Armaments","floor":6,"key":"SMITH"},{"data":"Uppercut","floor":15,"key":"SMITH"}],"neow_cost":"NO_GOLD","seed_source_timestamp":914809956695817,"circlet_count":0,"master_deck":["Strike_R","Strike_R","Strike_R","Defend_R","Defend_R","Defend_R","Defend_R","Bash","Whirlwind","Armaments+1","Flame Barrier","Armaments+1","Disarm+1","Uppercut+1"],"relics":["Burning Blood","Toxic Egg 2"],"potions_floor_usage":[1,16,16],"damage_taken":[{"damage":15,"enemies":"Cultist","floor":1,"turns":5},{"damage":0,"enemies":"2 Louse","floor":3,"turns":3},{"damage":0,"enemies":"Small Slimes","floor":7,"turns":5},{"damage":13,"enemies":"Gremlin Gang","floor":8,"turns":3},{"damage":0,"enemies":"Blue Slaver","floor":11,"turns":6},{"damage":5,"enemies":"2 Fungi Beasts","floor":12,"turns":4},{"damage":1,"enemies":"Exordium Wildlife","floor":13,"turns":3},{"damage":17,"enemies":"Large Slime","floor":14,"turns":9},{"damage":94,"enemies":"Slime Boss","floor":16,"turns":17}],"seed_played":"6378638470971969295","potions_obtained":[{"floor":1,"key":"Fruit Juice"},{"floor":8,"key":"Weak Potion"},{"floor":12,"key":"PowerPotion"}],"is_trial":false,"path_per_floor":["M","?","M","?","?","R","M","M","T","?","M","M","M","M","R"],"character_chosen":"IRONCLAD","items_purchased":[],"campfire_rested":0,"item_purchase_floors":[],"current_hp_per_floor":[84,89,95,95,88,88,94,87,87,87,93,94,99,88,88,0],"gold":317,"neow_bonus":"TWENTY_PERCENT_HP_BONUS","is_prod":false,"is_daily":false,"chose_seed":false,"campfire_upgraded":2,"win_rate":0,"timestamp":1539012329,"path_taken":["M","?","M","?","?","R","M","?","T","?","M","?","M","M","R","BOSS"],"build_version":"2018-10-04v2","purchased_purges":0,"victory":false,"max_hp_per_floor":[101,106,106,106,106,106,106,106,106,106,106,106,106,106,106,106],"card_choices":[{"not_picked":["Thunderclap","Heavy Blade"],"picked":"Whirlwind","floor":1},{"not_picked":["Combust","Intimidate"],"picked":"Armaments","floor":3},{"not_picked":["Dual Wield","Clash"],"picked":"Flame Barrier","floor":7},{"not_picked":["Wild Strike","Flex","Reckless Charge"],"picked":"SKIP","floor":8},{"not_picked":["Thunderclap","Heavy Blade","Perfected Strike"],"picked":"SKIP","floor":11},{"not_picked":["Cleave","Impervious+1"],"picked":"Armaments+1","floor":12},{"not_picked":["Havoc+1","Reckless Charge"],"picked":"Disarm+1","floor":13},{"not_picked":["Headbutt","Iron Wave"],"picked":"Uppercut","floor":14}],"player_experience":208805,"relics_obtained":[{"floor":9,"key":"Toxic Egg 2"}],"event_choices":[{"event_name":"Big Fish","player_choice":"Donut","floor":2,"damage_taken":0},{"event_name":"Bonfire Elementals","player_choice":"BASIC","floor":4,"damage_taken":0},{"event_name":"Golden Wing","player_choice":"Card Removal","floor":5,"damage_taken":0},{"event_name":"Golden Shrine","player_choice":"Pray","floor":10,"damage_taken":0}],"is_beta":false,"boss_relics":[],"items_purged_floors":[],"is_endless":false,"potions_floor_spawned":[1,8,12],"killed_by":"Slime Boss","ascension_level":7}