{"gold_per_floor":[110,60,60,60,70,70,105,105,105,105,139,167,182,40,40,140,140,151,0,0,0,0,0],"floor_reached":23,"playtime":1024,"items_purged":["Defend_R+1"],"score":273,"play_id":"d12d96d2-03ea-4b8f-b4ef-a047617a4787","local_time":"20190721005009","is_ascension_mode":true,"campfire_choices":[{"floor":6,"key":"RECALL"},{"data":"Bash","floor":8,"key":"SMITH"},{"data":"Iron Wave","floor":10,"key":"SMITH"},{"data":"Pommel Strike","floor":15,"key":"SMITH"}],"neow_cost":"NONE","seed_source_timestamp":7883503069718,"circlet_count":0,"master_deck":["Strike_R+1","Strike_R","Strike_R","Strike_R","Defend_R","Defend_R","Defend_R","Bash+1","Disarm","Sentinel","Iron Wave+1","Pommel Strike+1","Pommel Strike","Sentinel","Evolve","Double Tap","Shrug It Off","Pain"],"relics":["Burning Blood","NeowsBlessing","PreservedInsect","Art of War","Odd Mushroom","Philosopher\u0027s Stone","WarpedTongs"],"potions_floor_usage":[16,16,16],"damage_taken":[{"damage":0,"enemies":"2 Louse","floor":1,"turns":1},{"damage":0,"enemies":"Small Slimes","floor":5,"turns":1},{"damage":0,"enemies":"Lagavulin","floor":7,"turns":1},{"damage":19,"enemies":"Gremlin Nob","floor":11,"turns":4},{"damage":16,"enemies":"The Mushroom Lair","floor":12,"turns":6},{"damage":0,"enemies":"Jaw Worm","floor":13,"turns":3},{"damage":54,"enemies":"Slime Boss","floor":16,"turns":11},{"damage":45,"enemies":"2 Thieves","floor":18,"turns":4},{"damage":29,"enemies":"Gremlin Leader","floor":23,"turns":3}],"seed_played":"-6054114367954639182","potions_obtained":[{"floor":7,"key":"Ancient Potion"},{"floor":11,"key":"EssenceOfSteel"},{"floor":12,"key":"SteroidPotion"},{"floor":13,"key":"Block Potion"}],"is_trial":false,"path_per_floor":["M","?","$","?","M","R","E","R","T","R","E","?","M","$","R","B",null,"M","?","$","?","$","E"],"character_chosen":"IRONCLAD","items_purchased":["Evolve"],"campfire_rested":0,"item_purchase_floors":[14],"current_hp_per_floor":[80,80,80,64,70,70,76,76,76,76,63,53,59,59,59,11,63,24,24,24,24,24,0],"gold":0,"neow_bonus":"THREE_ENEMY_KILL","is_prod":false,"is_daily":false,"chose_seed":false,"campfire_upgraded":3,"win_rate":0,"timestamp":1563663009,"path_taken":["M","?","$","?","M","R","E","R","T","R","E","?","M","$","R","BOSS","M","?","$","?","$","E"],"build_version":"2019-07-17","purchased_purges":1,"victory":false,"max_hp_per_floor":[80,80,80,80,80,80,80,80,80,80,80,80,80,80,80,80,80,80,80,80,80,80,80],"card_choices":[{"not_picked":["Clash","Headbutt"],"picked":"Disarm","floor":1},{"not_picked":["Burning Pact","Pummel"],"picked":"Sentinel","floor":5},{"not_picked":["Clothesline","Cleave"],"picked":"Iron Wave","floor":7},{"not_picked":["Havoc","Twin Strike"],"picked":"Pommel Strike","floor":11},{"not_picked":["Berserk","Shockwave"],"picked":"Pommel Strike","floor":12},{"not_picked":["Reckless Charge","Intimidate"],"picked":"Sentinel","floor":13},{"not_picked":["Fiend Fire","Berserk"],"picked":"Double Tap","floor":16},{"not_picked":["Anger","Wild Strike"],"picked":"Shrug It Off","floor":18}],"player_experience":96748,"relics_obtained":[{"floor":7,"key":"PreservedInsect"},{"floor":11,"key":"Art of War"},{"floor":12,"key":"Odd Mushroom"}],"event_choices":[{"cards_removed":["Strike_R"],"damage_healed":0,"gold_gain":0,"player_choice":"Card Removal","damage_taken":0,"max_hp_gain":0,"max_hp_loss":0,"event_name":"The Cleric","floor":2,"gold_loss":50},{"damage_healed":0,"gold_gain":0,"player_choice":"Entered Light","damage_taken":16,"max_hp_gain":0,"max_hp_loss":0,"event_name":"Shining Light","floor":4,"gold_loss":0,"cards_upgraded":["Defend_R","Strike_R"]},{"damage_healed":0,"gold_gain":0,"player_choice":"Fought Mushrooms","damage_taken":0,"max_hp_gain":0,"max_hp_loss":0,"event_name":"Mushrooms","floor":12,"gold_loss":0},{"damage_healed":0,"gold_gain":0,"player_choice":"Paid Fearfully","damage_taken":0,"max_hp_gain":0,"max_hp_loss":0,"event_name":"Masked Bandits","floor":19,"gold_loss":151},{"damage_healed":0,"gold_gain":0,"player_choice":"Rummage","damage_taken":0,"relics_obtained":["WarpedTongs"],"max_hp_gain":0,"max_hp_loss":0,"event_name":"Accursed Blacksmith","floor":21,"gold_loss":0,"cards_obtained":["Pain"]}],"is_beta":false,"boss_relics":[{"not_picked":["Astrolabe","Runic Cube"],"picked":"Philosopher\u0027s Stone"}],"items_purged_floors":[14],"is_endless":false,"potions_floor_spawned":[7,11,12,13],"killed_by":"Gremlin Leader","ascension_level":5}