{"gold_per_floor":[366,379,399,410,410,442,442,459,483,498,498,509,6,6,6,101,101,111,111,111,25,42,42,53,53,53,63,63],"floor_reached":28,"playtime":3575,"items_purged":[],"score":222,"play_id":"3379a117-ffa7-4787-ba05-cde7b20d52dd","local_time":"20190828124521","is_ascension_mode":false,"campfire_choices":[{"floor":7.0,"key":"REST"},{"floor":15.0,"key":"REST"},{"data":"Chrysalis","floor":23.0,"key":"SMITH"},{"data":"Echo Form","floor":25.0,"key":"SMITH"}],"neow_cost":"TEN_PERCENT_HP_LOSS","seed_source_timestamp":0,"circlet_count":0,"master_deck":["Strike_B","Strike_B","Defend_B+1","Defend_B","Defend_B+1","Zap","Dualcast","FTL","Hologram","Redo","Seek","Auto Shields","Cold Snap","Blizzard","Reprogram","Chrysalis+1","Genetic Algorithm","Gash","Electrodynamics","Stack","Gash","Echo Form+1","Hologram","Self Repair","Conserve Battery","Capacitor+1","Coolheaded+1","Normality","Turbo+1"],"special_seed":0,"relics":["Cracked Core","Centennial Puzzle","OrangePellets","Darkstone Periapt","Cursed Key","Toxic Egg 2"],"potions_floor_usage":[28],"damage_taken":[{"damage":0.0,"enemies":"2 Louse","floor":1.0,"turns":3.0},{"damage":5.0,"enemies":"Small Slimes","floor":2.0,"turns":3.0},{"damage":0.0,"enemies":"Jaw Worm","floor":3.0,"turns":3.0},{"damage":8.0,"enemies":"Red Slaver","floor":4.0,"turns":4.0},{"damage":33.0,"enemies":"Gremlin Nob","floor":6.0,"turns":4.0},{"damage":0.0,"enemies":"Looter","floor":8.0,"turns":2.0},{"damage":5.0,"enemies":"Exordium Wildlife","floor":10.0,"turns":5.0},{"damage":5.0,"enemies":"Exordium Thugs","floor":12.0,"turns":6.0},{"damage":24.0,"enemies":"Slime Boss","floor":16.0,"turns":14.0},{"damage":4.0,"enemies":"Chosen","floor":18.0,"turns":6.0},{"damage":5.0,"enemies":"3 Byrds","floor":22.0,"turns":2.0},{"damage":2.0,"enemies":"Centurion and Healer","floor":24.0,"turns":6.0},{"damage":27,"enemies":"Shelled Parasite and Fungi","floor":27,"turns":13},{"damage":75,"enemies":"Chosen and Byrds","floor":28,"turns":8}],"seed_played":"2635019647875584874","potions_obtained":[{"floor":2.0,"key":"SneckoOil"},{"floor":3.0,"key":"PowerPotion"},{"floor":6.0,"key":"Ancient Potion"},{"floor":8.0,"key":"FearPotion"},{"floor":10.0,"key":"Regen Potion"},{"floor":16.0,"key":"Strength Potion"},{"floor":18.0,"key":"Energy Potion"},{"floor":27,"key":"Regen Potion"}],"is_trial":false,"path_per_floor":["M","M","M","M","?","E","R","M","T","M","?","M","$","T","R","B",null,"M","?","?","$","M","R","M","R","T","M","M"],"character_chosen":"DEFECT","items_purchased":["Chrysalis","OrangePellets","Genetic Algorithm","Gash","Self Repair","Conserve Battery"],"campfire_rested":2,"item_purchase_floors":[13,13,13,13,21,21],"current_hp_per_floor":[68,63,63,55,41,8,28,28,28,23,16,11,11,11,31,22,68,64,64,64,64,59,59,64,64,70,50,0],"gold":63,"neow_bonus":"TWO_FIFTY_GOLD","is_prod":false,"is_daily":false,"chose_seed":false,"campfire_upgraded":2,"win_rate":0,"timestamp":1567010721,"path_taken":["M","M","M","M","?","E","R","M","T","M","?","?","$","?","R","BOSS","M","?","?","?","M","R","M","R","T","M","M"],"build_version":"2019-07-17","purchased_purges":0,"victory":false,"max_hp_per_floor":[68,68,68,68,68,68,68,68,68,68,68,68,68,68,68,68,68,68,68,68,68,68,68,68,68,74,74,74],"card_choices":[{"not_picked":["Streamline","Compile Driver"],"picked":"FTL","floor":1.0},{"not_picked":["Steam","Sweeping Beam"],"picked":"Hologram","floor":2.0},{"not_picked":["Aggregate","Compile Driver"],"picked":"Redo","floor":3.0},{"not_picked":["Sweeping Beam","Conserve Battery"],"picked":"Seek","floor":4.0},{"not_picked":["Defragment","BootSequence"],"picked":"Auto Shields","floor":6.0},{"not_picked":["Compile Driver","Steam"],"picked":"Cold Snap","floor":8.0},{"not_picked":["Hologram","Steam"],"picked":"Blizzard","floor":10.0},{"not_picked":["Rebound","Steam Power"],"picked":"Reprogram","floor":12.0},{"not_picked":["Hyperbeam","Machine Learning"],"picked":"Electrodynamics","floor":16.0},{"not_picked":["Steam","Redo"],"picked":"Stack","floor":18.0},{"not_picked":["Static Discharge","Gash+1"],"picked":"Capacitor+1","floor":22.0},{"not_picked":["Rip and Tear","Aggregate"],"picked":"Coolheaded+1","floor":24.0},{"not_picked":["Genetic Algorithm+1","Compile Driver"],"picked":"Turbo+1","floor":27}],"player_experience":128144,"relics_obtained":[{"floor":6.0,"key":"Centennial Puzzle"},{"floor":14.0,"key":"Darkstone Periapt"},{"floor":26,"key":"Toxic Egg 2"}],"event_choices":[{"damage_healed":0.0,"max_hp_gain":0.0,"max_hp_loss":0.0,"gold_gain":0.0,"event_name":"Shining Light","player_choice":"Entered Light","floor":5.0,"gold_loss":0.0,"damage_taken":14.0,"cards_upgraded":["Defend_B","Defend_B"]},{"cards_removed":["Defend_B"],"damage_healed":0.0,"max_hp_gain":0.0,"max_hp_loss":0.0,"gold_gain":0.0,"event_name":"Golden Wing","player_choice":"Card Removal","floor":11.0,"gold_loss":0.0,"damage_taken":7.0},{"damage_healed":0.0,"max_hp_gain":0.0,"max_hp_loss":0.0,"gold_gain":0.0,"event_name":"The Library","player_choice":"Read","floor":19.0,"gold_loss":0.0,"damage_taken":0.0,"cards_obtained":["Gash"]},{"damage_healed":0.0,"max_hp_gain":0.0,"max_hp_loss":0.0,"gold_gain":0.0,"cards_transformed":["Strike_B","Strike_B"],"event_name":"Drug Dealer","player_choice":"Became Test Subject","floor":20.0,"gold_loss":0.0,"damage_taken":0.0,"cards_obtained":["Echo Form","Hologram"]}],"is_beta":false,"boss_relics":[{"not_picked":["Busted Crown","Nuclear Battery"],"picked":"Cursed Key"}],"items_purged_floors":[],"is_endless":false,"potions_floor_spawned":[2,3,6,8,10,16,18,27],"killed_by":"Chosen and Byrds","ascension_level":0}