{"gold_per_floor":[117,117,130,130,55,67,98,116,141,141,141,157,157,190,190,264,264,276,296,128,144,55,55,55],"floor_reached":24,"playtime":1250,"items_purged":["Defend_B","Strike_B","Strike_B"],"score":448,"play_id":"37e4fc10-aa1d-44c6-a809-e9ffda2d05ff","local_time":"20190807230237","is_ascension_mode":true,"campfire_choices":[{"data":"Hologram","floor":11,"key":"SMITH"},{"floor":13,"key":"REST"},{"floor":15,"key":"REST"},{"floor":23,"key":"REST"}],"neow_cost":"NONE","seed_source_timestamp":546935628759986,"circlet_count":0,"master_deck":["AscendersBane","Strike_B","Strike_B","Defend_B","Defend_B","Defend_B","Zap+1","Dualcast+1","Conserve Battery","Capacitor","Cold Snap","Hologram+1","Core Surge","Buffer","Consume","Defragment","Self Repair"],"relics":["Cracked Core","Lantern","PreservedInsect","Smiling Mask","Vajra","Black Star"],"potions_floor_usage":[16,19,21],"damage_taken":[{"damage":1,"enemies":"2 Louse","floor":1,"turns":2},{"damage":0,"enemies":"Cultist","floor":3,"turns":3},{"damage":5,"enemies":"Small Slimes","floor":6,"turns":3},{"damage":31,"enemies":"3 Sentries","floor":7,"turns":10},{"damage":4,"enemies":"Looter","floor":8,"turns":2},{"damage":0,"enemies":"2 Fungi Beasts","floor":12,"turns":3},{"damage":11,"enemies":"Lagavulin","floor":14,"turns":6},{"damage":0,"enemies":"The Guardian","floor":16,"turns":10},{"damage":24,"enemies":"Spheric Guardian","floor":18,"turns":6},{"damage":17,"enemies":"Chosen","floor":19,"turns":4},{"damage":33,"enemies":"Snake Plant","floor":21,"turns":7},{"damage":36,"enemies":"Shelled Parasite and Fungi","floor":24,"turns":3}],"seed_played":"-4347474968982236743","potions_obtained":[{"floor":7,"key":"Explosive Potion"},{"floor":12,"key":"SpeedPotion"},{"floor":14,"key":"FocusPotion"},{"floor":18,"key":"SteroidPotion"},{"floor":19,"key":"Fruit Juice"}],"is_trial":false,"path_per_floor":["M","?","M","?","$","M","E","M","T","?","R","M","R","E","R","B",null,"M","M","$","M","$","R","M"],"character_chosen":"DEFECT","items_purchased":["Consume","Defragment","Self Repair"],"campfire_rested":3,"item_purchase_floors":[20,20,22],"current_hp_per_floor":[63,68,68,68,68,63,32,28,28,28,28,28,50,39,61,61,72,48,36,36,3,3,27,0],"gold":55,"neow_bonus":"UPGRADE_CARD","is_prod":false,"is_daily":false,"chose_seed":false,"campfire_upgraded":1,"win_rate":0,"timestamp":1565186557,"path_taken":["M","?","M","?","$","M","E","?","T","?","R","M","R","E","R","BOSS","M","?","$","M","$","R","M"],"build_version":"2019-07-17","purchased_purges":3,"victory":false,"max_hp_per_floor":[71,76,76,76,76,76,76,76,76,76,76,76,76,76,76,76,76,76,81,81,81,81,81,81],"card_choices":[{"not_picked":["Redo","Stack"],"picked":"Conserve Battery","floor":1},{"not_picked":["Double Energy","Compile Driver"],"picked":"Capacitor","floor":3},{"not_picked":["Steam Power","Skim"],"picked":"Cold Snap","floor":6},{"not_picked":["Capacitor","Turbo"],"picked":"Hologram","floor":7},{"not_picked":["Genetic Algorithm","Sunder","Ball Lightning"],"picked":"SKIP","floor":8},{"not_picked":["Force Field","Sunder","Cold Snap"],"picked":"SKIP","floor":12},{"not_picked":["Stack","Conserve Battery"],"picked":"Core Surge","floor":14},{"not_picked":["Creative AI","Amplify"],"picked":"Buffer","floor":16},{"not_picked":["Auto Shields","Turbo","Conserve Battery"],"picked":"SKIP","floor":18},{"not_picked":["Conserve Battery","Redo","Stack"],"picked":"SKIP","floor":19},{"not_picked":["Conserve Battery","Compile Driver+1","Hologram"],"picked":"SKIP","floor":21}],"player_experience":458937,"relics_obtained":[{"floor":7,"key":"Lantern"},{"floor":9,"key":"PreservedInsect"},{"floor":14,"key":"Vajra"}],"event_choices":[{"damage_healed":0,"gold_gain":0,"player_choice":"Donut","damage_taken":0,"max_hp_gain":5,"max_hp_loss":0,"event_name":"Big Fish","floor":2,"gold_loss":0},{"damage_healed":0,"gold_gain":0,"player_choice":"Forge","damage_taken":0,"max_hp_gain":0,"max_hp_loss":0,"event_name":"Accursed Blacksmith","floor":4,"gold_loss":0,"cards_upgraded":["Dualcast"]},{"damage_healed":0,"gold_gain":0,"player_choice":"Gave Potion","damage_taken":0,"relics_obtained":["Smiling Mask"],"max_hp_gain":0,"max_hp_loss":0,"event_name":"WeMeetAgain","floor":10,"gold_loss":0}],"is_beta":false,"boss_relics":[{"not_picked":["Velvet Choker","Snecko Eye"],"picked":"Black Star"}],"items_purged_floors":[5,20,22],"is_endless":false,"potions_floor_spawned":[7,12,14,18,19],"killed_by":"Shelled Parasite and Fungi","ascension_level":15}