{"gold_per_floor":[112,123,143,143,166,209,209,224,293,311,325,345,345,369,369,492,492,506,570,585,5,55,55,75,125,149,174,240,290,58,108],"floor_reached":31,"playtime":2071,"items_purged":["Injury"],"score":268,"play_id":"7816472d-10ad-406f-89d2-aa6e67e3f2eb","local_time":"20190816112800","is_ascension_mode":false,"campfire_choices":[{"floor":7,"key":"REST"},{"floor":15,"key":"REST"},{"floor":23,"key":"REST"}],"neow_cost":"NONE","seed_source_timestamp":8194306653274,"circlet_count":0,"master_deck":["Strike_G","Strike_G","Strike_G","Strike_G","Strike_G","Defend_G","Defend_G","Defend_G","Defend_G","Defend_G","Survivor","Neutralize","Underhanded Strike","Blade Dance","Blade Dance","Terror","Deflect","Finisher","Noxious Fumes","Calculated Gamble","Glass Knife","Die Die Die","Choke","Crippling Poison","Dagger Throw","Panache","Bandage Up","Expertise","Crippling Poison","Outmaneuver+1","Die Die Die","Bane","Slice","After Image","Enlightenment","Deflect","Poisoned Stab"],"relics":["Lizard Tail","Golden Idol","Lantern","Paper Crane","Ornamental Fan","SsserpentHead","Philosopher\u0027s Stone","Bronze Scales","Enchiridion","Dream Catcher","Dodecahedron"],"potions_floor_usage":[6,16,16,16,27],"damage_taken":[{"damage":2,"enemies":"Cultist","floor":1,"turns":5},{"damage":3,"enemies":"Small Slimes","floor":2,"turns":6},{"damage":3,"enemies":"Jaw Worm","floor":3,"turns":3},{"damage":27,"enemies":"Lagavulin","floor":6,"turns":10},{"damage":16,"enemies":"3 Louse","floor":8,"turns":4},{"damage":9,"enemies":"Gremlin Gang","floor":10,"turns":6},{"damage":1,"enemies":"Looter","floor":11,"turns":3},{"damage":9,"enemies":"2 Fungi Beasts","floor":12,"turns":3},{"damage":7,"enemies":"Exordium Thugs","floor":14,"turns":4},{"damage":29,"enemies":"Slime Boss","floor":16,"turns":8},{"damage":23,"enemies":"Spheric Guardian","floor":18,"turns":5},{"damage":22,"enemies":"Shell Parasite","floor":19,"turns":5},{"damage":13,"enemies":"Centurion and Healer","floor":20,"turns":7},{"damage":5,"enemies":"Snecko","floor":24,"turns":3},{"damage":12,"enemies":"Chosen and Byrds","floor":27,"turns":3},{"damage":33,"enemies":"Shelled Parasite and Fungi","floor":28,"turns":4},{"damage":18,"enemies":"Centurion and Healer","floor":31,"turns":2}],"seed_played":"1538974285883760789","potions_obtained":[{"floor":1,"key":"FearPotion"},{"floor":10,"key":"Regen Potion"},{"floor":11,"key":"SkillPotion"},{"floor":12,"key":"EssenceOfSteel"},{"floor":19,"key":"FearPotion"},{"floor":24,"key":"SkillPotion"},{"floor":28,"key":"Energy Potion"}],"is_trial":false,"path_per_floor":["M","M","M","?","T","E","R","M","T","M","M","M","?","M","R","B",null,"M","M","M","$","?","R","M","?","T","M","M","?","$","M"],"character_chosen":"THE_SILENT","items_purchased":["Panache","Bandage Up","Bronze Scales","Expertise","Crippling Poison","Dexterity Potion","Enlightenment","Deflect","Poisoned Stab"],"campfire_rested":3,"item_purchase_floors":[21,21,21,21,21,21,30,30,30],"current_hp_per_floor":[68,65,62,62,62,35,56,40,40,31,30,21,21,14,35,21,70,47,25,12,12,35,56,51,51,51,43,14,14,14,0],"gold":108,"neow_bonus":"BOSS_RELIC","is_prod":false,"is_daily":false,"chose_seed":false,"campfire_upgraded":0,"win_rate":0.0,"timestamp":1565969280,"path_taken":["M","?","?","?","?","E","R","M","T","M","M","M","?","M","R","BOSS","M","?","M","$","?","R","M","?","T","M","?","?","$","?"],"build_version":"2019-07-17","purchased_purges":1,"victory":false,"max_hp_per_floor":[70,70,70,70,70,70,70,70,70,70,70,70,70,70,70,70,70,70,70,70,70,70,70,70,70,70,70,70,70,70,70],"card_choices":[{"not_picked":["Choke","Quick Slash"],"picked":"Underhanded Strike","floor":1},{"not_picked":["Escape Plan","Backflip"],"picked":"Blade Dance","floor":2},{"not_picked":["Catalyst","Dodge and Roll"],"picked":"Blade Dance","floor":3},{"not_picked":["Heel Hook","Dagger Throw"],"picked":"Terror","floor":6},{"not_picked":["Bane","Eviscerate"],"picked":"Deflect","floor":8},{"not_picked":["Footwork","Blur"],"picked":"Finisher","floor":10},{"not_picked":["Deflect","Sucker Punch"],"picked":"Noxious Fumes","floor":11},{"not_picked":["All Out Attack","Dagger Spray"],"picked":"Calculated Gamble","floor":12},{"not_picked":["Poisoned Stab","Underhanded Strike"],"picked":"Glass Knife","floor":14},{"not_picked":["Wraith Form v2","Bullet Time"],"picked":"Die Die Die","floor":16},{"not_picked":["Dagger Spray","Blade Dance"],"picked":"Choke","floor":18},{"not_picked":["Deflect","Catalyst"],"picked":"Crippling Poison","floor":19},{"not_picked":["Calculated Gamble","Blade Dance"],"picked":"Dagger Throw","floor":20},{"not_picked":["Eviscerate","Slice"],"picked":"Outmaneuver+1","floor":24},{"not_picked":["Underhanded Strike","Expertise"],"picked":"Slice","floor":27},{"not_picked":["Underhanded Strike","Calculated Gamble+1"],"picked":"After Image","floor":28}],"player_experience":59942,"relics_obtained":[{"floor":5,"key":"Lantern"},{"floor":6,"key":"Paper Crane"},{"floor":9,"key":"Ornamental Fan"},{"floor":22,"key":"Enchiridion"},{"floor":26,"key":"Dream Catcher"}],"event_choices":[{"damage_healed":0,"gold_gain":0,"player_choice":"Take Wound","damage_taken":0,"relics_obtained":["Golden Idol"],"max_hp_gain":0,"max_hp_loss":0,"event_name":"Golden Idol","floor":4,"gold_loss":0,"cards_obtained":["Injury"]},{"damage_healed":0,"gold_gain":0,"player_choice":"Trade","damage_taken":0,"relics_obtained":["SsserpentHead"],"max_hp_gain":0,"max_hp_loss":0,"event_name":"FaceTrader","floor":13,"gold_loss":0},{"damage_healed":0,"gold_gain":0,"player_choice":"Obtained Book","damage_taken":16,"max_hp_gain":0,"max_hp_loss":0,"event_name":"Cursed Tome","floor":22,"gold_loss":0},{"damage_healed":0,"gold_gain":0,"player_choice":"2 cards matched","damage_taken":0,"max_hp_gain":0,"max_hp_loss":0,"event_name":"Match and Keep!","floor":25,"gold_loss":0,"cards_obtained":["Die Die Die","Bane"]},{"damage_healed":0,"gold_gain":0,"player_choice":"Gave Potion","damage_taken":0,"relics_obtained":["Dodecahedron"],"max_hp_gain":0,"max_hp_loss":0,"event_name":"WeMeetAgain","floor":29,"gold_loss":0}],"is_beta":false,"boss_relics":[{"not_picked":["Runic Dome","Orrery"],"picked":"Philosopher\u0027s Stone"}],"items_purged_floors":[30],"is_endless":false,"potions_floor_spawned":[1,10,11,12,14,19,24,28],"killed_by":"Centurion and Healer","ascension_level":0}