{"gold_per_floor":[119,44,61,79,98,98,132,132,200,200,229,229,241,254,254,349,349,366,266,284,383,399,399,433,433,433,451,451,470,194,204,204,304,304,318,373,393,393,408,408,442,442,468,168,186,201,201,148,148,148],"floor_reached":51,"playtime":5499,"items_purged":["Strike_B","Strike_B","Defend_B","Parasite"],"score":958,"play_id":"ce20e4f3-a82c-4bf7-adc7-c0d3c58cc25f","local_time":"20190715063846","is_ascension_mode":true,"campfire_choices":[{"data":"Zap","floor":6,"key":"SMITH"},{"data":"Coolheaded","floor":10,"key":"SMITH"},{"data":"Steam","floor":12,"key":"SMITH"},{"floor":15,"key":"REST"},{"data":"Buffer","floor":23,"key":"SMITH"},{"data":"Capacitor","floor":25,"key":"SMITH"},{"floor":32,"key":"REST"},{"data":"Defragment","floor":40,"key":"SMITH"},{"data":"Consume","floor":42,"key":"SMITH"},{"data":"White Noise","floor":47,"key":"SMITH"},{"data":"Biased Cognition","floor":49,"key":"SMITH"}],"neow_cost":"NONE","seed_source_timestamp":709287469791072,"circlet_count":0,"master_deck":["Strike_B+1","Strike_B+1","Defend_B","Defend_B","Defend_B","Zap+1","Dualcast+1","Electrodynamics","White Noise+1","Genetic Algorithm","Coolheaded+1","Steam+1","Self Repair","Chill","Biased Cognition+1","Barrage+1","BootSequence","Capacitor+1","Buffer+1","Streamline+1","Defragment+1","Hologram+1","Consume+1","Streamline+1","Conserve Battery+1"],"relics":["Cracked Core","Prayer Wheel","Gremlin Horn","Happy Flower","Nuclear Battery","Girya","Question Card","Ancient Tea Set","Eternal Feather","Dead Branch","Whetstone","Strawberry","Gambling Chip"],"potions_floor_usage":[11,16,22,31,33,39,41,41,50,50,50,50,50,50],"damage_taken":[{"damage":1,"enemies":"2 Louse","floor":1,"turns":3},{"damage":1,"enemies":"Cultist","floor":3,"turns":3},{"damage":11,"enemies":"Small Slimes","floor":4,"turns":3},{"damage":6,"enemies":"3 Louse","floor":5,"turns":3},{"damage":16,"enemies":"3 Sentries","floor":7,"turns":4},{"damage":6,"enemies":"Lagavulin","floor":11,"turns":7},{"damage":8,"enemies":"Exordium Wildlife","floor":13,"turns":3},{"damage":4,"enemies":"Large Slime","floor":14,"turns":4},{"damage":17,"enemies":"Slime Boss","floor":16,"turns":11},{"damage":10,"enemies":"Chosen","floor":18,"turns":8},{"damage":0,"enemies":"3 Byrds","floor":20,"turns":2},{"damage":14,"enemies":"Snake Plant","floor":22,"turns":4},{"damage":10,"enemies":"Book of Stabbing","floor":24,"turns":6},{"damage":4,"enemies":"3 Cultists","floor":27,"turns":5},{"damage":11,"enemies":"Snecko","floor":29,"turns":5},{"damage":22,"enemies":"Snake Plant","floor":31,"turns":5},{"damage":2,"enemies":"Automaton","floor":33,"turns":10},{"damage":5,"enemies":"Orb Walker","floor":35,"turns":5},{"damage":1,"enemies":"2 Orb Walkers","floor":36,"turns":5},{"damage":0,"enemies":"3 Shapes","floor":37,"turns":3},{"damage":8,"enemies":"Writhing Mass","floor":39,"turns":8},{"damage":34,"enemies":"Nemesis","floor":41,"turns":11},{"damage":0,"enemies":"4 Shapes","floor":45,"turns":3},{"damage":13,"enemies":"Transient","floor":46,"turns":5},{"damage":25,"enemies":"Awakened One","floor":50,"turns":12}],"seed_played":"6853342265730547140","potions_obtained":[{"floor":3,"key":"AttackPotion"},{"floor":5,"key":"Weak Potion"},{"floor":7,"key":"Block Potion"},{"floor":11,"key":"SpeedPotion"},{"floor":18,"key":"EntropicBrew"},{"floor":24,"key":"PowerPotion"},{"floor":29,"key":"Dexterity Potion"},{"floor":31,"key":"SteroidPotion"},{"floor":33,"key":"Fire Potion"},{"floor":37,"key":"Regen Potion"},{"floor":39,"key":"Swift Potion"}],"is_trial":false,"path_per_floor":["M","$","M","M","M","R","E","?","T","R","E","R","M","M","R","B",null,"M","$","M","?","M","R","E","R","T","M","?","M","$","M","R","B",null,"M","?","M","?","M","R","E","R","T","$","M","M","R","?","R","B",null],"character_chosen":"DEFECT","items_purchased":["Ancient Tea Set","Ancient Potion","LiquidBronze"],"campfire_rested":2,"item_purchase_floors":[30,44,44],"current_hp_per_floor":[67,67,66,55,49,49,33,33,33,33,27,27,19,15,37,34,65,62,62,62,62,55,55,52,52,52,55,55,44,44,29,51,56,70,72,75,75,75,74,75,63,75,82,79,79,73,79,79,79,61],"gold":148,"neow_bonus":"ONE_RANDOM_RARE_CARD","is_prod":false,"is_daily":false,"chose_seed":false,"campfire_upgraded":9,"win_rate":0,"timestamp":1563140326,"path_taken":["M","$","M","M","M","R","E","?","T","R","E","R","?","M","R","BOSS","M","$","M","?","M","R","E","R","T","M","?","M","?","M","R","BOSS","M","?","M","?","?","R","E","R","T","$","M","M","R","?","R","BOSS"],"build_version":"2019-07-05","purchased_purges":4,"victory":true,"max_hp_per_floor":[75,75,75,75,75,75,75,75,75,75,75,75,75,75,75,75,75,75,75,75,75,75,75,75,75,75,75,75,75,75,75,75,75,75,75,75,75,75,75,75,75,75,82,79,79,79,79,79,79,79],"card_choices":[{"not_picked":["Conserve Battery","Barrage"],"picked":"White Noise","floor":1},{"not_picked":["Darkness","Hello World"],"picked":"Genetic Algorithm","floor":3},{"not_picked":["Hello World","Gash","Turbo"],"picked":"SKIP","floor":4},{"not_picked":["Barrage","Redo"],"picked":"Coolheaded","floor":5},{"not_picked":["Storm","Static Discharge"],"picked":"Steam","floor":7},{"not_picked":["Steam","Meteor Strike","Steam Power"],"picked":"SKIP","floor":11},{"not_picked":["Scrape","Tempest"],"picked":"Self Repair","floor":13},{"not_picked":["Go for the Eyes","White Noise","Reprogram"],"picked":"SKIP","floor":13},{"not_picked":["Gash","Sweeping Beam"],"picked":"Chill","floor":14},{"not_picked":["Leap","Redo","Gash"],"picked":"SKIP","floor":14},{"not_picked":["Machine Learning","Creative AI"],"picked":"Biased Cognition","floor":16},{"not_picked":["Coolheaded","Gash"],"picked":"Barrage+1","floor":18},{"not_picked":["Darkness+1","Sweeping Beam"],"picked":"BootSequence","floor":18},{"not_picked":["White Noise+1","Heatsinks+1"],"picked":"Capacitor","floor":20},{"not_picked":["Cold Snap","Ball Lightning","Lockon"],"picked":"SKIP","floor":20},{"not_picked":["Tempest","Turbo"],"picked":"Buffer","floor":22},{"not_picked":["Redo+1","Conserve Battery","Steam"],"picked":"SKIP","floor":22},{"not_picked":["Ball Lightning+1","Auto Shields","Double Energy+1"],"picked":"SKIP","floor":24},{"not_picked":["Undo+1","Blizzard","Beam Cell","Conserve Battery"],"picked":"SKIP","floor":27},{"not_picked":["Hologram","Amplify","Double Energy","Cold Snap"],"picked":"SKIP","floor":27},{"not_picked":["FTL","Steam","Leap+1"],"picked":"Streamline+1","floor":29},{"not_picked":["Redo+1","BootSequence","Gash","Self Repair"],"picked":"SKIP","floor":29},{"not_picked":["Steam","Capacitor+1","Lockon"],"picked":"Defragment","floor":31},{"not_picked":["Fission","Hello World","Aggregate"],"picked":"Hologram+1","floor":31},{"not_picked":["Rebound+1","Sweeping Beam","Sunder"],"picked":"Consume","floor":35},{"not_picked":["Beam Cell+1","Rebound","Barrage+1","Lockon"],"picked":"SKIP","floor":35},{"not_picked":["Beam Cell+1","Rebound","Barrage+1","Lockon"],"picked":"SKIP","floor":35},{"not_picked":["Compile Driver+1","Chill","Capacitor"],"picked":"Streamline+1","floor":36},{"not_picked":["Turbo","Melter+1","Hologram"],"picked":"Conserve Battery+1","floor":37},{"not_picked":["Barrage+1","Tempest","Turbo","Steam Power"],"picked":"SKIP","floor":37},{"not_picked":["Rainbow","Double Energy+1","Fusion+1","Hologram+1"],"picked":"SKIP","floor":39},{"not_picked":["Melter","Capacitor","Compile Driver","Go for the Eyes"],"picked":"SKIP","floor":39},{"not_picked":["Blizzard","Beam Cell","Fusion+1","Melter"],"picked":"SKIP","floor":41},{"not_picked":["Turbo","BootSequence","Barrage+1","Streamline"],"picked":"SKIP","floor":45},{"not_picked":["Chill","Rip and Tear","Undo","Darkness+1"],"picked":"SKIP","floor":45},{"not_picked":["Gash","Barrage+1","Recycle+1","Undo"],"picked":"SKIP","floor":46},{"not_picked":["Heatsinks","Coolheaded+1","Streamline","Steam Power"],"picked":"SKIP","floor":46}],"player_experience":269209,"relics_obtained":[{"floor":7,"key":"Prayer Wheel"},{"floor":9,"key":"Gremlin Horn"},{"floor":11,"key":"Happy Flower"},{"floor":24,"key":"Girya"},{"floor":26,"key":"Question Card"},{"floor":36,"key":"Dead Branch"},{"floor":41,"key":"Whetstone"},{"floor":43,"key":"Strawberry"}],"event_choices":[{"damage_healed":0,"gold_gain":0,"player_choice":"Upgraded","damage_taken":0,"max_hp_gain":0,"max_hp_loss":0,"event_name":"Upgrade Shrine","floor":8,"gold_loss":0,"cards_upgraded":["Dualcast"]},{"damage_healed":0,"gold_gain":99,"player_choice":"Stole From Cult","damage_taken":0,"max_hp_gain":0,"max_hp_loss":0,"event_name":"Nest","floor":21,"gold_loss":0},{"damage_healed":0,"gold_gain":0,"player_choice":"Ignored","damage_taken":0,"max_hp_gain":0,"max_hp_loss":0,"event_name":"Vampires","floor":28,"gold_loss":0},{"damage_healed":0,"gold_gain":0,"player_choice":"Fight","damage_taken":0,"max_hp_gain":0,"max_hp_loss":0,"event_name":"Mysterious Sphere","floor":36,"gold_loss":0},{"damage_healed":0,"gold_gain":0,"player_choice":"Bought 0 Potions","damage_taken":0,"max_hp_gain":0,"max_hp_loss":0,"event_name":"The Woman in Blue","floor":38,"gold_loss":0},{"damage_healed":0,"gold_gain":0,"player_choice":"Paid Gold","damage_taken":0,"relics_obtained":["Gambling Chip"],"max_hp_gain":0,"max_hp_loss":0,"event_name":"WeMeetAgain","floor":48,"gold_loss":53}],"is_beta":false,"boss_relics":[{"not_picked":["Runic Dome","Snecko Eye"],"picked":"Nuclear Battery"},{"not_picked":["Philosopher\u0027s Stone","Runic Pyramid"],"picked":"Eternal Feather"}],"items_purged_floors":[2,19,30,44],"is_endless":false,"potions_floor_spawned":[3,5,7,11,18,24,29,31,33,37,39,45,46],"ascension_level":8}