{"gold_per_floor":[110,127,144,129,204,231,231,249,249,278,43,72,92,108,108,213,213,228,153,168,168],"floor_reached":21,"playtime":2795,"items_purged":[],"score":228,"play_id":"e8e9d027-7fab-42f5-9e04-80b56b9373b0","local_time":"20180912124905","is_ascension_mode":false,"campfire_choices":[{"floor":7,"key":"REST"},{"data":"Chill","floor":15,"key":"SMITH"}],"neow_cost":"","seed_source_timestamp":2474558973483110,"circlet_count":0,"master_deck":["Strike_B","Strike_B","Strike_B","Strike_B","Defend_B","Defend_B","Defend_B","Defend_B","Zap","Dualcast","Cold Snap","Darkness","Self Repair","BootSequence","Force Field","Cold Snap","Conserve Battery","Beam Cell+1","Fusion","Chill+1","Cold Snap+1","Amplify","Leap","Rip and Tear+1","Ball Lightning+1"],"relics":["Cracked Core","Orichalcum","Molten Egg 2","Ancient Tea Set","Sling","Ornamental Fan","Black Star"],"potions_floor_usage":[19,21,21],"damage_taken":[{"damage":1,"enemies":"Jaw Worm","floor":1,"turns":3},{"damage":10,"enemies":"Small Slimes","floor":2,"turns":3},{"damage":0,"enemies":"2 Louse","floor":3,"turns":3},{"damage":9,"enemies":"Exordium Thugs","floor":4,"turns":4},{"damage":22,"enemies":"3 Sentries","floor":6,"turns":8},{"damage":6,"enemies":"Blue Slaver","floor":8,"turns":4},{"damage":6,"enemies":"Lagavulin","floor":10,"turns":7},{"damage":0,"enemies":"3 Sentries","floor":12,"turns":7},{"damage":0,"enemies":"Exordium Wildlife","floor":13,"turns":4},{"damage":0,"enemies":"3 Louse","floor":14,"turns":3},{"damage":22,"enemies":"Slime Boss","floor":16,"turns":10},{"damage":9,"enemies":"Chosen","floor":18,"turns":8},{"damage":0,"enemies":"2 Thieves","floor":19,"turns":5},{"damage":20,"enemies":"Snake Plant","floor":20,"turns":6},{"damage":3,"enemies":"Colosseum Slavers","floor":21,"turns":4},{"damage":87,"enemies":"Colosseum Nobs","floor":21,"turns":5}],"seed_played":"5396500708500631462","potions_obtained":[{"floor":2,"key":"Block Potion"},{"floor":4,"key":"Block Potion"},{"floor":8,"key":"LiquidBronze"},{"floor":10,"key":"PowerPotion"}],"is_trial":false,"path_per_floor":["M","M","M","M","?","E","R","M","T","E","$","E","M","M","R","B",null,"M","M","M"],"character_chosen":"DEFECT","items_purchased":["Beam Cell+1","Sling"],"campfire_rested":1,"item_purchase_floors":[11,11],"current_hp_per_floor":[74,64,64,62,51,36,58,59,59,60,60,67,74,75,75,53,75,75,75,62,0],"gold":168,"neow_bonus":"","is_prod":false,"is_daily":false,"chose_seed":false,"campfire_upgraded":1,"win_rate":0.0,"timestamp":1536774545,"path_taken":["M","M","M","M","?","E","R","M","T","E","$","E","M","M","R","BOSS","M","M","M","?"],"build_version":"2018-09-06","purchased_purges":0,"victory":false,"max_hp_per_floor":[75,75,75,75,75,75,75,75,75,75,75,75,75,75,75,75,75,75,75,75,75],"card_choices":[{"not_picked":["Scrape","Stack"],"picked":"Cold Snap","floor":1},{"not_picked":["Stack","Streamline"],"picked":"Darkness","floor":2},{"not_picked":["Redo","Streamline"],"picked":"Self Repair","floor":3},{"not_picked":["Beam Cell","Heatsinks"],"picked":"BootSequence","floor":4},{"not_picked":["Heatsinks","Hologram"],"picked":"Force Field","floor":6},{"not_picked":["Blizzard","Consume"],"picked":"Cold Snap","floor":8},{"not_picked":["Static Discharge","All For One+1"],"picked":"Conserve Battery","floor":10},{"not_picked":["Conserve Battery","Stack"],"picked":"Fusion","floor":12},{"not_picked":["Redo","Reprogram"],"picked":"Chill","floor":13},{"not_picked":["Steam","Beam Cell+1"],"picked":"Cold Snap+1","floor":14},{"not_picked":["All For One+1","Fission"],"picked":"Amplify","floor":16},{"not_picked":["Melter+1","Stack"],"picked":"Leap","floor":18},{"not_picked":["Self Repair","Compile Driver+1"],"picked":"Rip and Tear+1","floor":19},{"not_picked":["Rip and Tear+1","Skim"],"picked":"Ball Lightning+1","floor":20}],"player_experience":37214,"relics_obtained":[{"floor":6,"key":"Orichalcum"},{"floor":9,"key":"Molten Egg 2"},{"floor":10,"key":"Ancient Tea Set"},{"floor":12,"key":"Ornamental Fan"}],"event_choices":[{"event_name":"World of Goop","player_choice":"Gather Gold","floor":5,"damage_taken":0},{"event_name":"Colosseum","player_choice":"Fight","floor":21,"damage_taken":0},{"event_name":"Colosseum","player_choice":"Fought Nobs","floor":21,"damage_taken":0}],"is_beta":false,"boss_relics":[{"not_picked":["Philosopher\u0027s Stone","Velvet Choker"],"picked":"Black Star"}],"items_purged_floors":[],"is_endless":false,"potions_floor_spawned":[2,4,8,10,12,13,21],"killed_by":"Colosseum Nobs","ascension_level":0}