{"gold_per_floor":[118,130,130,145,52,52,82,94,94,94,110,110,124,141,141,246,246,259,2,2,14,24,59,59,94,94,118,159,171,260,304,316,431,443,472,16,238,338,356,356,371,371,371,400,412,412,428,222,222,222],"floor_reached":51,"playtime":4048,"items_purged":[],"score":909,"play_id":"8f774add-acde-4b91-9dc8-385cd3cde000","local_time":"20190723172517","is_ascension_mode":true,"campfire_choices":[{"data":"Perfected Strike","floor":6,"key":"SMITH"},{"data":"Perfected Strike","floor":10,"key":"SMITH"},{"data":"Iron Wave","floor":12,"key":"SMITH"},{"data":"Corruption","floor":15,"key":"SMITH"},{"floor":24,"key":"REST"},{"data":"Iron Wave","floor":29,"key":"SMITH"},{"data":"Pommel Strike","floor":32,"key":"SMITH"},{"data":"Apotheosis","floor":40,"key":"SMITH"},{"data":"Intimidate","floor":42,"key":"SMITH"},{"data":"Spot Weakness","floor":46,"key":"SMITH"},{"floor":49,"key":"REST"}],"neow_cost":"NONE","seed_source_timestamp":36299568344889,"circlet_count":0,"master_deck":["Strike_R","Strike_R","Strike_R","Strike_R+1","Strike_R","Defend_R","Defend_R","Defend_R","Bash+1","Pommel Strike+1","Perfected Strike+1","Clothesline","Iron Wave+1","Shrug It Off","Perfected Strike+1","Headbutt","Spot Weakness+1","Offering+1","Corruption+1","Pommel Strike","Immolate","Sentinel","Shrug It Off","Infernal Blade+1","Iron Wave+1","Wild Strike+1","Perfected Strike+1","Feel No Pain+1","Reaper","Twin Strike","Wild Strike","Apotheosis+1","Pommel Strike+1","Intimidate+1","Disarm+1","Shrug It Off+1","Twin Strike","Twin Strike+1"],"relics":["Burning Blood","Strawberry","Whetstone","Bronze Scales","Mark of Pain","Matryoshka","Enchiridion","Shuriken","Self Forming Clay","War Paint","MawBank","Meat on the Bone","Tiny Chest","PreservedInsect","Red Mask","Black Star","Question Card","Bottled Flame","Prayer Wheel","Boot","Oddly Smooth Stone"],"potions_floor_usage":[16,22,33,39,50,50],"damage_taken":[{"damage":0,"enemies":"Small Slimes","floor":1,"turns":3},{"damage":1,"enemies":"Cultist","floor":2,"turns":3},{"damage":4,"enemies":"Jaw Worm","floor":4,"turns":3},{"damage":3,"enemies":"Gremlin Nob","floor":7,"turns":3},{"damage":6,"enemies":"Looter","floor":8,"turns":2},{"damage":1,"enemies":"Large Slime","floor":11,"turns":4},{"damage":7,"enemies":"Lots of Slimes","floor":13,"turns":4},{"damage":9,"enemies":"Exordium Thugs","floor":14,"turns":3},{"damage":21,"enemies":"The Guardian","floor":16,"turns":6},{"damage":12,"enemies":"3 Byrds","floor":18,"turns":3},{"damage":5,"enemies":"Shell Parasite","floor":21,"turns":3},{"damage":6,"enemies":"Chosen and Byrds","floor":22,"turns":4},{"damage":17,"enemies":"Gremlin Leader","floor":23,"turns":4},{"damage":18,"enemies":"Slavers","floor":25,"turns":4},{"damage":0,"enemies":"Centurion and Healer","floor":27,"turns":5},{"damage":12,"enemies":"Book of Stabbing","floor":28,"turns":3},{"damage":0,"enemies":"Masked Bandits","floor":31,"turns":3},{"damage":61,"enemies":"Automaton","floor":33,"turns":7},{"damage":23,"enemies":"3 Darklings","floor":35,"turns":3},{"damage":0,"enemies":"Orb Walker","floor":39,"turns":3},{"damage":9,"enemies":"Spire Growth","floor":41,"turns":3},{"damage":48,"enemies":"Reptomancer","floor":44,"turns":6},{"damage":0,"enemies":"Maw","floor":45,"turns":5},{"damage":6,"enemies":"3 Darklings","floor":47,"turns":2},{"damage":75,"enemies":"Time Eater","floor":50,"turns":8}],"seed_played":"-138776008221261574","potions_obtained":[{"floor":1,"key":"Ancient Potion"},{"floor":4,"key":"FairyPotion"},{"floor":7,"key":"FearPotion"},{"floor":18,"key":"Weak Potion"},{"floor":27,"key":"EssenceOfSteel"},{"floor":28,"key":"GamblersBrew"},{"floor":33,"key":"Explosive Potion"},{"floor":35,"key":"Swift Potion"},{"floor":45,"key":"Block Potion"}],"is_trial":false,"path_per_floor":["M","M","?","M","$","R","E","M","T","R","M","R","M","M","R","B",null,"M","$","?","M","M","E","R","E","T","M","E","R","T","?","R","B",null,"M","$","?","?","M","R","M","R","T","E","M","R","M","$","R","B",null],"character_chosen":"IRONCLAD","items_purchased":["Shrug It Off","Perfected Strike","Matryoshka","Wild Strike","Question Card","Apotheosis","Oddly Smooth Stone","Weak Potion"],"campfire_rested":2,"item_purchase_floors":[5,5,19,36,36,36,48,48],"current_hp_per_floor":[87,87,87,87,87,87,87,87,87,87,87,87,86,83,83,68,82,76,76,60,61,61,50,76,64,64,70,64,64,64,70,70,27,72,70,70,70,70,76,76,83,83,83,57,63,63,63,63,87,30],"gold":222,"neow_bonus":"RANDOM_COMMON_RELIC","is_prod":false,"is_daily":false,"chose_seed":false,"campfire_upgraded":9,"win_rate":0,"timestamp":1563917117,"path_taken":["M","M","?","?","$","R","E","M","T","R","M","R","M","M","R","BOSS","M","$","?","M","M","E","R","E","T","M","E","R","?","?","R","BOSS","M","$","?","?","M","R","M","R","T","E","M","R","M","$","R","BOSS"],"build_version":"2019-07-17","purchased_purges":0,"victory":true,"max_hp_per_floor":[87,87,87,87,87,87,87,87,87,87,87,87,87,87,87,87,87,87,87,87,87,87,87,87,87,87,87,87,87,87,87,87,87,87,87,87,87,87,87,87,87,87,87,87,87,87,87,87,87,87],"card_choices":[{"not_picked":["Sever Soul","Clothesline"],"picked":"Pommel Strike","floor":1},{"not_picked":["Sword Boomerang","Bloodletting"],"picked":"Perfected Strike","floor":2},{"not_picked":["Bloodletting","Havoc"],"picked":"Iron Wave","floor":4},{"not_picked":["Clash","Sever Soul"],"picked":"Headbutt","floor":7},{"not_picked":["Cleave","Thunderclap"],"picked":"Spot Weakness","floor":8},{"not_picked":["Cleave","Spot Weakness"],"picked":"Offering","floor":11},{"not_picked":["Hemokinesis","Clash"],"picked":"Corruption","floor":13},{"not_picked":["True Grit","Armaments"],"picked":"Pommel Strike","floor":14},{"not_picked":["Bludgeon","Barricade"],"picked":"Immolate","floor":16},{"not_picked":["Combust+1","Anger","Entrench"],"picked":"SKIP","floor":18},{"not_picked":["Cleave+1","Rupture+1"],"picked":"Sentinel","floor":21},{"not_picked":["Rupture","Flex"],"picked":"Shrug It Off","floor":22},{"not_picked":["Barricade","Clothesline"],"picked":"Infernal Blade","floor":23},{"not_picked":["Warcry","Havoc"],"picked":"Iron Wave","floor":25},{"not_picked":["Shrug It Off","Limit Break"],"picked":"Wild Strike+1","floor":27},{"not_picked":["Sword Boomerang","Cleave"],"picked":"Perfected Strike+1","floor":28},{"not_picked":["Havoc","Rampage"],"picked":"Feel No Pain+1","floor":31},{"not_picked":["Demon Form","Immolate"],"picked":"Reaper","floor":33},{"not_picked":["Dropkick","Iron Wave+1"],"picked":"Twin Strike","floor":35},{"not_picked":["Shrug It Off+1","Twin Strike","Shockwave"],"picked":"Pommel Strike+1","floor":39},{"not_picked":["Clothesline","Dropkick","Thunderclap+1"],"picked":"Intimidate","floor":41},{"not_picked":["Anger","Clash","Shockwave+1"],"picked":"Disarm+1","floor":44},{"not_picked":["Sword Boomerang+1","Thunderclap","Feel No Pain+1"],"picked":"Shrug It Off+1","floor":45},{"not_picked":["Carnage","Cleave+1","Bludgeon","Body Slam+1"],"picked":"SKIP","floor":45},{"not_picked":["Clash+1","Wild Strike","Fiend Fire"],"picked":"Twin Strike","floor":47},{"not_picked":["Pommel Strike","Shrug It Off+1","Entrench"],"picked":"Twin Strike+1","floor":47}],"player_experience":295356,"relics_obtained":[{"floor":7,"key":"Whetstone"},{"floor":9,"key":"Bronze Scales"},{"floor":20,"key":"Enchiridion"},{"floor":23,"key":"Shuriken"},{"floor":25,"key":"Self Forming Clay"},{"floor":26,"key":"War Paint"},{"floor":26,"key":"MawBank"},{"floor":28,"key":"Meat on the Bone"},{"floor":30,"key":"Tiny Chest"},{"floor":30,"key":"PreservedInsect"},{"floor":31,"key":"Red Mask"},{"floor":43,"key":"Bottled Flame"},{"floor":44,"key":"Prayer Wheel"},{"floor":44,"key":"Boot"}],"event_choices":[{"damage_healed":0,"gold_gain":0,"cards_transformed":["Defend_R"],"player_choice":"Transformed","damage_taken":0,"max_hp_gain":0,"max_hp_loss":0,"event_name":"Transmorgrifier","floor":3,"gold_loss":0,"cards_obtained":["Clothesline"]},{"damage_healed":0,"gold_gain":0,"player_choice":"Obtained Book","damage_taken":16,"max_hp_gain":0,"max_hp_loss":0,"event_name":"Cursed Tome","floor":20,"gold_loss":0},{"damage_healed":0,"gold_gain":0,"player_choice":"Fought Bandits","damage_taken":0,"max_hp_gain":0,"max_hp_loss":0,"event_name":"Masked Bandits","floor":31,"gold_loss":0},{"damage_healed":0,"gold_gain":222,"player_choice":"Wore Mask","damage_taken":0,"max_hp_gain":0,"max_hp_loss":0,"event_name":"Tomb of Lord Red Mask","floor":37,"gold_loss":0},{"damage_healed":0,"gold_gain":100,"player_choice":"Pray","damage_taken":0,"max_hp_gain":0,"max_hp_loss":0,"event_name":"Golden Shrine","floor":38,"gold_loss":0}],"is_beta":false,"boss_relics":[{"not_picked":["White Beast Statue","Busted Crown"],"picked":"Mark of Pain"},{"not_picked":["Pandora\u0027s Box","Philosopher\u0027s Stone"],"picked":"Black Star"}],"items_purged_floors":[],"is_endless":false,"potions_floor_spawned":[1,4,7,18,27,28,33,35,45,47],"ascension_level":5}