{"gold_per_floor":[113,123,142,152,152,152,169,169,169,200,216,71,84,94,94,199,199,210,177,23,23,40,40,56,56,56,73,73,93,93,93],"floor_reached":31,"playtime":4949,"items_purged":[],"score":243,"play_id":"7c7b352e-93fa-448a-aaa1-c35bf8cea45d","local_time":"20190627033616","is_ascension_mode":false,"campfire_choices":[{"data":"Loop","floor":6,"key":"SMITH"},{"data":"Cold Snap","floor":8,"key":"SMITH"},{"data":"FTL","floor":15,"key":"SMITH"},{"data":"Blind","floor":23,"key":"SMITH"},{"floor":25,"key":"REST"},{"data":"Biased Cognition","floor":28,"key":"SMITH"},{"data":"Reinforced Body","floor":30,"key":"SMITH"}],"neow_cost":"NONE","seed_source_timestamp":1927164094247874,"circlet_count":0,"master_deck":["Strike_B","Strike_B","Defend_B","Defend_B","Defend_B","Zap","Dualcast","Blind+1","Barrage","Loop+1","Coolheaded+1","Redo","Cold Snap+1","Hologram+1","FTL+1","Biased Cognition+1","Blizzard","Rip and Tear","Genetic Algorithm","Barrage","Cold Snap+1","Reinforced Body+1"],"relics":["Cracked Core","Nunchaku","Bottled Lightning","War Paint","Sozu","Frozen Egg 2"],"potions_floor_usage":[16,16],"damage_taken":[{"damage":0,"enemies":"Cultist","floor":1,"turns":3},{"damage":0,"enemies":"2 Louse","floor":2,"turns":2},{"damage":2,"enemies":"Small Slimes","floor":3,"turns":3},{"damage":11,"enemies":"3 Louse","floor":4,"turns":3},{"damage":16,"enemies":"Lots of Slimes","floor":7,"turns":4},{"damage":5,"enemies":"Lagavulin","floor":10,"turns":9},{"damage":6,"enemies":"2 Fungi Beasts","floor":11,"turns":3},{"damage":2,"enemies":"Looter","floor":13,"turns":3},{"damage":2,"enemies":"Gremlin Gang","floor":14,"turns":4},{"damage":14,"enemies":"Slime Boss","floor":16,"turns":13},{"damage":18,"enemies":"3 Byrds","floor":18,"turns":6},{"damage":27,"enemies":"2 Thieves","floor":19,"turns":5},{"damage":19,"enemies":"Snake Plant","floor":22,"turns":4},{"damage":6,"enemies":"Shelled Parasite and Fungi","floor":24,"turns":6},{"damage":4,"enemies":"Snecko","floor":27,"turns":6},{"damage":10,"enemies":"Snake Plant","floor":29,"turns":4},{"damage":14,"enemies":"Gremlin Leader","floor":31,"turns":6}],"seed_played":"-9207673810581059349","potions_obtained":[{"floor":1,"key":"FearPotion"},{"floor":7,"key":"Swift Potion"},{"floor":16,"key":"SpeedPotion"}],"is_trial":false,"path_per_floor":["M","M","M","M","?","R","M","R","T","E","M","$","M","M","R","B",null,"M","M","$","?","M","R","M","R","T","M","R","M","R","E"],"character_chosen":"DEFECT","items_purchased":["War Paint","Blizzard","Rip and Tear"],"campfire_rested":1,"item_purchase_floors":[12,20,20],"current_hp_per_floor":[75,75,73,62,55,55,39,39,39,34,28,28,26,24,24,10,75,57,30,30,30,11,11,5,27,27,23,23,13,13,0],"gold":93,"neow_bonus":"RANDOM_COLORLESS","is_prod":false,"is_daily":false,"chose_seed":false,"campfire_upgraded":6,"win_rate":0.0,"timestamp":1561574176,"path_taken":["M","M","M","M","?","R","M","R","T","E","M","$","M","M","R","BOSS","M","M","$","?","M","R","M","R","T","M","R","M","R","E"],"build_version":"2019-01-23","purchased_purges":0,"victory":false,"max_hp_per_floor":[75,75,75,75,75,75,75,75,75,75,75,75,75,75,75,75,75,75,75,75,75,75,75,75,75,75,75,75,75,75,75],"card_choices":[{"not_picked":["Compile Driver","Force Field"],"picked":"Barrage","floor":1},{"not_picked":["Redo","Steam"],"picked":"Loop","floor":2},{"not_picked":["Conserve Battery","Sweeping Beam"],"picked":"Coolheaded","floor":3},{"not_picked":["Ball Lightning","Gash"],"picked":"Redo","floor":4},{"not_picked":["Creative AI","Streamline"],"picked":"Cold Snap","floor":7},{"not_picked":["Coolheaded","Force Field"],"picked":"Hologram","floor":10},{"not_picked":["Cold Snap","Go for the Eyes"],"picked":"FTL","floor":11},{"not_picked":["Aggregate","Beam Cell","Cold Snap"],"picked":"SKIP","floor":13},{"not_picked":["Doom and Gloom","Ball Lightning","Beam Cell"],"picked":"SKIP","floor":14},{"not_picked":["Electrodynamics","Multi-Cast"],"picked":"Biased Cognition","floor":16},{"not_picked":["Gash","Tempest","Heatsinks+1"],"picked":"SKIP","floor":18},{"not_picked":["Melter","Scrape","Darkness"],"picked":"SKIP","floor":19},{"not_picked":["Ball Lightning+1","Beam Cell"],"picked":"Cold Snap+1","floor":22},{"not_picked":["Barrage+1","Consume","Coolheaded"],"picked":"SKIP","floor":24},{"not_picked":["Hologram+1","Redo","Doom and Gloom+1"],"picked":"SKIP","floor":27},{"not_picked":["Barrage","Rip and Tear+1"],"picked":"Reinforced Body","floor":29}],"player_experience":66081,"relics_obtained":[{"floor":9,"key":"Nunchaku"},{"floor":10,"key":"Bottled Lightning"},{"floor":26,"key":"Frozen Egg 2"}],"event_choices":[{"cards_removed":["Strike_B"],"damage_healed":0,"gold_gain":0,"player_choice":"Card Removal","damage_taken":7,"max_hp_gain":0,"max_hp_loss":0,"event_name":"Golden Wing","floor":5,"gold_loss":0},{"damage_healed":0,"gold_gain":0,"cards_transformed":["Defend_B","Strike_B"],"player_choice":"Became Test Subject","damage_taken":0,"max_hp_gain":0,"max_hp_loss":0,"event_name":"Drug Dealer","floor":21,"gold_loss":0,"cards_obtained":["Genetic Algorithm","Barrage"]}],"is_beta":false,"boss_relics":[{"not_picked":["Eternal Feather","Empty Cage"],"picked":"Sozu"}],"items_purged_floors":[],"is_endless":false,"potions_floor_spawned":[1,7,16,18,29],"killed_by":"Gremlin Leader","ascension_level":0}