{"gold_per_floor":[114,289,299,299,299,315,331,345,345,345,365,365,365,397,397,501,501,484,503,516,516,516,516,536,736,736,747,55,155,155,167,167,264,264,276,295,34,45,45],"floor_reached":39,"playtime":6253,"items_purged":["Defend_B"],"score":460,"play_id":"02798dbd-90df-477c-9c6f-c3945d5e6cb8","local_time":"20190814102635","is_ascension_mode":false,"campfire_choices":[{"floor":10,"key":"REST"},{"floor":12,"key":"REST"},{"floor":15,"key":"REST"},{"floor":23,"key":"REST"},{"floor":30,"key":"REST"},{"floor":32,"key":"REST"}],"neow_cost":"TEN_PERCENT_HP_LOSS","seed_source_timestamp":470140943880116,"circlet_count":0,"master_deck":["Strike_B","Strike_B","Strike_B+1","Strike_B","Defend_B","Defend_B","Defend_B","Zap","Dualcast","Coolheaded+1","Darkness","Glacier+1","Compile Driver","Genetic Algorithm","Creative AI","Glacier","Amplify","Stack+1","Sunder","Leap","Double Energy","RitualDagger","Melter","Chaos+1","Enlightenment","Hologram","Capacitor+1","Redo+1","Buffer","Reinforced Body+1","Rebound+1","Cold Snap+1"],"relics":["Cracked Core","WingedGreaves","StoneCalendar","Question Card","Happy Flower","Fusion Hammer","Incense Burner","War Paint","Molten Egg 2","Thread and Needle","Bottled Tornado","Inserter","Frozen Egg 2"],"potions_floor_usage":[16,16,16,29,29,38,39,39,39],"damage_taken":[{"damage":0,"enemies":"2 Louse","floor":1,"turns":2},{"damage":3,"enemies":"Small Slimes","floor":3,"turns":4},{"damage":6,"enemies":"Jaw Worm","floor":6,"turns":4},{"damage":23,"enemies":"Gremlin Gang","floor":7,"turns":7},{"damage":5,"enemies":"Looter","floor":8,"turns":4},{"damage":3,"enemies":"Exordium Wildlife","floor":11,"turns":4},{"damage":5,"enemies":"Lagavulin","floor":14,"turns":7},{"damage":8,"enemies":"Slime Boss","floor":16,"turns":8},{"damage":23,"enemies":"2 Thieves","floor":18,"turns":4},{"damage":10,"enemies":"3 Byrds","floor":19,"turns":7},{"damage":8,"enemies":"Snake Plant","floor":20,"turns":7},{"damage":20,"enemies":"Centurion and Healer","floor":24,"turns":7},{"damage":5,"enemies":"Sentry and Sphere","floor":27,"turns":4},{"damage":5,"enemies":"Colosseum Slavers","floor":29,"turns":4},{"damage":10,"enemies":"Colosseum Nobs","floor":29,"turns":6},{"damage":6,"enemies":"Snecko","floor":31,"turns":5},{"damage":0,"enemies":"Champ","floor":33,"turns":10},{"damage":29,"enemies":"3 Darklings","floor":35,"turns":7},{"damage":24,"enemies":"3 Shapes","floor":36,"turns":4},{"damage":7,"enemies":"3 Darklings","floor":38,"turns":7},{"damage":16,"enemies":"Transient","floor":39,"turns":4}],"seed_played":"-6094929156930387893","potions_obtained":[{"floor":3,"key":"LiquidBronze"},{"floor":6,"key":"Fire Potion"},{"floor":14,"key":"SpeedPotion"},{"floor":24,"key":"Energy Potion"},{"floor":27,"key":"FearPotion"},{"floor":31,"key":"GamblersBrew"},{"floor":35,"key":"Block Potion"},{"floor":38,"key":"LiquidBronze"}],"is_trial":false,"path_per_floor":["M","?","M","?","T","M","M","M","T","R","M","R","?","E","R","B",null,"M","M","M","?","?","R","M","?","T","M","$","?","R","M","R","B",null,"M","M","$","M","M"],"character_chosen":"DEFECT","items_purchased":["Enlightenment","War Paint","Molten Egg 2","Hologram","Regen Potion","Frozen Egg 2"],"campfire_rested":6,"item_purchase_floors":[28,28,28,28,28,37],"current_hp_per_floor":[68,68,65,58,58,52,29,24,24,44,41,61,47,42,62,54,68,45,35,27,27,21,41,21,21,21,16,16,13,33,27,47,47,68,39,15,15,8,0],"gold":45,"neow_bonus":"ONE_RARE_RELIC","is_prod":false,"is_daily":false,"chose_seed":false,"campfire_upgraded":0,"win_rate":0,"timestamp":1565792795,"path_taken":["M","?","M","?","?","?","M","M","T","R","M","R","?","E","R","BOSS","M","M","M","?","?","R","M","?","T","?","$","?","R","M","R","BOSS","M","M","$","M","M"],"build_version":"2019-07-17","purchased_purges":1,"victory":false,"max_hp_per_floor":[68,68,68,68,68,68,68,68,68,68,68,68,68,68,68,68,68,68,68,68,68,68,68,68,68,68,68,68,68,68,68,68,68,68,68,68,68,68,68],"card_choices":[{"not_picked":["Hologram","Scrape"],"picked":"Coolheaded","floor":1},{"not_picked":["Ball Lightning","FTL"],"picked":"Darkness","floor":3},{"not_picked":["Barrage","Compile Driver"],"picked":"Glacier","floor":6},{"not_picked":["Streamline","Coolheaded"],"picked":"Compile Driver","floor":7},{"not_picked":["Hologram","FTL"],"picked":"Genetic Algorithm","floor":8},{"not_picked":["Reprogram","Coolheaded","Redo"],"picked":"Creative AI","floor":11},{"not_picked":["FTL","Hologram","Barrage"],"picked":"Glacier","floor":14},{"not_picked":["Electrodynamics","Fission","Core Surge"],"picked":"Amplify","floor":16},{"not_picked":["Barrage","Auto Shields","Coolheaded"],"picked":"Stack","floor":18},{"not_picked":["Rebound","Beam Cell","Stack"],"picked":"Sunder","floor":19},{"not_picked":["Go for the Eyes","Amplify","Steam Power"],"picked":"Leap","floor":20},{"not_picked":["Coolheaded","Barrage","Reprogram"],"picked":"Melter","floor":24},{"not_picked":["Leap+1","Coolheaded+1","Rip and Tear"],"picked":"Chaos+1","floor":27},{"not_picked":["Go for the Eyes+1","Auto Shields","Stack"],"picked":"Capacitor+1","floor":29},{"not_picked":["Conserve Battery","Scrape+1","Darkness"],"picked":"Redo+1","floor":31},{"not_picked":["Machine Learning","Amplify","Reboot"],"picked":"Buffer","floor":33},{"not_picked":["Sweeping Beam+1","Redo","Turbo+1"],"picked":"Reinforced Body+1","floor":35},{"not_picked":["Compile Driver+1","Glacier","Skim+1"],"picked":"Rebound+1","floor":36},{"not_picked":["Streamline+1","Ball Lightning+1","Sweeping Beam+1"],"picked":"Cold Snap+1","floor":38}],"player_experience":45481,"relics_obtained":[{"floor":5,"key":"StoneCalendar"},{"floor":9,"key":"Question Card"},{"floor":14,"key":"Happy Flower"},{"floor":26,"key":"Incense Burner"},{"floor":29,"key":"Thread and Needle"},{"floor":29,"key":"Bottled Tornado"}],"event_choices":[{"damage_healed":0,"gold_gain":175,"player_choice":"AGREE","damage_taken":0,"max_hp_gain":0,"max_hp_loss":0,"event_name":"Liars Game","floor":2,"gold_loss":0,"cards_obtained":["Doubt"]},{"cards_removed":["Doubt"],"damage_healed":0,"gold_gain":0,"player_choice":"Card Removal","damage_taken":7,"max_hp_gain":0,"max_hp_loss":0,"event_name":"Golden Wing","floor":4,"gold_loss":0},{"damage_healed":0,"gold_gain":0,"player_choice":"Entered Light","damage_taken":14,"max_hp_gain":0,"max_hp_loss":0,"event_name":"Shining Light","floor":13,"gold_loss":0,"cards_upgraded":["Coolheaded","Strike_B"]},{"damage_healed":0,"gold_gain":0,"player_choice":"Read","damage_taken":0,"max_hp_gain":0,"max_hp_loss":0,"event_name":"The Library","floor":21,"gold_loss":0,"cards_obtained":["Double Energy"]},{"damage_healed":0,"gold_gain":0,"player_choice":"Joined the Cult","damage_taken":6,"max_hp_gain":0,"max_hp_loss":0,"event_name":"Nest","floor":22,"gold_loss":0,"cards_obtained":["RitualDagger"]},{"damage_healed":0,"gold_gain":250,"player_choice":"Bet on Owner","damage_taken":0,"max_hp_gain":0,"max_hp_loss":0,"event_name":"The Joust","floor":25,"gold_loss":50},{"damage_healed":0,"gold_gain":0,"player_choice":"Fight","damage_taken":0,"max_hp_gain":0,"max_hp_loss":0,"event_name":"Colosseum","floor":29,"gold_loss":0},{"damage_healed":0,"gold_gain":0,"player_choice":"Fought Nobs","damage_taken":0,"max_hp_gain":0,"max_hp_loss":0,"event_name":"Colosseum","floor":29,"gold_loss":0}],"is_beta":false,"boss_relics":[{"not_picked":["Tiny House","Cursed Key"],"picked":"Fusion Hammer"},{"not_picked":["Orrery","Empty Cage"],"picked":"Inserter"}],"items_purged_floors":[28],"is_endless":false,"potions_floor_spawned":[3,6,14,24,27,31,35,38],"killed_by":"Transient","ascension_level":0}