{"gold_per_floor":[115,125,125,141,158,189,189,189,189,189,217,217,39,54,54,153,153,173,98,98,110,110,145,145,173,173,173,173,33,33,53,53,152,152,168,168,168,168,168,168,186,205,205,216,233,233,253,273,273,273],"floor_reached":51,"playtime":4339,"items_purged":["Strike_B","Defend_B"],"score":1081,"play_id":"2a679487-b968-4fa8-8bc9-c565335c6360","local_time":"20190731161915","is_ascension_mode":true,"campfire_choices":[{"data":"Zap","floor":7,"key":"SMITH"},{"data":"Hologram","floor":10,"key":"SMITH"},{"floor":12,"key":"REST"},{"floor":15,"key":"REST"},{"floor":24,"key":"REST"},{"data":"Dualcast","floor":28,"key":"SMITH"},{"data":"Reinforced Body","floor":32,"key":"SMITH"},{"data":"Buffer","floor":40,"key":"SMITH"},{"floor":46,"key":"REST"},{"floor":49,"key":"REST"}],"neow_cost":"NONE","seed_source_timestamp":2127617251259662,"circlet_count":0,"master_deck":["AscendersBane","Defend_B","Defend_B","Zap+1","Dualcast+1","Machine Learning","Hologram+1","Electrodynamics","Go for the Eyes+1","Chill","Beam Cell+1","Coolheaded","All For One+1","Loop+1","Cold Snap+1","Seek+1","Streamline+1","Capacitor+1","Reinforced Body+1","Buffer+1","Madness","Madness","Core Surge+1"],"relics":["Cracked Core","Molten Egg 2","Torii","Odd Mushroom","Astrolabe","Matryoshka","Mango","Centennial Puzzle","Orichalcum","Peace Pipe","Busted Crown","Ancient Tea Set","Boot"],"potions_floor_usage":[6,16,25,33,42,44,45,50],"damage_taken":[{"damage":9,"enemies":"2 Louse","floor":1,"turns":3},{"damage":6,"enemies":"Cultist","floor":2,"turns":4},{"damage":0,"enemies":"Small Slimes","floor":4,"turns":2},{"damage":3,"enemies":"3 Louse","floor":5,"turns":4},{"damage":27,"enemies":"Lagavulin","floor":6,"turns":7},{"damage":8,"enemies":"The Mushroom Lair","floor":11,"turns":3},{"damage":9,"enemies":"Red Slaver","floor":14,"turns":2},{"damage":3,"enemies":"The Guardian","floor":16,"turns":11},{"damage":10,"enemies":"Spheric Guardian","floor":18,"turns":4},{"damage":10,"enemies":"2 Thieves","floor":21,"turns":2},{"damage":34,"enemies":"Gremlin Leader","floor":23,"turns":5},{"damage":12,"enemies":"Book of Stabbing","floor":25,"turns":7},{"damage":1,"enemies":"Sentry and Sphere","floor":31,"turns":3},{"damage":8,"enemies":"Collector","floor":33,"turns":6},{"damage":6,"enemies":"3 Darklings","floor":35,"turns":4},{"damage":12,"enemies":"3 Shapes","floor":41,"turns":5},{"damage":25,"enemies":"3 Darklings","floor":42,"turns":4},{"damage":0,"enemies":"Maw","floor":44,"turns":7},{"damage":1,"enemies":"Sphere and 2 Shapes","floor":45,"turns":4},{"damage":24,"enemies":"4 Shapes","floor":47,"turns":5},{"damage":0,"enemies":"Maw","floor":48,"turns":6},{"damage":13,"enemies":"Awakened One","floor":50,"turns":10}],"seed_played":"-5233541021381842902","potions_obtained":[{"floor":4,"key":"Ancient Potion"},{"floor":5,"key":"SteroidPotion"},{"floor":11,"key":"FocusPotion"},{"floor":16,"key":"Energy Potion"},{"floor":25,"key":"Swift Potion"},{"floor":31,"key":"PowerPotion"},{"floor":41,"key":"SkillPotion"},{"floor":42,"key":"SkillPotion"},{"floor":44,"key":"FocusPotion"}],"is_trial":false,"path_per_floor":["M","M","?","M","M","E","R","?","T","R","?","R","$","M","R","B",null,"M","?","?","M","T","E","R","E","T","?","R","$","?","M","R","B",null,"M","?","?","?","?","R","M","M","T","M","M","R","M","M","R","B",null],"character_chosen":"DEFECT","items_purchased":["Chill","Beam Cell+1","Reinforced Body"],"campfire_rested":5,"item_purchase_floors":[13,13,29],"current_hp_per_floor":[59,53,53,53,50,23,23,23,23,23,15,37,37,28,50,47,68,58,58,58,48,48,28,54,42,42,71,71,71,71,70,70,62,82,76,76,65,65,65,65,53,28,28,28,27,53,29,29,55,42],"gold":273,"neow_bonus":"ONE_RANDOM_RARE_CARD","is_prod":false,"is_daily":false,"chose_seed":false,"campfire_upgraded":5,"win_rate":0,"timestamp":1564557555,"path_taken":["M","M","?","M","?","E","R","?","T","R","?","R","$","M","R","BOSS","M","?","?","?","?","E","R","E","T","?","R","$","?","?","R","BOSS","M","?","?","?","?","R","M","M","T","M","M","R","M","M","R","BOSS"],"build_version":"2019-07-17","purchased_purges":2,"victory":true,"max_hp_per_floor":[75,75,75,75,75,75,75,75,75,75,75,75,75,75,75,75,75,75,75,75,75,75,89,89,89,89,89,89,89,89,89,89,89,89,89,89,89,89,89,89,89,89,89,89,89,89,89,89,89,89],"card_choices":[{"not_picked":["Ball Lightning","Redo"],"picked":"Hologram","floor":1},{"not_picked":["Double Energy","Chaos"],"picked":"FTL","floor":2},{"not_picked":["Stack","Recycle","Sweeping Beam"],"picked":"SKIP","floor":4},{"not_picked":["Recycle","Rebound","Stack"],"picked":"SKIP","floor":5},{"not_picked":["Static Discharge","Beam Cell","Meteor Strike"],"picked":"SKIP","floor":6},{"not_picked":["Doom and Gloom+1","Compile Driver+1"],"picked":"Go for the Eyes+1","floor":11},{"not_picked":["Cold Snap+1","Streamline+1"],"picked":"Coolheaded","floor":14},{"not_picked":["Machine Learning","Biased Cognition"],"picked":"All For One+1","floor":16},{"not_picked":["Go for the Eyes+1","Sweeping Beam+1","Barrage+1"],"picked":"SKIP","floor":18},{"not_picked":["Beam Cell+1","Ball Lightning+1"],"picked":"Streamline+1","floor":21},{"not_picked":["Auto Shields","Rip and Tear+1","Reprogram"],"picked":"SKIP","floor":23},{"not_picked":["Go for the Eyes+1","BootSequence"],"picked":"Capacitor","floor":25},{"not_picked":["Storm","Double Energy","Recycle"],"picked":"SKIP","floor":31},{"not_picked":["Amplify","Hyperbeam+1"],"picked":"Buffer","floor":33},{"not_picked":["Coolheaded"],"picked":"SKIP","floor":35},{"not_picked":["Redo"],"picked":"SKIP","floor":41},{"not_picked":["Compile Driver+1"],"picked":"SKIP","floor":42},{"not_picked":["Stack+1"],"picked":"SKIP","floor":44},{"not_picked":["Go for the Eyes+1"],"picked":"SKIP","floor":45},{"not_picked":["Go for the Eyes+1"],"picked":"SKIP","floor":47},{"not_picked":[],"picked":"Core Surge+1","floor":48}],"player_experience":424955,"relics_obtained":[{"floor":6,"key":"Molten Egg 2"},{"floor":9,"key":"Torii"},{"floor":11,"key":"Odd Mushroom"},{"floor":22,"key":"Matryoshka"},{"floor":23,"key":"Mango"},{"floor":25,"key":"Centennial Puzzle"},{"floor":26,"key":"Orichalcum"},{"floor":26,"key":"Peace Pipe"},{"floor":43,"key":"Ancient Tea Set"},{"floor":43,"key":"Boot"}],"event_choices":[{"damage_healed":0,"gold_gain":0,"player_choice":"1 cards matched","damage_taken":0,"max_hp_gain":0,"max_hp_loss":0,"event_name":"Match and Keep!","floor":3,"gold_loss":0,"cards_obtained":["Electrodynamics"]},{"damage_healed":0,"gold_gain":0,"player_choice":"Ignored","damage_taken":0,"max_hp_gain":0,"max_hp_loss":0,"event_name":"Liars Game","floor":8,"gold_loss":0},{"damage_healed":0,"gold_gain":0,"player_choice":"Fought Mushrooms","damage_taken":0,"max_hp_gain":0,"max_hp_loss":0,"event_name":"Mushrooms","floor":11,"gold_loss":0},{"cards_removed":["Strike_B"],"damage_healed":0,"gold_gain":0,"player_choice":"Gave Gold","damage_taken":0,"max_hp_gain":0,"max_hp_loss":0,"event_name":"Beggar","floor":19,"gold_loss":75},{"damage_healed":0,"gold_gain":0,"player_choice":"Ignored","damage_taken":0,"max_hp_gain":0,"max_hp_loss":0,"event_name":"Transmorgrifier","floor":20,"gold_loss":0},{"damage_healed":29,"gold_gain":0,"player_choice":"Heal","damage_taken":0,"max_hp_gain":0,"max_hp_loss":0,"event_name":"The Library","floor":27,"gold_loss":0},{"damage_healed":0,"gold_gain":0,"player_choice":"Upgraded","damage_taken":0,"max_hp_gain":0,"max_hp_loss":0,"event_name":"Upgrade Shrine","floor":30,"gold_loss":0,"cards_upgraded":["Capacitor"]},{"damage_healed":0,"gold_gain":0,"player_choice":"Memory 1","damage_taken":0,"max_hp_gain":0,"max_hp_loss":0,"event_name":"SensoryStone","floor":36,"gold_loss":0},{"damage_healed":0,"gold_gain":0,"player_choice":"Embrace Madness","damage_taken":11,"max_hp_gain":0,"max_hp_loss":0,"event_name":"Winding Halls","floor":37,"gold_loss":0,"cards_obtained":["Madness","Madness"]},{"damage_healed":0,"gold_gain":0,"player_choice":"Ignored","damage_taken":0,"max_hp_gain":0,"max_hp_loss":0,"event_name":"Tomb of Lord Red Mask","floor":38,"gold_loss":0},{"cards_removed":["FTL"],"damage_healed":0,"gold_gain":0,"player_choice":"Removed Attack","damage_taken":0,"max_hp_gain":0,"max_hp_loss":0,"event_name":"Falling","floor":39,"gold_loss":0}],"is_beta":false,"boss_relics":[{"not_picked":["Orrery","Lizard Tail"],"picked":"Astrolabe"},{"not_picked":["Black Star","Empty Cage"],"picked":"Busted Crown"}],"items_purged_floors":[13,29],"is_endless":false,"potions_floor_spawned":[4,5,11,16,21,25,31,41,42,44],"ascension_level":12}