{"gold_per_floor":[111,123,48,48,48,74,74,109,109,109,129,143,143,158,158,258,308,324,129,54,73,73,73,73,98,98,98],"floor_reached":27,"playtime":1857,"items_purged":["Strike_G"],"score":384,"play_id":"3f606838-48c2-46c5-abe2-1711070cf206","local_time":"20190819013543","is_ascension_mode":true,"campfire_choices":[{"floor":7,"key":"REST"},{"data":"Dagger Spray","floor":10,"key":"SMITH"},{"data":"Dodge and Roll","floor":13,"key":"SMITH"},{"floor":15,"key":"REST"},{"data":"Burst","floor":23,"key":"SMITH"}],"neow_cost":"NONE","seed_source_timestamp":408133189455284,"circlet_count":0,"master_deck":["AscendersBane","Defend_G","Defend_G","Defend_G","Defend_G","Defend_G","Survivor","Neutralize+1","Quick Slash","Dagger Spray+1","PiercingWail","Slice+1","Dagger Throw","Dodge and Roll+1","Dagger Spray","Burst+1","PiercingWail","Flying Knee","Well Laid Plans","Concentrate+1","Bite","Bite","Bite","Bite","Bite","J.A.X.","Envenom"],"relics":["Ring of the Snake","Pantograph","Paper Crane","Incense Burner","Orichalcum","Pen Nib","Tiny House","Tiny Chest","Snake Skull","Bottled Lightning"],"potions_floor_usage":[16,25],"damage_taken":[{"damage":0,"enemies":"Cultist","floor":1,"turns":4},{"damage":1,"enemies":"Small Slimes","floor":2,"turns":4},{"damage":29,"enemies":"3 Sentries","floor":6,"turns":10},{"damage":25,"enemies":"Lagavulin","floor":8,"turns":10},{"damage":0,"enemies":"2 Louse","floor":11,"turns":3},{"damage":0,"enemies":"Looter","floor":12,"turns":3},{"damage":0,"enemies":"Blue Slaver","floor":14,"turns":4},{"damage":54,"enemies":"Slime Boss","floor":16,"turns":11},{"damage":0,"enemies":"3 Byrds","floor":18,"turns":5},{"damage":4,"enemies":"Shell Parasite","floor":21,"turns":7},{"damage":23,"enemies":"Slavers","floor":25,"turns":5},{"damage":58,"enemies":"Book of Stabbing","floor":27,"turns":5}],"seed_played":"-8154719387158099590","potions_obtained":[{"floor":2,"key":"SteroidPotion"},{"floor":6,"key":"Energy Potion"},{"floor":11,"key":"GamblersBrew"},{"floor":17,"key":"FairyPotion"}],"is_trial":false,"path_per_floor":["M","M","$","?","?","E","R","E","T","R","M","M","R","M","R","B",null,"M","$","?","M","?","R","?","E","T","E"],"character_chosen":"THE_SILENT","items_purchased":["Tiny Chest","Well Laid Plans"],"campfire_rested":2,"item_purchase_floors":[19,19],"current_hp_per_floor":[63,62,62,55,55,26,47,22,22,22,22,22,22,22,43,14,61,61,61,61,57,52,52,52,40,40,0],"gold":98,"neow_bonus":"UPGRADE_CARD","is_prod":false,"is_daily":false,"chose_seed":false,"campfire_upgraded":3,"win_rate":0,"timestamp":1566192943,"path_taken":["M","M","$","?","?","E","R","E","T","R","?","M","R","M","R","BOSS","M","$","?","M","?","R","?","E","T","E"],"build_version":"2019-07-17","purchased_purges":1,"victory":false,"max_hp_per_floor":[70,70,70,70,70,70,70,70,70,70,70,70,70,70,70,70,75,75,75,75,75,52,52,52,52,52,52],"card_choices":[{"not_picked":["Deadly Poison","Catalyst"],"picked":"Quick Slash","floor":1},{"not_picked":["Reflex","Concentrate"],"picked":"Dagger Spray","floor":2},{"not_picked":["Deadly Poison","Riddle With Holes"],"picked":"PiercingWail","floor":6},{"not_picked":["Outmaneuver","Tools of the Trade"],"picked":"Slice","floor":8},{"not_picked":["Concentrate","Expertise"],"picked":"Dagger Throw","floor":11},{"not_picked":["Slice","Bane"],"picked":"Dodge and Roll","floor":12},{"not_picked":["Heel Hook","Prepared"],"picked":"Dagger Spray","floor":14},{"not_picked":["A Thousand Cuts","Unload"],"picked":"Burst","floor":16},{"not_picked":["Dagger Spray","Predator"],"picked":"PiercingWail","floor":17},{"not_picked":["Leg Sweep","Expertise"],"picked":"Flying Knee","floor":18},{"not_picked":["Escape Plan","Dodge and Roll"],"picked":"Concentrate+1","floor":21},{"not_picked":["Backflip","Bullet Time"],"picked":"Envenom","floor":25}],"player_experience":437173,"relics_obtained":[{"floor":6,"key":"Incense Burner"},{"floor":8,"key":"Orichalcum"},{"floor":9,"key":"Pen Nib"},{"floor":25,"key":"Snake Skull"},{"floor":26,"key":"Bottled Lightning"}],"event_choices":[{"damage_healed":0,"gold_gain":0,"player_choice":"Success","damage_taken":7,"relics_obtained":["Pantograph"],"max_hp_gain":0,"max_hp_loss":0,"event_name":"Scrap Ooze","floor":4,"gold_loss":0},{"damage_healed":0,"gold_gain":0,"player_choice":"Gave Potion","damage_taken":0,"relics_obtained":["Paper Crane"],"max_hp_gain":0,"max_hp_loss":0,"event_name":"WeMeetAgain","floor":5,"gold_loss":0},{"cards_removed":["Strike_G"],"damage_healed":0,"gold_gain":0,"player_choice":"Gave Gold","damage_taken":0,"max_hp_gain":0,"max_hp_loss":0,"event_name":"Beggar","floor":20,"gold_loss":75},{"damage_healed":0,"gold_gain":0,"player_choice":"Became a vampire","damage_taken":0,"max_hp_gain":0,"max_hp_loss":23,"event_name":"Vampires","floor":22,"gold_loss":0,"cards_obtained":["Bite","Bite","Bite","Bite","Bite"]},{"damage_healed":0,"gold_gain":0,"player_choice":"Obtain J.A.X.","damage_taken":0,"max_hp_gain":0,"max_hp_loss":0,"event_name":"Drug Dealer","floor":24,"gold_loss":0,"cards_obtained":["J.A.X."]}],"is_beta":false,"boss_relics":[{"not_picked":["Ring of the Serpent","White Beast Statue"],"picked":"Tiny House"}],"items_purged_floors":[3],"is_endless":false,"potions_floor_spawned":[2,6,11],"killed_by":"Book of Stabbing","ascension_level":10}