{"gold_per_floor":[119,119,119,138,158,158,184,204,204,379,408,388,388,388,388,492,492,509,523,523],"floor_reached":20,"playtime":1286,"items_purged":[],"score":184,"play_id":"93fad86a-3730-4034-97a6-3767fb6b3bf3","local_time":"20190828130705","is_ascension_mode":false,"campfire_choices":[{"floor":6,"key":"REST"},{"floor":13,"key":"REST"},{"floor":15,"key":"REST"}],"neow_cost":"PERCENT_DAMAGE","seed_source_timestamp":55239362197993,"circlet_count":0,"master_deck":["Strike_B+1","Strike_B","Strike_B","Strike_B","Defend_B","Defend_B","Defend_B","Defend_B","Zap+1","Dualcast","Steam","Chaos","Zap","Cold Snap","Rebound","FTL","Defragment","Doubt","Machine Learning","Creative AI","Redo","Consume"],"relics":["Cracked Core","Calipers","Pen Nib","Darkstone Periapt","Philosopher\u0027s Stone"],"potions_floor_usage":[11,11,14,16],"damage_taken":[{"damage":1,"enemies":"2 Louse","floor":1,"turns":3},{"damage":0,"enemies":"Cultist","floor":4,"turns":3},{"damage":0,"enemies":"Small Slimes","floor":5,"turns":3},{"damage":18,"enemies":"3 Sentries","floor":7,"turns":9},{"damage":24,"enemies":"Gremlin Gang","floor":8,"turns":4},{"damage":9,"enemies":"Lagavulin","floor":11,"turns":6},{"damage":0,"enemies":"Exordium Thugs","floor":14,"turns":1},{"damage":41,"enemies":"Slime Boss","floor":16,"turns":9},{"damage":29,"enemies":"Shell Parasite","floor":18,"turns":6},{"damage":39,"enemies":"2 Thieves","floor":19,"turns":4},{"damage":13,"enemies":"Sentry and Sphere","floor":20,"turns":2}],"seed_played":"-230400370021984499","potions_obtained":[{"floor":4,"key":"PowerPotion"},{"floor":7,"key":"FocusPotion"},{"floor":8,"key":"EssenceOfSteel"},{"floor":12,"key":"SmokeBomb"},{"floor":16,"key":"Energy Potion"},{"floor":19,"key":"FocusPotion"}],"is_trial":false,"path_per_floor":["M","?","?","M","M","R","E","M","T","?","E","?","R","M","R","B",null,"M","M","M"],"character_chosen":"DEFECT","items_purchased":[],"campfire_rested":3,"item_purchase_floors":[],"current_hp_per_floor":[53,38,38,38,38,60,42,18,18,18,9,9,31,31,53,12,75,46,7,0],"gold":523,"neow_bonus":"ONE_RARE_RELIC","is_prod":false,"is_daily":false,"chose_seed":false,"campfire_upgraded":0,"win_rate":0,"timestamp":1567012025,"path_taken":["M","?","?","M","M","R","E","?","T","?","E","?","R","M","R","BOSS","M","M","M"],"build_version":"2019-07-17","purchased_purges":0,"victory":false,"max_hp_per_floor":[75,75,75,75,75,75,75,75,75,75,75,75,75,75,75,75,75,75,75,75],"card_choices":[{"not_picked":["Scrape","Compile Driver"],"picked":"Steam","floor":1},{"not_picked":["Scrape","Compile Driver"],"picked":"Cold Snap","floor":4},{"not_picked":["Compile Driver","Sweeping Beam"],"picked":"Rebound","floor":5},{"not_picked":["Consume","Skim"],"picked":"FTL","floor":7},{"not_picked":["Chaos","Beam Cell"],"picked":"Defragment","floor":8},{"not_picked":["Skim","Beam Cell"],"picked":"Machine Learning","floor":11},{"not_picked":["All For One","Amplify"],"picked":"Creative AI","floor":16},{"not_picked":["Turbo","Compile Driver"],"picked":"Redo","floor":18},{"not_picked":["Redo","Turbo"],"picked":"Consume","floor":19}],"player_experience":131719,"relics_obtained":[{"floor":7,"key":"Pen Nib"},{"floor":11,"key":"Darkstone Periapt"}],"event_choices":[{"damage_healed":0,"gold_gain":0,"player_choice":"Entered Light","damage_taken":15,"max_hp_gain":0,"max_hp_loss":0,"event_name":"Shining Light","floor":2,"gold_loss":0,"cards_upgraded":["Strike_B","Zap"]},{"damage_healed":0,"gold_gain":0,"player_choice":"2 cards matched","damage_taken":0,"max_hp_gain":0,"max_hp_loss":0,"event_name":"Match and Keep!","floor":3,"gold_loss":0,"cards_obtained":["Chaos","Zap"]},{"damage_healed":0,"gold_gain":175,"player_choice":"AGREE","damage_taken":0,"max_hp_gain":0,"max_hp_loss":0,"event_name":"Liars Game","floor":10,"gold_loss":0,"cards_obtained":["Doubt"]},{"damage_healed":0,"gold_gain":0,"player_choice":"Bought 1 Potion","damage_taken":0,"max_hp_gain":0,"max_hp_loss":0,"event_name":"The Woman in Blue","floor":12,"gold_loss":0}],"is_beta":false,"boss_relics":[{"not_picked":["White Beast Statue","Ectoplasm"],"picked":"Philosopher\u0027s Stone"}],"items_purged_floors":[],"is_endless":false,"potions_floor_spawned":[4,7,8,16,19],"killed_by":"Sentry and Sphere","ascension_level":0}