{"gold_per_floor":[214,214,16,16,33,63,63,82,82,99,99,99,111,127,127,222,222,241,141,157,157,177,177,177,177,177,197,107,107,122,122,122,225,225,245,245,263,24,41,41],"floor_reached":40,"playtime":2376,"items_purged":["Strike_R","Strike_R","Strike_R"],"score":388,"play_id":"941319f2-564e-441c-8f1b-cb062b3735bb","local_time":"20190821120616","is_ascension_mode":false,"campfire_choices":[{"data":"Searing Blow","floor":7,"key":"SMITH"},{"data":"Searing Blow+1","floor":12,"key":"SMITH"},{"data":"Searing Blow+2","floor":15,"key":"SMITH"},{"data":"Searing Blow+3","floor":23,"key":"SMITH"},{"data":"Searing Blow+4","floor":25,"key":"SMITH"},{"data":"Searing Blow+5","floor":29,"key":"SMITH"},{"floor":32,"key":"REST"}],"neow_cost":"NONE","seed_source_timestamp":14175017930462,"circlet_count":0,"master_deck":["Defend_R","Defend_R","Defend_R","Defend_R","Bash","Spot Weakness","Searing Blow+6","Havoc","Iron Wave","True Grit","Ghostly Armor","Demon Form","Metallicize","Seeing Red","Disarm","Corruption","Feel No Pain+1","Barricade","Shrug It Off+1","Apotheosis"],"relics":["Burning Blood","Tiny Chest","Self Forming Clay","Omamori","Magic Flower","Cursed Key","The Courier","Calipers","Dodecahedron","Runic Cube"],"potions_floor_usage":[6,16,33,33,33,40],"damage_taken":[{"damage":6,"enemies":"Jaw Worm","floor":1,"turns":5},{"damage":1,"enemies":"Cultist","floor":5,"turns":3},{"damage":41,"enemies":"3 Sentries","floor":6,"turns":10},{"damage":0,"enemies":"2 Louse","floor":8,"turns":3},{"damage":7,"enemies":"Blue Slaver","floor":10,"turns":3},{"damage":8,"enemies":"Lots of Slimes","floor":13,"turns":6},{"damage":0,"enemies":"Large Slime","floor":14,"turns":5},{"damage":23,"enemies":"The Guardian","floor":16,"turns":11},{"damage":15,"enemies":"Shell Parasite","floor":18,"turns":5},{"damage":5,"enemies":"2 Thieves","floor":20,"turns":3},{"damage":36,"enemies":"Snake Plant","floor":22,"turns":6},{"damage":13,"enemies":"Sentry and Sphere","floor":27,"turns":6},{"damage":0,"enemies":"Snecko","floor":30,"turns":5},{"damage":63,"enemies":"Collector","floor":33,"turns":7},{"damage":11,"enemies":"3 Darklings","floor":35,"turns":9},{"damage":28,"enemies":"3 Shapes","floor":37,"turns":5},{"damage":25,"enemies":"Transient","floor":39,"turns":5},{"damage":50,"enemies":"Reptomancer","floor":40,"turns":6}],"seed_played":"7803981541188647574","potions_obtained":[{"floor":1,"key":"Dexterity Potion"},{"floor":13,"key":"FearPotion"},{"floor":16,"key":"Strength Potion"},{"floor":20,"key":"SteroidPotion"},{"floor":22,"key":"Block Potion"},{"floor":30,"key":"LiquidBronze"},{"floor":39,"key":"LiquidBronze"}],"is_trial":false,"path_per_floor":["M","?","$","T","M","E","R","M","T","M","?","R","M","M","R","B",null,"M","$","M","?","M","R","?","R","T","M","$","R","M","T","R","B",null,"M","?","M","$","M","E"],"character_chosen":"IRONCLAD","items_purchased":["Tiny Chest","Disarm","Corruption","Apotheosis"],"campfire_rested":1,"item_purchase_floors":[3,28,28,38],"current_hp_per_floor":[80,80,80,80,80,45,45,51,51,53,46,46,47,56,56,42,80,74,74,78,78,51,51,51,51,51,47,47,47,56,56,80,26,80,78,78,59,59,43,0],"gold":41,"neow_bonus":"HUNDRED_GOLD","is_prod":false,"is_daily":false,"chose_seed":false,"campfire_upgraded":6,"win_rate":0,"timestamp":1566360376,"path_taken":["M","?","?","?","M","E","R","?","T","M","?","R","M","M","R","BOSS","M","$","M","?","?","R","?","R","T","M","$","R","M","?","R","BOSS","M","?","M","$","M","E"],"build_version":"2019-07-17","purchased_purges":3,"victory":false,"max_hp_per_floor":[80,80,80,80,80,80,80,80,80,80,80,80,80,80,80,80,80,80,80,80,80,80,80,80,80,80,80,80,80,80,80,80,80,80,80,80,80,80,80,80],"card_choices":[{"not_picked":["True Grit","Havoc"],"picked":"Spot Weakness","floor":1},{"not_picked":["Body Slam","Sentinel"],"picked":"Havoc","floor":5},{"not_picked":["Uppercut","Havoc","Perfected Strike"],"picked":"SKIP","floor":6},{"not_picked":["Wild Strike","Blood for Blood"],"picked":"Iron Wave","floor":8},{"not_picked":["Sword Boomerang","Thunderclap"],"picked":"True Grit","floor":10},{"not_picked":["Anger","Intimidate"],"picked":"Ghostly Armor","floor":13},{"not_picked":["Sever Soul","Sentinel","Rage"],"picked":"SKIP","floor":14},{"not_picked":["Juggernaut","Brutality"],"picked":"Demon Form","floor":16},{"not_picked":["Warcry","Anger","Havoc"],"picked":"SKIP","floor":18},{"not_picked":["Feel No Pain","Dual Wield"],"picked":"Metallicize","floor":20},{"not_picked":["Anger","True Grit","Perfected Strike+1"],"picked":"SKIP","floor":22},{"not_picked":["Perfected Strike","Cleave"],"picked":"Seeing Red","floor":27},{"not_picked":["Anger+1","Perfected Strike"],"picked":"Feel No Pain+1","floor":30},{"not_picked":["Juggernaut","Double Tap"],"picked":"Barricade","floor":33},{"not_picked":["Headbutt","Havoc"],"picked":"Shrug It Off+1","floor":35},{"not_picked":["Feel No Pain","Warcry+1","True Grit"],"picked":"SKIP","floor":37},{"not_picked":["Pommel Strike+1","Metallicize","Juggernaut"],"picked":"SKIP","floor":39}],"player_experience":225275,"relics_obtained":[{"floor":4,"key":"Self Forming Clay"},{"floor":6,"key":"Omamori"},{"floor":9,"key":"Magic Flower"},{"floor":26,"key":"Calipers"},{"floor":31,"key":"Dodecahedron"}],"event_choices":[{"damage_healed":0,"gold_gain":0,"cards_transformed":["Strike_R"],"player_choice":"Transformed","damage_taken":0,"max_hp_gain":0,"max_hp_loss":0,"event_name":"Transmorgrifier","floor":2,"gold_loss":0,"cards_obtained":["Searing Blow"]},{"cards_removed":["Strike_R"],"damage_healed":0,"gold_gain":0,"player_choice":"Card Removal","damage_taken":7,"max_hp_gain":0,"max_hp_loss":0,"event_name":"Golden Wing","floor":11,"gold_loss":0},{"damage_healed":0,"gold_gain":0,"player_choice":"Ignored","damage_taken":0,"max_hp_gain":0,"max_hp_loss":0,"event_name":"N\u0027loth","floor":21,"gold_loss":0},{"damage_healed":0,"gold_gain":0,"player_choice":"Opened","damage_taken":0,"relics_obtained":["The Courier"],"max_hp_gain":0,"max_hp_loss":0,"event_name":"The Mausoleum","floor":24,"gold_loss":0},{"damage_healed":0,"gold_gain":0,"player_choice":"Ignored","damage_taken":0,"max_hp_gain":0,"max_hp_loss":0,"event_name":"Mysterious Sphere","floor":36,"gold_loss":0}],"is_beta":false,"boss_relics":[{"not_picked":["Sozu","Velvet Choker"],"picked":"Cursed Key"},{"not_picked":["Empty Cage","Snecko Eye"],"picked":"Runic Cube"}],"items_purged_floors":[3,19,38],"is_endless":false,"potions_floor_spawned":[1,13,16,20,22,30,39],"killed_by":"Reptomancer","ascension_level":0}