{"gold_per_floor":[18,30,30,30,46,46,61,72,72,91,110,130,2,2,2,101,101,113,212,212,64,84,84,84,94,120,35,35,51,80,97,97,196,196,213,230,53,64,64,64,79,95,95,95,114,114,114,132,132,132],"floor_reached":51,"playtime":2457,"items_purged":["Strike_R","Combust","Evolve"],"score":868,"play_id":"6c049d14-ad7c-44cb-9bcb-06c3742eeaf8","local_time":"20181005104540","is_ascension_mode":true,"campfire_choices":[{"data":"True Grit","floor":6,"key":"SMITH"},{"data":"Uppercut","floor":15,"key":"SMITH"},{"data":"Limit Break","floor":23,"key":"SMITH"},{"floor":28,"key":"REST"},{"floor":32,"key":"REST"},{"floor":40,"key":"REST"},{"floor":44,"key":"REST"},{"floor":49,"key":"REST"}],"neow_cost":"NO_GOLD","seed_source_timestamp":657288812859758,"circlet_count":0,"master_deck":["Bash","Pommel Strike","Inflame","True Grit+1","Uppercut+1","Pommel Strike","Metallicize","Uppercut","Shrug It Off","Limit Break+1","Shrug It Off","Sword Boomerang","Seeing Red","Pummel","Heavy Blade+1","Necronomicurse","Shrug It Off","Armaments+1","Pummel+1","Limit Break","Headbutt+1","Shrug It Off","Magnetism+1","Seeing Red+1","Reaper"],"relics":["Burning Blood","Shuriken","Mercury Hourglass","Pandora\u0027s Box","Necronomicon","MutagenicStrength","Bronze Scales","Mango","Frozen Egg 2","Fusion Hammer","Bag of Preparation","Sundial"],"potions_floor_usage":[25,30,33,33,50,50],"damage_taken":[{"damage":23,"enemies":"Cultist","floor":1,"turns":6},{"damage":2,"enemies":"2 Louse","floor":2,"turns":3},{"damage":0,"enemies":"Small Slimes","floor":5,"turns":3},{"damage":11,"enemies":"2 Fungi Beasts","floor":7,"turns":5},{"damage":8,"enemies":"Exordium Wildlife","floor":8,"turns":4},{"damage":5,"enemies":"Red Slaver","floor":10,"turns":4},{"damage":11,"enemies":"3 Louse","floor":11,"turns":2},{"damage":0,"enemies":"Large Slime","floor":12,"turns":4},{"damage":55,"enemies":"Hexaghost","floor":16,"turns":10},{"damage":15,"enemies":"Shell Parasite","floor":18,"turns":6},{"damage":0,"enemies":"Spheric Guardian","floor":22,"turns":2},{"damage":20,"enemies":"Centurion and Healer","floor":25,"turns":4},{"damage":21,"enemies":"Cultist and Chosen","floor":29,"turns":3},{"damage":19,"enemies":"Book of Stabbing","floor":30,"turns":3},{"damage":13,"enemies":"Snake Plant","floor":31,"turns":3},{"damage":48,"enemies":"Automaton","floor":33,"turns":7},{"damage":0,"enemies":"Orb Walker","floor":35,"turns":2},{"damage":31,"enemies":"3 Darklings","floor":36,"turns":2},{"damage":5,"enemies":"Transient","floor":38,"turns":5},{"damage":3,"enemies":"Maw","floor":41,"turns":4},{"damage":22,"enemies":"Sphere and 2 Shapes","floor":42,"turns":2},{"damage":15,"enemies":"3 Darklings","floor":45,"turns":4},{"damage":0,"enemies":"Reptomancer","floor":48,"turns":2},{"damage":83,"enemies":"Awakened One","floor":50,"turns":8}],"seed_played":"-5794136846979469659","potions_obtained":[{"floor":7,"key":"AttackPotion"},{"floor":8,"key":"PowerPotion"},{"floor":10,"key":"Weak Potion"},{"floor":12,"key":"Dexterity Potion"},{"floor":25,"key":"PowerPotion"},{"floor":30,"key":"SkillPotion"},{"floor":38,"key":"Block Potion"},{"floor":41,"key":"Fire Potion"}],"is_trial":false,"path_per_floor":["M","M","?","T","M","R","M","M","T","M","M","M","$","?","R","B",null,"M","?","?","$","M","R","?","M","T","?","R","M","E","M","R","B",null,"M","M","$","M","?","R","M","M","T","R","M","?","T","M","R","B"],"character_chosen":"IRONCLAD","items_purchased":["Shrug It Off","Shrug It Off","Shrug It Off"],"campfire_rested":5,"item_purchase_floors":[13,21,37],"current_hp_per_floor":[63,67,67,67,73,73,68,66,66,67,62,68,68,68,68,19,80,71,71,55,55,61,61,61,47,47,61,89,74,61,54,82,40,94,94,69,69,70,70,94,94,78,78,94,85,85,85,91,94,40],"gold":132,"neow_bonus":"REMOVE_TWO","is_prod":false,"is_daily":false,"chose_seed":false,"campfire_upgraded":3,"win_rate":0,"timestamp":1538754340,"path_taken":["M","?","?","?","M","R","M","M","T","?","M","?","$","?","R","BOSS","M","?","?","?","M","R","?","?","T","?","R","M","E","?","R","BOSS","M","?","$","M","?","R","M","M","T","R","?","?","?","M","R","BOSS"],"build_version":"2018-10-04","purchased_purges":3,"victory":true,"max_hp_per_floor":[80,80,80,80,80,80,80,80,80,80,80,80,80,80,80,80,80,80,80,80,80,80,80,80,80,80,94,94,94,94,94,94,94,94,94,94,94,94,94,94,94,94,94,94,94,94,94,94,94,94],"card_choices":[{"not_picked":["Sword Boomerang","Body Slam"],"picked":"Pommel Strike","floor":1},{"not_picked":["Clothesline","Heavy Blade"],"picked":"Inflame","floor":2},{"not_picked":["Heavy Blade","Pommel Strike"],"picked":"True Grit","floor":5},{"not_picked":["Thunderclap","Warcry"],"picked":"Uppercut","floor":7},{"not_picked":["Warcry","Headbutt","Sword Boomerang"],"picked":"SKIP","floor":8},{"not_picked":["Berserk","Second Wind"],"picked":"Pommel Strike","floor":10},{"not_picked":["Sword Boomerang","Clothesline"],"picked":"Metallicize","floor":11},{"not_picked":["Carnage","Dual Wield"],"picked":"Uppercut","floor":12},{"not_picked":["Immolate","Exhume"],"picked":"Limit Break","floor":16},{"not_picked":["Twin Strike","Clash+1"],"picked":"Heavy Blade+1","floor":18},{"not_picked":["Feel No Pain","Clash","Wild Strike"],"picked":"SKIP","floor":22},{"not_picked":["Wild Strike","Hemokinesis"],"picked":"Armaments+1","floor":25},{"not_picked":["Pommel Strike","Warcry","Fiend Fire"],"picked":"SKIP","floor":29},{"not_picked":["Pommel Strike","Sentinel","Sword Boomerang"],"picked":"SKIP","floor":30},{"not_picked":["Flex","Wild Strike"],"picked":"Pummel+1","floor":31},{"not_picked":["Impervious","Immolate"],"picked":"Limit Break","floor":33},{"not_picked":["Headbutt","Havoc","Rage+1"],"picked":"SKIP","floor":35},{"not_picked":["Twin Strike+1","Wild Strike"],"picked":"Headbutt+1","floor":36},{"not_picked":["Body Slam+1","Rage+1","Sword Boomerang"],"picked":"SKIP","floor":38},{"not_picked":["Impatience","Blind"],"picked":"Magnetism+1","floor":39},{"not_picked":["Pommel Strike+1","Twin Strike+1"],"picked":"Seeing Red+1","floor":41},{"not_picked":["Anger","Hemokinesis+1","Sentinel"],"picked":"SKIP","floor":42},{"not_picked":["Havoc+1","Armaments+1"],"picked":"Reaper","floor":45},{"not_picked":["Wild Strike+1","Second Wind+1","Dual Wield+1"],"picked":"SKIP","floor":48}],"player_experience":192287,"relics_obtained":[{"floor":4,"key":"Shuriken"},{"floor":9,"key":"Mercury Hourglass"},{"floor":20,"key":"Necronomicon"},{"floor":26,"key":"Bronze Scales"},{"floor":30,"key":"Frozen Egg 2"},{"floor":43,"key":"Bag of Preparation"},{"floor":47,"key":"Sundial"}],"event_choices":[{"event_name":"Liars Game","player_choice":"disagreed","floor":3,"damage_taken":0},{"event_name":"The Cleric","player_choice":"Leave","floor":14,"damage_taken":0},{"event_name":"Nest","player_choice":"Stole From Cult","floor":19,"damage_taken":0},{"event_name":"Cursed Tome","player_choice":"Obtained Book","floor":20,"damage_taken":0},{"event_name":"Drug Dealer","player_choice":"Inject Mutagens","floor":24,"damage_taken":0},{"event_name":"Addict","player_choice":"Obtained Relic","floor":27,"damage_taken":0},{"event_name":"SensoryStone","player_choice":"Memory 1","floor":39,"damage_taken":0},{"event_name":"Mysterious Sphere","player_choice":"Ignore","floor":46,"damage_taken":0}],"is_beta":false,"boss_relics":[{"not_picked":["Lizard Tail","Orrery"],"picked":"Pandora\u0027s Box"},{"not_picked":["Sozu","Astrolabe"],"picked":"Fusion Hammer"}],"items_purged_floors":[13,21,37],"is_endless":false,"potions_floor_spawned":[7,8,10,12,18,25,30,38,41,45],"ascension_level":4}