{"gold_per_floor":[118,128,128,148,248,248,283,27,27,43,43,78,78,94,94,194,194,213,228,228,153,153,153,184,184,184,213,29,29,29,45,45,146,146,157,2,48,67,78,78,78,78,105,105,105,133,133,149,149,149],"floor_reached":51,"playtime":5210,"items_purged":[],"score":927,"play_id":"9afce810-dfff-4880-8bcb-ba8987857f07","local_time":"20190724173252","is_ascension_mode":true,"campfire_choices":[{"data":"Zap","floor":6,"key":"SMITH"},{"data":"Dualcast","floor":13,"key":"SMITH"},{"data":"FTL","floor":15,"key":"SMITH"},{"data":"White Noise","floor":23,"key":"SMITH"},{"data":"Self Repair","floor":25,"key":"SMITH"},{"data":"Echo Form","floor":30,"key":"SMITH"},{"data":"Defragment","floor":32,"key":"SMITH"},{"data":"Recycle","floor":40,"key":"SMITH"},{"data":"Chill","floor":42,"key":"SMITH"},{"floor":44,"key":"REST"},{"data":"Madness","floor":49,"key":"SMITH"}],"neow_cost":"NONE","seed_source_timestamp":82699179145150,"circlet_count":0,"master_deck":["Strike_B","Strike_B","Strike_B","Defend_B","Defend_B","Defend_B","Defend_B","Zap+1","Dualcast+1","Chill+1","Self Repair+1","Sweeping Beam","Lockon","Compile Driver","White Noise+1","FTL+1","Echo Form+1","Beam Cell+1","Barrage+1","Cold Snap","Fusion+1","Stack+1","Bandage Up","Necronomicurse","Defragment+1","Hyperbeam+1","Recycle+1","Sunder+1","Go for the Eyes+1","Consume+1","BootSequence","Meteor Strike+1","FTL+1","Loop+1","Madness+1","Madness","Steam+1","Flash of Steel+1","Ball Lightning+1","Decay","Double Energy+1"],"relics":["FrozenCore","Mango","DataDisk","Kunai","The Courier","Cables","Pantograph","MutagenicStrength","Molten Egg 2","Dead Branch","Dodecahedron","Lantern","Necronomicon","Orrery","Runic Capacitor","Torii","Dream Catcher","Ornamental Fan"],"potions_floor_usage":[4,7,7,12,18,18,18,27,37,39,50],"damage_taken":[{"damage":0,"enemies":"Cultist","floor":1,"turns":3},{"damage":0,"enemies":"Small Slimes","floor":2,"turns":3},{"damage":1,"enemies":"Jaw Worm","floor":4,"turns":4},{"damage":0,"enemies":"3 Sentries","floor":7,"turns":8},{"damage":0,"enemies":"Looter","floor":10,"turns":2},{"damage":15,"enemies":"Gremlin Nob","floor":12,"turns":3},{"damage":5,"enemies":"Exordium Wildlife","floor":14,"turns":4},{"damage":12,"enemies":"Slime Boss","floor":16,"turns":7},{"damage":5,"enemies":"3 Byrds","floor":18,"turns":6},{"damage":1,"enemies":"Chosen","floor":19,"turns":7},{"damage":20,"enemies":"Slavers","floor":24,"turns":8},{"damage":9,"enemies":"Gremlin Leader","floor":27,"turns":6},{"damage":13,"enemies":"Sentry and Sphere","floor":31,"turns":5},{"damage":15,"enemies":"Collector","floor":33,"turns":10},{"damage":9,"enemies":"3 Shapes","floor":35,"turns":2},{"damage":28,"enemies":"2 Orb Walkers","floor":37,"turns":4},{"damage":0,"enemies":"3 Darklings","floor":38,"turns":2},{"damage":0,"enemies":"Jaw Worm Horde","floor":39,"turns":5},{"damage":29,"enemies":"Reptomancer","floor":46,"turns":6},{"damage":0,"enemies":"Spire Growth","floor":48,"turns":4},{"damage":30,"enemies":"Awakened One","floor":50,"turns":11}],"seed_played":"2191812553724530046","potions_obtained":[{"floor":0,"key":"Energy Potion"},{"floor":0,"key":"EssenceOfSteel"},{"floor":0,"key":"EssenceOfSteel"},{"floor":2,"key":"FocusPotion"},{"floor":4,"key":"Poison Potion"},{"floor":10,"key":"Ancient Potion"},{"floor":14,"key":"SpeedPotion"},{"floor":16,"key":"Energy Potion"},{"floor":24,"key":"Block Potion"},{"floor":33,"key":"Energy Potion"},{"floor":37,"key":"Swift Potion"},{"floor":46,"key":"Regen Potion"}],"is_trial":false,"path_per_floor":["M","M","?","M","?","R","E","$","T","M","T","E","R","M","R","B",null,"M","M","?","?","?","R","E","R","T","E","$","?","R","M","R","B",null,"M","$","?","M","M","R","?","R","T","R","?","E","?","M","R","B",null],"character_chosen":"DEFECT","items_purchased":["Kunai","Lantern","Bandage Up","Runic Capacitor"],"campfire_rested":1,"item_purchase_floors":[8,28,28,36],"current_hp_per_floor":[68,68,64,70,70,70,77,77,77,77,77,62,62,64,64,84,88,89,88,88,88,88,88,75,75,75,76,76,60,60,61,61,79,87,78,78,70,74,88,88,77,77,77,89,89,70,70,84,84,88],"gold":149,"neow_bonus":"THREE_SMALL_POTIONS","is_prod":false,"is_daily":false,"chose_seed":false,"campfire_upgraded":10,"win_rate":0,"timestamp":1564003972,"path_taken":["M","M","?","M","?","R","E","$","T","?","?","E","R","M","R","BOSS","M","M","?","?","?","R","E","R","T","E","$","?","R","M","R","BOSS","M","$","?","M","M","R","?","R","T","R","?","E","?","M","R","BOSS"],"build_version":"2019-07-17","purchased_purges":0,"victory":true,"max_hp_per_floor":[75,75,89,89,89,89,89,89,89,89,89,89,89,89,89,89,89,89,89,89,89,89,89,89,89,89,89,89,89,89,89,89,89,89,89,89,89,89,89,89,89,89,89,89,89,89,89,89,89,89],"card_choices":[{"not_picked":["Gash","Rip and Tear"],"picked":"Chill","floor":1},{"not_picked":["Leap","Steam Power"],"picked":"Self Repair","floor":2},{"not_picked":["Beam Cell","Hello World"],"picked":"Sweeping Beam","floor":4},{"not_picked":["Stack","Gash"],"picked":"Lockon","floor":7},{"not_picked":["Hologram","Rebound"],"picked":"Compile Driver","floor":10},{"not_picked":["Chill","Darkness"],"picked":"White Noise","floor":12},{"not_picked":["Turbo","Hologram"],"picked":"FTL","floor":14},{"not_picked":["Electrodynamics","Core Surge"],"picked":"Echo Form","floor":16},{"not_picked":["Darkness","Chill"],"picked":"Beam Cell+1","floor":18},{"not_picked":["Coolheaded","Stack"],"picked":"Barrage+1","floor":19},{"not_picked":["Barrage","Redo+1"],"picked":"Fusion+1","floor":24},{"not_picked":["Compile Driver+1","Steam"],"picked":"Stack+1","floor":27},{"not_picked":["Cold Snap+1","Chill"],"picked":"Defragment","floor":31},{"not_picked":["All For One+1","Biased Cognition"],"picked":"Hyperbeam+1","floor":33},{"not_picked":["Heatsinks","Rebound+1"],"picked":"Recycle","floor":34},{"not_picked":["Coolheaded+1","Rebound+1"],"picked":"Sunder+1","floor":34},{"not_picked":["Scrape+1","FTL+1"],"picked":"Go for the Eyes+1","floor":34},{"not_picked":["Ball Lightning+1","Cold Snap+1"],"picked":"Consume+1","floor":34},{"not_picked":["Beam Cell+1","Skim"],"picked":"BootSequence","floor":35},{"not_picked":["Genetic Algorithm","Redo"],"picked":"Meteor Strike+1","floor":37},{"not_picked":["Hologram","Force Field"],"picked":"FTL+1","floor":38},{"not_picked":["Gash+1","Steam Power+1"],"picked":"Loop+1","floor":39},{"not_picked":["Compile Driver+1","Darkness"],"picked":"Steam+1","floor":44},{"not_picked":["Deep Breath","Panache"],"picked":"Flash of Steel+1","floor":45},{"not_picked":["Rip and Tear+1","Rebound+1"],"picked":"Ball Lightning+1","floor":46},{"not_picked":["Cold Snap+1","Ball Lightning+1"],"picked":"Double Energy+1","floor":48}],"player_experience":305384,"relics_obtained":[{"floor":7,"key":"DataDisk"},{"floor":9,"key":"The Courier"},{"floor":11,"key":"Cables"},{"floor":12,"key":"Pantograph"},{"floor":24,"key":"Molten Egg 2"},{"floor":26,"key":"Dead Branch"},{"floor":27,"key":"Dodecahedron"},{"floor":29,"key":"Necronomicon"},{"floor":37,"key":"Torii"},{"floor":43,"key":"Dream Catcher"},{"floor":46,"key":"Ornamental Fan"}],"event_choices":[{"damage_healed":0,"gold_gain":0,"player_choice":"Success","damage_taken":18,"relics_obtained":["Mango"],"max_hp_gain":0,"max_hp_loss":0,"event_name":"Scrap Ooze","floor":3,"gold_loss":0},{"damage_healed":0,"gold_gain":100,"player_choice":"Pray","damage_taken":0,"max_hp_gain":0,"max_hp_loss":0,"event_name":"Golden Shrine","floor":5,"gold_loss":0},{"damage_healed":0,"gold_gain":0,"player_choice":"Read","damage_taken":0,"max_hp_gain":0,"max_hp_loss":0,"event_name":"The Library","floor":20,"gold_loss":0,"cards_obtained":["Cold Snap"]},{"cards_removed":["Strike_B"],"damage_healed":0,"gold_gain":0,"player_choice":"Gave Gold","damage_taken":0,"max_hp_gain":0,"max_hp_loss":0,"event_name":"Beggar","floor":21,"gold_loss":75},{"damage_healed":0,"gold_gain":0,"player_choice":"Inject Mutagens","damage_taken":0,"relics_obtained":["MutagenicStrength"],"max_hp_gain":0,"max_hp_loss":0,"event_name":"Drug Dealer","floor":22,"gold_loss":0},{"damage_healed":0,"gold_gain":0,"player_choice":"Obtained Book","damage_taken":16,"max_hp_gain":0,"max_hp_loss":0,"event_name":"Cursed Tome","floor":29,"gold_loss":0},{"damage_healed":0,"gold_gain":0,"player_choice":"Fight","damage_taken":0,"max_hp_gain":0,"max_hp_loss":0,"event_name":"Mysterious Sphere","floor":37,"gold_loss":0},{"damage_healed":0,"gold_gain":0,"player_choice":"Embrace Madness","damage_taken":11,"max_hp_gain":0,"max_hp_loss":0,"event_name":"Winding Halls","floor":41,"gold_loss":0,"cards_obtained":["Madness","Madness"]},{"damage_healed":0,"gold_gain":0,"player_choice":"Memory 1","damage_taken":0,"max_hp_gain":0,"max_hp_loss":0,"event_name":"SensoryStone","floor":45,"gold_loss":0},{"damage_healed":0,"gold_gain":0,"player_choice":"Cursed","damage_taken":0,"max_hp_gain":0,"max_hp_loss":0,"event_name":"Wheel of Change","floor":47,"gold_loss":0,"cards_obtained":["Decay"]}],"is_beta":false,"boss_relics":[{"not_picked":["Runic Dome","Tiny House"],"picked":"FrozenCore"},{"not_picked":["Velvet Choker","Cursed Key"],"picked":"Orrery"}],"items_purged_floors":[],"is_endless":false,"potions_floor_spawned":[2,4,10,14,16,24,33,37,46],"ascension_level":6}