{"gold_per_floor":[117,67,167,181,200,200,229,229,309,320,334,7,73,109,109,246,246,276,327,362,9,44,44,97,97,148,223,13,13,39,69,69,170,170,181,55,99,9,9,43,43,69,69,108,153,13,13,57,57,57],"floor_reached":50,"playtime":7736,"items_purged":[],"score":998,"play_id":"6c36843c-7307-41b0-a2ba-9810fc72b332","local_time":"20190827234105","is_ascension_mode":true,"campfire_choices":[{"data":"Neutralize","floor":6,"key":"SMITH"},{"data":"Survivor","floor":8,"key":"SMITH"},{"floor":15,"key":"REST"},{"floor":23,"key":"REST"},{"data":"Footwork","floor":29,"key":"SMITH"},{"data":"HandOfGreed","floor":32,"key":"SMITH"},{"data":"Terror","floor":41,"key":"SMITH"},{"data":"Leg Sweep","floor":47,"key":"SMITH"},{"data":"Blur","floor":49,"key":"SMITH"}],"neow_cost":"NONE","seed_source_timestamp":830760775197519,"circlet_count":0,"master_deck":["AscendersBane","Survivor+1","Neutralize+1","Dagger Throw","Flying Knee","Slice","Backstab","Blur+1","Well Laid Plans","Footwork+1","Caltrops","HandOfGreed+1","Terror+1","Dodge and Roll","Quick Slash+1","Tools of the Trade+1","Bane","Wraith Form v2+1","Well Laid Plans+1","Reflex","Dagger Spray","Masterful Stab","Noxious Fumes+1","Leg Sweep+1","Sucker Punch","Dagger Throw+1","Leg Sweep","Footwork+1","PiercingWail+1","Reflex+1","Backstab","Caltrops+1","Slice","Distraction+1","After Image+1","Endless Agony+1","Cloak And Dagger+1","PiercingWail+1","Good Instincts+1","Backflip+1","Deadly Poison+1","Crippling Poison+1","Discovery+1","Leg Sweep+1"],"relics":["Ring of the Snake","Bag of Preparation","Oddly Smooth Stone","The Courier","Frozen Egg 2","Pandora\u0027s Box","Toxic Egg 2","Blood Vial","Meat on the Bone","Juzu Bracelet","Bottled Tornado","PreservedInsect","Dream Catcher","Busted Crown","Molten Egg 2","Strawberry","Singing Bowl"],"potions_floor_usage":[16,33,33,50,50],"damage_taken":[{"damage":1,"enemies":"Small Slimes","floor":1,"turns":6},{"damage":0,"enemies":"2 Louse","floor":4,"turns":3},{"damage":0,"enemies":"Cultist","floor":5,"turns":3},{"damage":33,"enemies":"Lagavulin","floor":7,"turns":9},{"damage":3,"enemies":"Blue Slaver","floor":10,"turns":4},{"damage":0,"enemies":"Exordium Thugs","floor":11,"turns":6},{"damage":4,"enemies":"3 Sentries","floor":13,"turns":9},{"damage":1,"enemies":"3 Louse","floor":14,"turns":4},{"damage":13,"enemies":"Slime Boss","floor":16,"turns":21},{"damage":4,"enemies":"Shell Parasite","floor":18,"turns":6},{"damage":0,"enemies":"3 Byrds","floor":19,"turns":5},{"damage":19,"enemies":"Snake Plant","floor":20,"turns":4},{"damage":0,"enemies":"Cultist and Chosen","floor":22,"turns":4},{"damage":18,"enemies":"Slavers","floor":24,"turns":5},{"damage":9,"enemies":"Book of Stabbing","floor":30,"turns":6},{"damage":20,"enemies":"Centurion and Healer","floor":31,"turns":6},{"damage":19,"enemies":"Collector","floor":33,"turns":12},{"damage":9,"enemies":"Orb Walker","floor":35,"turns":3},{"damage":24,"enemies":"3 Shapes","floor":37,"turns":6},{"damage":0,"enemies":"Nemesis","floor":40,"turns":6},{"damage":13,"enemies":"Reptomancer","floor":42,"turns":7},{"damage":0,"enemies":"Sphere and 2 Shapes","floor":44,"turns":5},{"damage":15,"enemies":"Maw","floor":45,"turns":7},{"damage":4,"enemies":"4 Shapes","floor":48,"turns":4},{"damage":87,"enemies":"Awakened One","floor":50,"turns":13}],"seed_played":"8460847264723823198","potions_obtained":[{"floor":4,"key":"EssenceOfSteel"},{"floor":7,"key":"Ancient Potion"},{"floor":19,"key":"FearPotion"},{"floor":31,"key":"EssenceOfSteel"},{"floor":35,"key":"Explosive Potion"},{"floor":40,"key":"AttackPotion"},{"floor":42,"key":"Energy Potion"}],"is_trial":false,"path_per_floor":["M","?","?","M","M","R","E","R","T","M","M","$","E","M","R","B",null,"M","M","M","$","M","R","E","?","T","T","$","R","E","M","R","B",null,"M","$","M","?","?","E","R","E","T","M","M","$","R","M","R","B"],"character_chosen":"THE_SILENT","items_purchased":["Footwork","Caltrops","HandOfGreed","Terror","Toxic Egg 2","Footwork+1","PiercingWail+1","Reflex+1","PreservedInsect","Backstab","Caltrops+1","Cloak And Dagger+1","PiercingWail+1","Good Instincts+1","Crippling Poison+1","Discovery+1","Strength Potion"],"campfire_rested":2,"item_purchase_floors":[12,12,12,12,21,21,21,21,28,28,28,36,36,36,46,46,46],"current_hp_per_floor":[62,62,62,62,62,62,29,29,29,26,26,26,22,21,42,29,60,56,56,37,37,37,58,40,40,40,40,40,40,45,39,39,34,61,54,54,44,44,80,80,80,74,74,78,67,67,67,65,65,0],"gold":57,"neow_bonus":"RANDOM_COMMON_RELIC","is_prod":false,"is_daily":false,"chose_seed":false,"campfire_upgraded":7,"win_rate":0,"timestamp":1566963665,"path_taken":["M","?","?","?","M","R","E","R","T","M","M","$","E","M","R","BOSS","M","M","M","$","M","R","E","?","T","?","?","R","E","M","R","BOSS","M","$","M","?","?","E","R","E","T","M","M","?","R","M","R","BOSS"],"build_version":"2019-07-17","purchased_purges":0,"victory":false,"max_hp_per_floor":[70,70,70,70,70,70,70,70,70,70,70,70,70,70,70,70,70,70,70,70,70,70,70,70,70,70,70,70,70,70,70,70,70,70,70,70,70,70,80,80,80,87,87,89,91,91,91,91,91,91],"card_choices":[{"not_picked":["PiercingWail","Deadly Poison"],"picked":"Dagger Throw","floor":1},{"not_picked":["Accuracy","Leg Sweep"],"picked":"Flying Knee","floor":4},{"not_picked":["Blur","Dagger Throw"],"picked":"Slice","floor":5},{"not_picked":["Acrobatics","Cloak And Dagger"],"picked":"Backstab","floor":7},{"not_picked":["Outmaneuver","Cloak And Dagger"],"picked":"Blur","floor":10},{"not_picked":["Prepared","Endless Agony"],"picked":"Well Laid Plans","floor":11},{"not_picked":["Acrobatics","Poisoned Stab"],"picked":"Dodge and Roll","floor":13},{"not_picked":["Well Laid Plans+1","Heel Hook"],"picked":"Quick Slash","floor":14},{"not_picked":["Grand Finale","Bullet Time"],"picked":"Tools of the Trade+1","floor":16},{"not_picked":["Outmaneuver","Setup"],"picked":"Sucker Punch","floor":18},{"not_picked":["Bane","Poisoned Stab"],"picked":"Dagger Throw+1","floor":19},{"not_picked":["Endless Agony","Acrobatics+1"],"picked":"Leg Sweep","floor":20},{"not_picked":["Blade Dance+1","Corpse Explosion+1","Quick Slash"],"picked":"SKIP","floor":22},{"not_picked":["Glass Knife","All Out Attack","Slice"],"picked":"SKIP","floor":24},{"not_picked":["Bane","Poisoned Stab"],"picked":"Slice","floor":30},{"not_picked":["Heel Hook","Dagger Spray"],"picked":"Distraction+1","floor":31},{"not_picked":["A Thousand Cuts+1","Venomology+1"],"picked":"After Image+1","floor":33},{"not_picked":[],"picked":"Endless Agony+1","floor":35},{"not_picked":["Finisher"],"picked":"SKIP","floor":37},{"not_picked":[],"picked":"Backflip+1","floor":40},{"not_picked":[],"picked":"Deadly Poison+1","floor":42},{"not_picked":["Acrobatics+1"],"picked":"Singing Bowl","floor":44},{"not_picked":["Blade Dance+1"],"picked":"Singing Bowl","floor":45},{"not_picked":[],"picked":"Leg Sweep+1","floor":48}],"player_experience":504857,"relics_obtained":[{"floor":7,"key":"Oddly Smooth Stone"},{"floor":9,"key":"The Courier"},{"floor":13,"key":"Frozen Egg 2"},{"floor":24,"key":"Blood Vial"},{"floor":26,"key":"Juzu Bracelet"},{"floor":27,"key":"Bottled Tornado"},{"floor":30,"key":"Dream Catcher"},{"floor":40,"key":"Molten Egg 2"},{"floor":42,"key":"Strawberry"},{"floor":43,"key":"Singing Bowl"}],"event_choices":[{"cards_removed":["Strike_G"],"damage_healed":0,"gold_gain":0,"player_choice":"Card Removal","damage_taken":0,"max_hp_gain":0,"max_hp_loss":0,"event_name":"The Cleric","floor":2,"gold_loss":50},{"damage_healed":0,"gold_gain":100,"player_choice":"Pray","damage_taken":0,"max_hp_gain":0,"max_hp_loss":0,"event_name":"Golden Shrine","floor":3,"gold_loss":0},{"damage_healed":0,"gold_gain":0,"player_choice":"Opened","damage_taken":0,"relics_obtained":["Meat on the Bone"],"max_hp_gain":0,"max_hp_loss":0,"event_name":"The Mausoleum","floor":25,"gold_loss":0,"cards_obtained":["Writhe"]},{"cards_removed":["Writhe"],"damage_healed":0,"gold_gain":0,"player_choice":"Upgrade and Remove","damage_taken":0,"max_hp_gain":0,"max_hp_loss":0,"event_name":"Designer","floor":38,"gold_loss":90,"cards_upgraded":["Quick Slash"]},{"cards_removed":["Corpse Explosion"],"damage_healed":26,"gold_gain":0,"player_choice":"Offered Rare","damage_taken":0,"max_hp_gain":10,"max_hp_loss":0,"event_name":"Bonfire Elementals","floor":39,"gold_loss":0}],"is_beta":false,"boss_relics":[{"not_picked":["Philosopher\u0027s Stone","Tiny House"],"picked":"Pandora\u0027s Box"},{"not_picked":["Lizard Tail","Runic Dome"],"picked":"Busted Crown"}],"items_purged_floors":[],"is_endless":false,"potions_floor_spawned":[4,7,11,19,24,30,31,35,40,42,44],"killed_by":"Awakened One","ascension_level":12}