{"gold_per_floor":[111,111,131,56,75,75,95,95,166,166,183,195,195,208,208,286,286,239,239,139,155,155],"floor_reached":22,"playtime":995,"items_purged":["Strike_B","Strike_B"],"score":347,"play_id":"876b4d67-5af7-4c4f-b767-0aa13091fca7","local_time":"20190821163009","is_ascension_mode":true,"campfire_choices":[{"data":"Zap","floor":6.0,"key":"SMITH"},{"data":"Barrage","floor":8,"key":"SMITH"},{"floor":10,"key":"REST"},{"floor":15,"key":"REST"}],"neow_cost":"NONE","seed_source_timestamp":0,"circlet_count":0,"master_deck":["AscendersBane","Strike_B","Strike_B","Defend_B","Defend_B","Defend_B","Defend_B","Zap+1","Dualcast","Gash","Cold Snap","Barrage+1","Leap","Hologram","Auto Shields","All For One"],"special_seed":0,"relics":["FrozenCore","Bronze Scales","Symbiotic Virus"],"potions_floor_usage":[16,16,21,21,22],"damage_taken":[{"damage":8.0,"enemies":"2 Louse","floor":1.0,"turns":2.0},{"damage":4.0,"enemies":"Small Slimes","floor":3.0,"turns":2.0},{"damage":0.0,"enemies":"Cultist","floor":5.0,"turns":3.0},{"damage":1,"enemies":"3 Louse","floor":7,"turns":3},{"damage":5,"enemies":"Exordium Thugs","floor":11,"turns":3},{"damage":18,"enemies":"Exordium Wildlife","floor":12,"turns":4},{"damage":4,"enemies":"2 Fungi Beasts","floor":14,"turns":2},{"damage":24,"enemies":"Hexaghost","floor":16,"turns":8},{"damage":16,"enemies":"2 Thieves","floor":18,"turns":5},{"damage":12,"enemies":"3 Byrds","floor":21,"turns":4},{"damage":40,"enemies":"3 Cultists","floor":22,"turns":5}],"seed_played":"7976002161040205850","potions_obtained":[{"floor":3.0,"key":"Ancient Potion"},{"floor":7,"key":"LiquidBronze"},{"floor":11,"key":"Explosive Potion"},{"floor":14,"key":"EssenceOfSteel"},{"floor":16,"key":"EssenceOfSteel"},{"floor":18,"key":"EntropicBrew"}],"is_trial":false,"path_per_floor":["M","?","M","$","M","R","M","R","T","R","M","M","?","M","R","B",null,"M","?","$","M","M"],"character_chosen":"DEFECT","items_purchased":[],"campfire_rested":2,"item_purchase_floors":[],"current_hp_per_floor":[56,30,26,26,26,26,25,25,25,46,41,23,23,19,40,16,57,41,41,41,29,0],"gold":155,"neow_bonus":"THREE_CARDS","is_prod":false,"is_daily":false,"chose_seed":false,"campfire_upgraded":2,"win_rate":0,"timestamp":1566372609,"path_taken":["M","?","M","$","M","R","M","R","T","R","M","M","?","?","R","BOSS","M","?","?","?","M"],"build_version":"2019-07-17","purchased_purges":2,"victory":false,"max_hp_per_floor":[71,71,71,71,71,71,71,71,71,71,71,71,71,71,71,71,71,71,71,71,71,71],"card_choices":[{"not_picked":["Heatsinks","Barrage"],"picked":"Gash","floor":0.0},{"not_picked":["Gash","Barrage"],"picked":"Cold Snap","floor":1.0},{"not_picked":["Hello World","Cold Snap"],"picked":"Barrage","floor":3.0},{"not_picked":["Darkness","Turbo","Beam Cell"],"picked":"SKIP","floor":5.0},{"not_picked":["Beam Cell","Tempest","Doom and Gloom"],"picked":"SKIP","floor":7},{"not_picked":["Ball Lightning","Undo"],"picked":"Leap","floor":11},{"not_picked":["Leap","Compile Driver"],"picked":"Hologram","floor":12},{"not_picked":["Stack","Streamline"],"picked":"Auto Shields","floor":14},{"not_picked":["Thunder Strike","Core Surge"],"picked":"All For One","floor":16},{"not_picked":["Steam","Sweeping Beam","Compile Driver"],"picked":"SKIP","floor":18},{"not_picked":["Sweeping Beam","Heatsinks","Beam Cell"],"picked":"SKIP","floor":21}],"player_experience":527835,"relics_obtained":[{"floor":9,"key":"Symbiotic Virus"}],"event_choices":[{"damage_healed":0.0,"max_hp_gain":0.0,"max_hp_loss":0.0,"gold_gain":0.0,"event_name":"Scrap Ooze","player_choice":"Success","floor":2.0,"gold_loss":0.0,"damage_taken":26.0,"relics_obtained":["Bronze Scales"]},{"damage_healed":0,"gold_gain":0,"player_choice":"Leave","damage_taken":0,"max_hp_gain":0,"max_hp_loss":0,"event_name":"FaceTrader","floor":13,"gold_loss":0},{"damage_healed":0,"gold_gain":0,"player_choice":"Got Potions","damage_taken":0,"max_hp_gain":0,"max_hp_loss":0,"event_name":"Lab","floor":19,"gold_loss":0}],"is_beta":false,"boss_relics":[{"not_picked":["Tiny House","Nuclear Battery"],"picked":"FrozenCore"}],"items_purged_floors":[4,20],"is_endless":false,"potions_floor_spawned":[3,7,11,14,16,18],"killed_by":"3 Cultists","ascension_level":19}