{"gold_per_floor":[111,36,36,52,52,84,84,96,96,113,113,113],"floor_reached":12,"playtime":632,"items_purged":["Strike_B"],"score":82,"play_id":"4a2fe59d-9183-45b0-869a-996123ba1a2c","local_time":"20190703193533","is_ascension_mode":true,"campfire_choices":[{"data":"Zap","floor":7,"key":"SMITH"}],"neow_cost":"NONE","seed_source_timestamp":507992456420592,"circlet_count":0,"master_deck":["Strike_B","Strike_B","Strike_B","Defend_B","Defend_B","Defend_B","Defend_B","Zap+1","Dualcast","Compile Driver","Capacitor","Genetic Algorithm","Streamline"],"relics":["Cracked Core","Shuriken","Vajra","Ornamental Fan"],"potions_floor_usage":[],"damage_taken":[{"damage":1,"enemies":"Cultist","floor":1,"turns":3},{"damage":0,"enemies":"2 Louse","floor":4,"turns":2},{"damage":32,"enemies":"Gremlin Nob","floor":6,"turns":4},{"damage":6,"enemies":"Jaw Worm","floor":8,"turns":2},{"damage":17,"enemies":"Exordium Wildlife","floor":10,"turns":5},{"damage":32,"enemies":"Lagavulin Event","floor":12,"turns":3}],"seed_played":"-1715201222813258201","potions_obtained":[{"floor":4,"key":"Explosive Potion"}],"is_trial":false,"path_per_floor":["M","$","?","M","?","E","R","M","T","M","?","?"],"character_chosen":"DEFECT","items_purchased":[],"campfire_rested":0,"item_purchase_floors":[],"current_hp_per_floor":[81,81,81,81,74,42,42,36,36,19,19,0],"gold":113,"neow_bonus":"TEN_PERCENT_HP_BONUS","is_prod":false,"is_daily":false,"chose_seed":false,"campfire_upgraded":1,"win_rate":0,"timestamp":1562150133,"path_taken":["M","$","?","M","?","E","R","M","T","M","?","?"],"build_version":"2019-07-01","purchased_purges":1,"victory":false,"max_hp_per_floor":[82,82,82,82,82,82,82,82,82,82,82,82],"card_choices":[{"not_picked":["Rebound","Ball Lightning"],"picked":"Compile Driver","floor":1},{"not_picked":["Sweeping Beam","Cold Snap","Compile Driver"],"picked":"SKIP","floor":4},{"not_picked":["Buffer","Steam"],"picked":"Capacitor","floor":6},{"not_picked":["Rebound","Compile Driver"],"picked":"Genetic Algorithm","floor":8},{"not_picked":["Storm","Hello World"],"picked":"Streamline","floor":10}],"player_experience":131974,"relics_obtained":[{"floor":6,"key":"Vajra"},{"floor":9,"key":"Ornamental Fan"}],"event_choices":[{"damage_healed":0,"gold_gain":0,"player_choice":"Leave","damage_taken":0,"max_hp_gain":0,"max_hp_loss":0,"event_name":"The Cleric","floor":3,"gold_loss":0},{"damage_healed":0,"gold_gain":0,"player_choice":"Success","damage_taken":7,"relics_obtained":["Shuriken"],"max_hp_gain":0,"max_hp_loss":0,"event_name":"Scrap Ooze","floor":5,"gold_loss":0},{"damage_healed":0,"gold_gain":0,"player_choice":"Ignored","damage_taken":0,"max_hp_gain":0,"max_hp_loss":0,"event_name":"Golden Idol","floor":11,"gold_loss":0},{"damage_healed":0,"gold_gain":0,"player_choice":"Searched \u00271\u0027 times","damage_taken":0,"max_hp_gain":0,"max_hp_loss":0,"event_name":"Dead Adventurer","floor":12,"gold_loss":0}],"is_beta":false,"boss_relics":[],"items_purged_floors":[2],"is_endless":false,"potions_floor_spawned":[4],"killed_by":"Lagavulin Event","ascension_level":1}