{"gold_per_floor":[116,116,130,150,225,225,251,299,322,322,356,376,388,403,403,507,507,519,129,144,144,0,0,27,27,52,52],"floor_reached":27,"playtime":1017,"items_purged":["Regret"],"score":301,"play_id":"5f1a820b-2afe-4b3c-a481-e92bb318489d","local_time":"20190827011044","is_ascension_mode":true,"campfire_choices":[{"data":"Bash","floor":6,"key":"SMITH"},{"data":"Clothesline","floor":10,"key":"SMITH"},{"floor":15,"key":"REST"},{"floor":23,"key":"REST"}],"neow_cost":"NONE","seed_source_timestamp":21998457534504,"circlet_count":0,"master_deck":["Strike_R","Strike_R","Strike_R","Strike_R","Strike_R","Defend_R","Defend_R","Defend_R","Defend_R","Bash+1","Clothesline+1","Headbutt","Spot Weakness","Second Wind","Uppercut","Thunderclap","Seeing Red","Seeing Red","Demon Form","Cleave+1","Evolve","RitualDagger","Power Through+1"],"relics":["Burning Blood","Strawberry","Juzu Bracelet","Bottled Flame","Ancient Tea Set","Bag of Marbles","Potion Belt","Black Star","Membership Card","Self Forming Clay","Orichalcum","Shuriken","PreservedInsect"],"potions_floor_usage":[7,11,18,20,27],"damage_taken":[{"damage":7,"enemies":"Jaw Worm","floor":1,"turns":3},{"damage":7,"enemies":"2 Louse","floor":3,"turns":2},{"damage":3,"enemies":"Small Slimes","floor":4,"turns":3},{"damage":41,"enemies":"Lagavulin","floor":7,"turns":5},{"damage":9,"enemies":"Gremlin Nob","floor":11,"turns":3},{"damage":19,"enemies":"Looter","floor":12,"turns":3},{"damage":16,"enemies":"Lots of Slimes","floor":13,"turns":3},{"damage":29,"enemies":"Gremlin Gang","floor":14,"turns":4},{"damage":20,"enemies":"Slime Boss","floor":16,"turns":9},{"damage":34,"enemies":"Shell Parasite","floor":18,"turns":5},{"damage":12,"enemies":"Chosen","floor":20,"turns":4},{"damage":49,"enemies":"Book of Stabbing","floor":24,"turns":5},{"damage":24,"enemies":"Slavers","floor":27,"turns":1}],"seed_played":"8056799089161563412","potions_obtained":[{"floor":1,"key":"Swift Potion"},{"floor":4,"key":"BloodPotion"},{"floor":7,"key":"PowerPotion"},{"floor":14,"key":"FearPotion"},{"floor":18,"key":"Ancient Potion"}],"is_trial":false,"path_per_floor":["M","?","M","M","?","R","E","T","T","R","E","M","M","M","R","B",null,"M","$","M","?","?","R","E","?","T","E"],"character_chosen":"IRONCLAD","items_purchased":["Membership Card","Self Forming Clay","PowerPotion"],"campfire_rested":2,"item_purchase_floors":[19,19,19],"current_hp_per_floor":[86,86,85,87,76,76,62,62,62,62,59,46,36,13,39,25,72,44,44,38,32,32,58,15,15,15,0],"gold":52,"neow_bonus":"RANDOM_COMMON_RELIC","is_prod":false,"is_daily":false,"chose_seed":false,"campfire_upgraded":2,"win_rate":0,"timestamp":1566861044,"path_taken":["M","?","M","M","?","R","E","?","T","R","E","M","M","M","R","BOSS","M","$","M","?","?","R","E","?","T","E"],"build_version":"2019-07-17","purchased_purges":1,"victory":false,"max_hp_per_floor":[87,87,87,87,87,87,87,87,87,87,87,87,87,87,87,87,87,87,87,87,87,87,87,87,87,87,87],"card_choices":[{"not_picked":["Carnage","Sever Soul"],"picked":"Clothesline","floor":1},{"not_picked":["Flex","Perfected Strike"],"picked":"Headbutt","floor":3},{"not_picked":["Rampage","Burning Pact"],"picked":"Spot Weakness","floor":4},{"not_picked":["Reckless Charge","Power Through"],"picked":"Second Wind","floor":7},{"not_picked":["Clash","Brutality"],"picked":"Uppercut","floor":11},{"not_picked":["Cleave","Body Slam"],"picked":"Thunderclap","floor":12},{"not_picked":["Rupture","Body Slam"],"picked":"Seeing Red","floor":13},{"not_picked":["Reckless Charge","Sword Boomerang"],"picked":"Seeing Red","floor":14},{"not_picked":["Fiend Fire","Dark Embrace"],"picked":"Demon Form","floor":16},{"not_picked":["Feel No Pain","Perfected Strike"],"picked":"Cleave+1","floor":18},{"not_picked":["Clothesline","Sentinel"],"picked":"Evolve","floor":20},{"not_picked":["Warcry","Cleave"],"picked":"Power Through+1","floor":24}],"player_experience":104808,"relics_obtained":[{"floor":7,"key":"Bottled Flame"},{"floor":8,"key":"Ancient Tea Set"},{"floor":9,"key":"Bag of Marbles"},{"floor":11,"key":"Potion Belt"},{"floor":24,"key":"Orichalcum"},{"floor":24,"key":"Shuriken"},{"floor":26,"key":"PreservedInsect"}],"event_choices":[{"damage_healed":0,"gold_gain":0,"player_choice":"Box","damage_taken":0,"relics_obtained":["Juzu Bracelet"],"max_hp_gain":0,"max_hp_loss":0,"event_name":"Big Fish","floor":2,"gold_loss":0,"cards_obtained":["Regret"]},{"damage_healed":0,"gold_gain":75,"player_choice":"Gather Gold","damage_taken":11,"max_hp_gain":0,"max_hp_loss":0,"event_name":"World of Goop","floor":5,"gold_loss":0},{"damage_healed":0,"gold_gain":0,"player_choice":"Joined the Cult","damage_taken":6,"max_hp_gain":0,"max_hp_loss":0,"event_name":"Nest","floor":21,"gold_loss":0,"cards_obtained":["RitualDagger"]},{"damage_healed":0,"gold_gain":0,"player_choice":"Paid Fearfully","damage_taken":0,"max_hp_gain":0,"max_hp_loss":0,"event_name":"Masked Bandits","floor":22,"gold_loss":144},{"damage_healed":0,"gold_gain":0,"player_choice":"Ignored","damage_taken":0,"max_hp_gain":0,"max_hp_loss":0,"event_name":"Ghosts","floor":25,"gold_loss":0}],"is_beta":false,"boss_relics":[{"not_picked":["Black Blood","Tiny House"],"picked":"Black Star"}],"items_purged_floors":[19],"is_endless":false,"potions_floor_spawned":[1,4,7,14,18],"killed_by":"Slavers","ascension_level":5}