{"gold_per_floor":[362,1,16,26,26,54,54,82,138,148,177,177,208,221,221,319,319,337,337,262,44,44,44,79,96,177,177,194,208,208,223,223,319,319,332,332,348,365,24,57,57,77,131,231,231,276,276,71,71,71],"floor_reached":51,"playtime":5768,"items_purged":["Shame","Strike_R"],"score":1077,"play_id":"73c563cb-38d5-432e-88c7-6b8e2f84da11","local_time":"20190729035136","is_ascension_mode":true,"campfire_choices":[{"data":"Metallicize","floor":7,"key":"SMITH"},{"data":"Feed","floor":12,"key":"SMITH"},{"data":"1","floor":15,"key":"LIFT"},{"data":"2","floor":23,"key":"LIFT"},{"data":"3","floor":27,"key":"LIFT"},{"data":"Spot Weakness","floor":32,"key":"SMITH"},{"data":"Limit Break","floor":41,"key":"SMITH"},{"data":"Juggernaut","floor":45,"key":"SMITH"},{"data":"Metallicize","floor":47,"key":"SMITH"},{"data":"Dual Wield","floor":49,"key":"SMITH"}],"neow_cost":"CURSE","seed_source_timestamp":304390731914212,"circlet_count":0,"master_deck":["Strike_R","Defend_R","Defend_R","Defend_R","Defend_R","Bash","Pommel Strike","Inflame","Flex","Metallicize+1","Iron Wave","Reaper+1","Pommel Strike","Clothesline","Shrug It Off","Feed+1","Metallicize+1","Iron Wave","Offering","Heavy Blade+1","Shockwave","Flex","Dual Wield+1","Juggernaut+1","Flame Barrier","Pommel Strike+1","Intimidate","Spot Weakness+1","Limit Break+1","Iron Wave+1","Madness","Madness","Twin Strike+1","Heavy Blade+1","Shrug It Off+1","Twin Strike+1","Shrug It Off+1","Reaper"],"relics":["Burning Blood","OrangePellets","Ancient Tea Set","Lantern","Tiny Chest","Pen Nib","Girya","Orrery","Meat on the Bone","Orichalcum","Pear","MutagenicStrength","Empty Cage","Self Forming Clay","PreservedInsect","Whetstone","Thread and Needle","Nunchaku","Happy Flower"],"potions_floor_usage":[8,11,11,13,24,25,40,50,50,50],"damage_taken":[{"damage":0,"enemies":"2 Louse","floor":1,"turns":3},{"damage":0,"enemies":"Cultist","floor":3,"turns":2},{"damage":5,"enemies":"Small Slimes","floor":4,"turns":4},{"damage":31,"enemies":"Gremlin Nob","floor":6,"turns":5},{"damage":11,"enemies":"3 Sentries","floor":8,"turns":6},{"damage":2,"enemies":"2 Fungi Beasts","floor":10,"turns":4},{"damage":3,"enemies":"Gremlin Nob","floor":11,"turns":3},{"damage":7,"enemies":"3 Sentries","floor":13,"turns":7},{"damage":7,"enemies":"Looter","floor":14,"turns":3},{"damage":49,"enemies":"Hexaghost","floor":16,"turns":12},{"damage":21,"enemies":"Spheric Guardian","floor":18,"turns":4},{"damage":59,"enemies":"Gremlin Leader","floor":24,"turns":8},{"damage":10,"enemies":"3 Byrds","floor":25,"turns":5},{"damage":1,"enemies":"Centurion and Healer","floor":28,"turns":7},{"damage":17,"enemies":"Snake Plant","floor":29,"turns":4},{"damage":29,"enemies":"Shelled Parasite and Fungi","floor":31,"turns":5},{"damage":54,"enemies":"Automaton","floor":33,"turns":8},{"damage":18,"enemies":"3 Darklings","floor":35,"turns":5},{"damage":23,"enemies":"3 Shapes","floor":37,"turns":11},{"damage":23,"enemies":"Jaw Worm Horde","floor":38,"turns":6},{"damage":39,"enemies":"Reptomancer","floor":40,"turns":5},{"damage":23,"enemies":"Transient","floor":42,"turns":5},{"damage":0,"enemies":"Mind Bloom Boss Battle","floor":44,"turns":3},{"damage":6,"enemies":"2 Orb Walkers","floor":46,"turns":4},{"damage":44,"enemies":"Time Eater","floor":50,"turns":7}],"seed_played":"8435340519619538804","potions_obtained":[{"floor":1,"key":"FearPotion"},{"floor":3,"key":"SkillPotion"},{"floor":8,"key":"Fire Potion"},{"floor":10,"key":"AttackPotion"},{"floor":14,"key":"Energy Potion"},{"floor":24,"key":"Weak Potion"},{"floor":29,"key":"LiquidBronze"},{"floor":33,"key":"Fire Potion"},{"floor":35,"key":"SteroidPotion"},{"floor":40,"key":"SmokeBomb"},{"floor":46,"key":"Fire Potion"}],"is_trial":false,"path_per_floor":["M","$","M","M","?","E","R","E","T","M","E","R","E","M","R","B",null,"M","T","?","$","?","R","E","M","T","R","M","M","?","M","R","B",null,"M","?","M","M","$","E","R","M","T","?","R","?","R","$","R","B",null],"character_chosen":"IRONCLAD","items_purchased":["OrangePellets","Inflame","Flex","Juggernaut","Flame Barrier","Self Forming Clay","SpeedPotion","Happy Flower"],"campfire_rested":0,"item_purchase_floors":[2,2,2,21,21,39,48,48],"current_hp_per_floor":[78,78,80,80,80,64,64,75,75,80,80,80,84,83,83,49,75,73,73,73,73,73,73,47,59,69,69,96,85,85,87,87,77,102,99,85,101,97,97,106,106,113,113,122,122,122,122,122,122,84],"gold":71,"neow_bonus":"TWO_FIFTY_GOLD","is_prod":false,"is_daily":false,"chose_seed":false,"campfire_upgraded":7,"win_rate":0,"timestamp":1564386696,"path_taken":["M","$","M","M","?","E","R","E","T","M","E","R","E","M","R","BOSS","M","?","?","$","?","R","E","M","T","R","M","M","?","M","R","BOSS","M","?","M","M","$","E","R","M","T","?","R","?","R","$","R","BOSS"],"build_version":"2019-07-17","purchased_purges":2,"victory":true,"max_hp_per_floor":[80,80,80,80,80,80,80,80,80,80,80,80,84,84,84,84,84,88,88,88,88,88,88,88,92,102,102,106,106,106,110,110,110,110,110,110,114,118,118,118,118,118,118,122,122,122,122,122,122,122],"card_choices":[{"not_picked":["True Grit","Havoc"],"picked":"Pommel Strike","floor":1},{"not_picked":["Anger","Seeing Red"],"picked":"Metallicize","floor":3},{"not_picked":["Warcry","Second Wind"],"picked":"Iron Wave","floor":4},{"not_picked":["Bloodletting","Heavy Blade"],"picked":"Pommel Strike","floor":6},{"not_picked":["Body Slam","Sentinel"],"picked":"Clothesline","floor":8},{"not_picked":["Flex","Havoc"],"picked":"Shrug It Off","floor":10},{"not_picked":["Combust","Whirlwind"],"picked":"Feed","floor":11},{"not_picked":["Power Through","True Grit"],"picked":"Metallicize","floor":13},{"not_picked":["Clash","Anger"],"picked":"Iron Wave","floor":14},{"not_picked":["Dark Embrace","Barricade"],"picked":"Offering","floor":16},{"not_picked":["Body Slam","Bloodletting"],"picked":"Heavy Blade","floor":17},{"not_picked":["Reckless Charge","Pommel Strike"],"picked":"Shockwave","floor":17},{"not_picked":["Headbutt","Barricade"],"picked":"Flex","floor":17},{"not_picked":["Clash","Ghostly Armor"],"picked":"Dual Wield","floor":17},{"not_picked":["Wild Strike","Clash+1","Combust"],"picked":"SKIP","floor":18},{"not_picked":["Clothesline+1","Wild Strike"],"picked":"Pommel Strike+1","floor":24},{"not_picked":["Combust+1","Rupture","Immolate"],"picked":"SKIP","floor":25},{"not_picked":["Clothesline","Blood for Blood","Combust"],"picked":"SKIP","floor":28},{"not_picked":["Anger","Entrench+1"],"picked":"Intimidate","floor":29},{"not_picked":["Cleave","Flame Barrier"],"picked":"Spot Weakness","floor":31},{"not_picked":["Impervious","Fiend Fire"],"picked":"Limit Break","floor":33},{"not_picked":["Clash","Armaments+1"],"picked":"Iron Wave+1","floor":35},{"not_picked":["Reckless Charge+1","Pommel Strike+1"],"picked":"Twin Strike+1","floor":37},{"not_picked":["Wild Strike+1","Thunderclap"],"picked":"Heavy Blade+1","floor":38},{"not_picked":["Shockwave","Perfected Strike+1"],"picked":"Shrug It Off+1","floor":40},{"not_picked":["Havoc+1","Perfected Strike+1"],"picked":"Twin Strike+1","floor":42},{"not_picked":["Wild Strike+1","Rupture+1"],"picked":"Shrug It Off+1","floor":44},{"not_picked":["Twin Strike+1","Warcry+1"],"picked":"Reaper","floor":46}],"player_experience":352584,"relics_obtained":[{"floor":6,"key":"Ancient Tea Set"},{"floor":8,"key":"Lantern"},{"floor":9,"key":"Tiny Chest"},{"floor":11,"key":"Pen Nib"},{"floor":13,"key":"Girya"},{"floor":19,"key":"Meat on the Bone"},{"floor":24,"key":"Orichalcum"},{"floor":26,"key":"Pear"},{"floor":40,"key":"PreservedInsect"},{"floor":43,"key":"Whetstone"},{"floor":44,"key":"Thread and Needle"},{"floor":46,"key":"Nunchaku"}],"event_choices":[{"damage_healed":0,"gold_gain":0,"player_choice":"1 cards matched","damage_taken":0,"max_hp_gain":0,"max_hp_loss":0,"event_name":"Match and Keep!","floor":5,"gold_loss":0,"cards_obtained":["Reaper"]},{"cards_removed":["Strike_R"],"damage_healed":0,"gold_gain":0,"player_choice":"Gave Gold","damage_taken":0,"max_hp_gain":0,"max_hp_loss":0,"event_name":"Beggar","floor":20,"gold_loss":75},{"damage_healed":0,"gold_gain":0,"player_choice":"Inject Mutagens","damage_taken":0,"relics_obtained":["MutagenicStrength"],"max_hp_gain":0,"max_hp_loss":0,"event_name":"Drug Dealer","floor":30,"gold_loss":0},{"damage_healed":0,"gold_gain":0,"player_choice":"Embrace Madness","damage_taken":14,"max_hp_gain":0,"max_hp_loss":0,"event_name":"Winding Halls","floor":36,"gold_loss":0,"cards_obtained":["Madness","Madness"]},{"damage_healed":0,"gold_gain":0,"player_choice":"Fight","damage_taken":0,"max_hp_gain":0,"max_hp_loss":0,"event_name":"MindBloom","floor":44,"gold_loss":0},{"damage_healed":0,"gold_gain":0,"player_choice":"Fight","damage_taken":0,"max_hp_gain":0,"max_hp_loss":0,"event_name":"Mysterious Sphere","floor":46,"gold_loss":0}],"is_beta":false,"boss_relics":[{"not_picked":["Busted Crown","Ectoplasm"],"picked":"Orrery"},{"not_picked":["Astrolabe","Black Blood"],"picked":"Empty Cage"}],"items_purged_floors":[2,39],"is_endless":false,"potions_floor_spawned":[1,3,8,10,14,24,29,33,35,40,46],"ascension_level":8}