{"gold_per_floor":[112,125,50,70,70,70,80,113,113,113,133,143,143,163,163,242,242,256,256,267,317,317,317,329,329,329,124,124,144,144,67,67,144,144,163,181,195,195,6,40,40,54,54,54,54,154,174,174,174,174],"floor_reached":51,"playtime":4718,"items_purged":["Defend_B","Strike_B+1"],"score":1191,"play_id":"57e0c0da-a5aa-4e51-a727-9b56166ed3aa","local_time":"20190821033041","is_ascension_mode":true,"campfire_choices":[{"data":"Zap","floor":6,"key":"SMITH"},{"data":"Glacier","floor":10,"key":"SMITH"},{"data":"Defragment","floor":13,"key":"SMITH"},{"floor":15,"key":"REST"},{"data":"Hologram","floor":23,"key":"SMITH"},{"data":"Echo Form","floor":25,"key":"SMITH"},{"floor":28,"key":"REST"},{"data":"Blizzard","floor":32,"key":"SMITH"},{"floor":41,"key":"REST"},{"data":"Defragment","floor":45,"key":"SMITH"},{"data":"Capacitor","floor":49,"key":"SMITH"}],"neow_cost":"NONE","seed_source_timestamp":1682674682740031,"circlet_count":0,"master_deck":["AscendersBane","Strike_B+1","Strike_B+1","Defend_B+1","Defend_B+1","Defend_B+1","Zap+1","Dualcast","Hologram+1","Cold Snap","Glacier+1","All For One","Ball Lightning","Defragment+1","Coolheaded","Echo Form+1","Go for the Eyes","Self Repair","Blizzard+1","Seek","Defragment+1","BootSequence","Streamline","Redo","Force Field","Gash","Capacitor+1"],"relics":["Cracked Core","Happy Flower","Ornamental Fan","Cursed Key","Oddly Smooth Stone","Orrery","Ginger","Gambling Chip"],"potions_floor_usage":[16,29,33,37,37,40,50],"damage_taken":[{"damage":2,"enemies":"Jaw Worm","floor":1,"turns":4},{"damage":0,"enemies":"Cultist","floor":2,"turns":3},{"damage":7,"enemies":"Small Slimes","floor":4,"turns":3},{"damage":0,"enemies":"2 Fungi Beasts","floor":7,"turns":4},{"damage":17,"enemies":"Lagavulin","floor":8,"turns":10},{"damage":8,"enemies":"Large Slime","floor":11,"turns":5},{"damage":1,"enemies":"Exordium Thugs","floor":12,"turns":4},{"damage":3,"enemies":"Exordium Wildlife","floor":14,"turns":3},{"damage":20,"enemies":"Hexaghost","floor":16,"turns":10},{"damage":5,"enemies":"Chosen","floor":18,"turns":7},{"damage":28,"enemies":"3 Byrds","floor":20,"turns":4},{"damage":0,"enemies":"Snecko","floor":24,"turns":5},{"damage":15,"enemies":"Cultist and Chosen","floor":29,"turns":7},{"damage":21,"enemies":"Automaton","floor":33,"turns":11},{"damage":0,"enemies":"3 Shapes","floor":35,"turns":7},{"damage":14,"enemies":"Orb Walker","floor":36,"turns":6},{"damage":51,"enemies":"Jaw Worm Horde","floor":37,"turns":6},{"damage":5,"enemies":"Giant Head","floor":40,"turns":12},{"damage":11,"enemies":"4 Shapes","floor":42,"turns":7},{"damage":21,"enemies":"Mind Bloom Boss Battle","floor":46,"turns":9},{"damage":2,"enemies":"Sphere and 2 Shapes","floor":47,"turns":9},{"damage":51,"enemies":"Donu and Deca","floor":50,"turns":13}],"seed_played":"987081118960589107","potions_obtained":[{"floor":1,"key":"FocusPotion"},{"floor":7,"key":"EssenceOfSteel"},{"floor":8,"key":"Strength Potion"},{"floor":16,"key":"SteroidPotion"},{"floor":33,"key":"AttackPotion"},{"floor":35,"key":"Swift Potion"},{"floor":37,"key":"Dexterity Potion"},{"floor":47,"key":"Dexterity Potion"}],"is_trial":false,"path_per_floor":["M","M","$","M","?","R","M","E","T","R","M","M","R","M","R","B",null,"M","?","M","?","?","R","M","R","T","$","R","M","?","$","R","B",null,"M","M","M","?","$","E","R","M","T","?","R","?","M","?","R","B",null],"character_chosen":"DEFECT","items_purchased":["Oddly Smooth Stone","Self Repair","Blizzard","Capacitor"],"campfire_rested":3,"item_purchase_floors":[27,27,31,39],"current_hp_per_floor":[69,69,69,62,51,51,51,34,34,34,26,25,25,22,45,25,65,60,60,32,32,32,32,32,32,32,32,55,40,40,40,40,26,65,78,64,13,13,13,15,38,27,27,64,64,57,64,64,64,20],"gold":174,"neow_bonus":"TEN_PERCENT_HP_BONUS","is_prod":false,"is_daily":false,"chose_seed":false,"campfire_upgraded":8,"win_rate":0,"timestamp":1566325841,"path_taken":["M","M","$","M","?","R","M","E","T","R","M","M","R","?","R","BOSS","M","?","M","?","?","R","M","R","T","$","R","?","?","$","R","BOSS","M","M","M","?","$","E","R","?","T","?","R","?","M","?","R","BOSS"],"build_version":"2019-07-17","purchased_purges":2,"victory":true,"max_hp_per_floor":[78,78,78,78,78,78,78,78,78,78,78,78,78,78,78,78,78,78,78,78,78,78,78,78,78,78,78,78,78,78,78,78,78,78,78,78,78,78,78,78,78,78,78,64,64,64,64,64,64,64],"card_choices":[{"not_picked":["Steam","Stack","Redo"],"picked":"SKIP","floor":1},{"not_picked":["Turbo","Double Energy"],"picked":"Hologram","floor":2},{"not_picked":["White Noise","FTL"],"picked":"Cold Snap","floor":4},{"not_picked":["Stack","Machine Learning"],"picked":"Glacier","floor":7},{"not_picked":["Rebound","Barrage"],"picked":"All For One","floor":8},{"not_picked":["Storm","BootSequence"],"picked":"Ball Lightning","floor":11},{"not_picked":["Streamline","Tempest"],"picked":"Defragment","floor":12},{"not_picked":["Aggregate","Streamline"],"picked":"Coolheaded","floor":14},{"not_picked":["Creative AI","Meteor Strike"],"picked":"Echo Form","floor":16},{"not_picked":["Barrage","Conserve Battery"],"picked":"Go for the Eyes","floor":18},{"not_picked":["Aggregate","Steam Power","Turbo"],"picked":"SKIP","floor":20},{"not_picked":["Genetic Algorithm","Consume","Steam"],"picked":"SKIP","floor":24},{"not_picked":["Redo","Cold Snap","Leap"],"picked":"SKIP","floor":29},{"not_picked":["Hyperbeam","Multi-Cast"],"picked":"Seek","floor":33},{"not_picked":["Turbo","Beam Cell"],"picked":"Defragment","floor":34},{"not_picked":["Go for the Eyes","Cold Snap"],"picked":"BootSequence","floor":34},{"not_picked":["Ball Lightning","Glacier"],"picked":"Streamline","floor":34},{"not_picked":["Leap","Stack"],"picked":"Redo","floor":34},{"not_picked":["Hologram","Conserve Battery","Hello World"],"picked":"SKIP","floor":35},{"not_picked":["Hologram","Multi-Cast"],"picked":"Force Field","floor":36},{"not_picked":["Coolheaded","Barrage+1"],"picked":"Gash","floor":37},{"not_picked":["Static Discharge","Hologram","Sweeping Beam"],"picked":"SKIP","floor":40},{"not_picked":["Coolheaded","Lockon","Streamline"],"picked":"SKIP","floor":42},{"not_picked":["Darkness+1","Undo","Rebound"],"picked":"SKIP","floor":47}],"player_experience":521671,"relics_obtained":[{"floor":8,"key":"Happy Flower"},{"floor":9,"key":"Ornamental Fan"},{"floor":40,"key":"Ginger"},{"floor":46,"key":"Gambling Chip"}],"event_choices":[{"damage_healed":0,"gold_gain":0,"player_choice":"Damaged","damage_taken":11,"max_hp_gain":0,"max_hp_loss":0,"event_name":"Wheel of Change","floor":5,"gold_loss":0},{"damage_healed":0,"gold_gain":0,"player_choice":"Simplicity","damage_taken":0,"max_hp_gain":0,"max_hp_loss":0,"event_name":"Back to Basics","floor":19,"gold_loss":0,"cards_upgraded":["Strike_B","Strike_B","Strike_B","Strike_B","Defend_B","Defend_B","Defend_B"]},{"damage_healed":0,"gold_gain":50,"player_choice":"Stole From Cult","damage_taken":0,"max_hp_gain":0,"max_hp_loss":0,"event_name":"Nest","floor":21,"gold_loss":0},{"cards_removed":["Strike_B"],"damage_healed":0,"gold_gain":0,"player_choice":"Offered Basic","damage_taken":0,"max_hp_gain":0,"max_hp_loss":0,"event_name":"Bonfire Elementals","floor":22,"gold_loss":0},{"damage_healed":0,"gold_gain":0,"player_choice":"Leave","damage_taken":0,"max_hp_gain":0,"max_hp_loss":0,"event_name":"FaceTrader","floor":38,"gold_loss":0},{"damage_healed":64,"gold_gain":0,"player_choice":"Heal","damage_taken":0,"max_hp_gain":0,"max_hp_loss":14,"event_name":"The Moai Head","floor":44,"gold_loss":0},{"damage_healed":0,"gold_gain":0,"player_choice":"Fight","damage_taken":0,"max_hp_gain":0,"max_hp_loss":0,"event_name":"MindBloom","floor":46,"gold_loss":0},{"damage_healed":0,"gold_gain":0,"player_choice":"Ignored","damage_taken":0,"max_hp_gain":0,"max_hp_loss":0,"event_name":"Transmorgrifier","floor":48,"gold_loss":0}],"is_beta":false,"boss_relics":[{"not_picked":["FrozenCore","Fusion Hammer"],"picked":"Cursed Key"},{"not_picked":["White Beast Statue","Snecko Eye"],"picked":"Orrery"}],"items_purged_floors":[3,39],"is_endless":false,"potions_floor_spawned":[1,7,8,11,16,24,33,35,36,37,47],"ascension_level":18}