{"gold_per_floor":[110,110,10,10,10,53,53,53,129,129,129,79,100,123,123,243,243,261,261,279,279,279,279,302,338,384,454,472,472,472,487,487,616,616,630,33,0,0,16,59,99,130,130,130,143,162,237,250,250,250],"floor_reached":51,"playtime":5572,"items_purged":["Writhe"],"score":918,"play_id":"66d76ca8-6d74-47ff-9bda-a518bca304f6","local_time":"20190705172258","is_ascension_mode":false,"campfire_choices":[{"data":"Dagger Spray","floor":8,"key":"SMITH"},{"data":"Footwork","floor":11,"key":"SMITH"},{"data":"Outmaneuver","floor":15,"key":"SMITH"},{"data":"Bullet Time","floor":23,"key":"SMITH"},{"data":"Sucker Punch","floor":29,"key":"SMITH"},{"data":"Neutralize","floor":32,"key":"SMITH"},{"data":"Noxious Fumes","floor":44,"key":"SMITH"},{"data":"Transmutation","floor":49,"key":"SMITH"}],"neow_cost":"NONE","seed_source_timestamp":373366673272709,"circlet_count":0,"master_deck":["Survivor","Neutralize+1","Footwork+1","Bouncing Flask","Dagger Spray+1","Deflect","Backflip","Poisoned Stab","Outmaneuver+1","Bullet Time+1","Adrenaline","Noxious Fumes+1","Dodge and Roll","Blade Dance","Flying Knee","Cloak And Dagger","Blur","Dodge and Roll+1","Tactician","RitualDagger","Dagger Throw+1","Quick Slash","Bane","Sucker Punch+1","Terror","Corpse Explosion","Dodge and Roll+1","Transmutation+1","Deflect+1","Accuracy+1","Backflip+1","Caltrops","Deadly Poison+1","Dagger Throw+1","Slice+1"],"relics":["Ring of the Snake","NeowsBlessing","Golden Idol","Pen Nib","Lantern","Shuriken","Vajra","Pandora\u0027s Box","Ornamental Fan","MutagenicStrength","Art of War","Tiny Chest","The Specimen","Eternal Feather","Happy Flower","ClockworkSouvenir","Red Mask","Blood Vial","Mango","Smiling Mask"],"potions_floor_usage":[24,27,33,50],"damage_taken":[{"damage":0,"enemies":"2 Louse","floor":1,"turns":1},{"damage":0,"enemies":"Lagavulin","floor":6,"turns":1},{"damage":0,"enemies":"Jaw Worm","floor":13,"turns":1},{"damage":0,"enemies":"Small Slimes","floor":14,"turns":2},{"damage":14,"enemies":"The Guardian","floor":16,"turns":8},{"damage":7,"enemies":"3 Byrds","floor":18,"turns":5},{"damage":0,"enemies":"2 Thieves","floor":20,"turns":4},{"damage":10,"enemies":"Cultist and Chosen","floor":24,"turns":6},{"damage":0,"enemies":"Gremlin Leader","floor":25,"turns":5},{"damage":0,"enemies":"Book of Stabbing","floor":27,"turns":5},{"damage":0,"enemies":"Shelled Parasite and Fungi","floor":28,"turns":2},{"damage":0,"enemies":"Snecko","floor":31,"turns":4},{"damage":34,"enemies":"Champ","floor":33,"turns":8},{"damage":12,"enemies":"3 Darklings","floor":35,"turns":4},{"damage":0,"enemies":"3 Shapes","floor":39,"turns":6},{"damage":0,"enemies":"Giant Head","floor":40,"turns":6},{"damage":0,"enemies":"Spire Growth","floor":41,"turns":3},{"damage":0,"enemies":"Reptomancer","floor":42,"turns":5},{"damage":2,"enemies":"Writhing Mass","floor":45,"turns":4},{"damage":3,"enemies":"3 Darklings","floor":46,"turns":3},{"damage":0,"enemies":"4 Shapes","floor":48,"turns":4},{"damage":96,"enemies":"Time Eater","floor":50,"turns":12}],"seed_played":"-3133910720607645741","potions_obtained":[{"floor":1,"key":"FearPotion"},{"floor":6,"key":"FairyPotion"},{"floor":14,"key":"GhostInAJar"},{"floor":25,"key":"FearPotion"},{"floor":27,"key":"FearPotion"},{"floor":33,"key":"SneckoOil"},{"floor":46,"key":"Strength Potion"},{"floor":48,"key":"PowerPotion"}],"is_trial":false,"path_per_floor":["M","?","$","?","?","E","T","R","T","?","R","?","M","M","R","B",null,"M","?","M","?","?","R","M","E","T","E","M","R","T","M","R","B",null,"M","$","?","?","M","E","M","E","T","R","M","M","?","M","R","B",null],"character_chosen":"THE_SILENT","items_purchased":["Dagger Spray","Deflect","Happy Flower","Transmutation","ClockworkSouvenir"],"campfire_rested":0,"item_purchase_floors":[3,3,36,36,36],"current_hp_per_floor":[70,70,70,75,57,57,57,57,57,54,54,54,54,54,54,40,75,68,68,68,68,62,62,52,52,52,52,52,52,52,52,52,18,75,63,63,63,85,85,85,85,99,99,99,97,96,87,89,99,3],"gold":250,"neow_bonus":"THREE_ENEMY_KILL","is_prod":false,"is_daily":false,"chose_seed":false,"campfire_upgraded":8,"win_rate":0,"timestamp":1562361778,"path_taken":["M","?","$","?","?","E","?","R","T","?","R","?","?","M","R","BOSS","M","?","M","?","?","R","M","E","T","E","M","R","?","M","R","BOSS","M","$","?","?","?","E","M","E","T","R","M","M","?","?","R","BOSS"],"build_version":"2019-07-01","purchased_purges":1,"victory":true,"max_hp_per_floor":[70,70,70,75,75,75,75,75,75,75,75,75,75,75,75,75,75,75,75,75,75,75,75,75,75,75,75,75,75,75,75,75,75,75,75,75,75,85,85,85,85,99,99,99,99,99,99,99,99,99],"card_choices":[{"not_picked":["Heel Hook","Blade Dance"],"picked":"Footwork","floor":1},{"not_picked":["Backstab","Finisher"],"picked":"Backflip","floor":6},{"not_picked":["Backflip","Predator"],"picked":"Poisoned Stab","floor":13},{"not_picked":["Backflip","Deadly Poison"],"picked":"Outmaneuver","floor":14},{"not_picked":["Storm of Steel","Doppelganger"],"picked":"Bullet Time","floor":16},{"not_picked":["Riddle With Holes","Acrobatics"],"picked":"Dodge and Roll+1","floor":18},{"not_picked":["Acrobatics","Riddle With Holes"],"picked":"Tactician","floor":20},{"not_picked":["Blade Dance","Acrobatics"],"picked":"Dagger Throw+1","floor":24},{"not_picked":["Dodge and Roll","Dash"],"picked":"Quick Slash","floor":25},{"not_picked":["Bouncing Flask","Tactician"],"picked":"Bane","floor":27},{"not_picked":["Underhanded Strike","Deflect"],"picked":"Sucker Punch","floor":28},{"not_picked":["Sucker Punch+1","Dagger Throw+1"],"picked":"Terror","floor":31},{"not_picked":["Doppelganger","Night Terror"],"picked":"Corpse Explosion","floor":33},{"not_picked":["Flechettes","Crippling Poison"],"picked":"Dodge and Roll+1","floor":35},{"not_picked":["PiercingWail","Envenom"],"picked":"Deflect+1","floor":39},{"not_picked":["Finisher","Calculated Gamble"],"picked":"Accuracy+1","floor":40},{"not_picked":["Choke+1","Dagger Throw+1"],"picked":"Backflip+1","floor":41},{"not_picked":["Skewer+1","Bullet Time"],"picked":"Caltrops","floor":42},{"not_picked":["Underhanded Strike","Masterful Stab"],"picked":"Deadly Poison+1","floor":45},{"not_picked":["Riddle With Holes","Distraction+1"],"picked":"Dagger Throw+1","floor":46},{"not_picked":["Tactician","Backstab"],"picked":"Slice+1","floor":48}],"player_experience":124691,"relics_obtained":[{"floor":6,"key":"Pen Nib"},{"floor":7,"key":"Lantern"},{"floor":9,"key":"Shuriken"},{"floor":25,"key":"Art of War"},{"floor":27,"key":"Tiny Chest"},{"floor":30,"key":"The Specimen"},{"floor":40,"key":"Blood Vial"},{"floor":42,"key":"Mango"},{"floor":43,"key":"Smiling Mask"}],"event_choices":[{"damage_healed":0,"gold_gain":0,"cards_transformed":["Strike_G"],"player_choice":"Change","damage_taken":0,"max_hp_gain":0,"max_hp_loss":0,"event_name":"Living Wall","floor":2,"gold_loss":0,"cards_obtained":["Bouncing Flask"]},{"damage_healed":0,"gold_gain":0,"player_choice":"Donut","damage_taken":0,"max_hp_gain":5,"max_hp_loss":0,"event_name":"Big Fish","floor":4,"gold_loss":0},{"damage_healed":0,"gold_gain":0,"player_choice":"Take Damage","damage_taken":18,"relics_obtained":["Golden Idol"],"max_hp_gain":0,"max_hp_loss":0,"event_name":"Golden Idol","floor":5,"gold_loss":0},{"damage_healed":0,"gold_gain":0,"player_choice":"Success","damage_taken":3,"relics_obtained":["Vajra"],"max_hp_gain":0,"max_hp_loss":0,"event_name":"Scrap Ooze","floor":10,"gold_loss":0},{"cards_removed":["Strike_G"],"damage_healed":0,"gold_gain":0,"player_choice":"Card Removal","damage_taken":0,"max_hp_gain":0,"max_hp_loss":0,"event_name":"The Cleric","floor":12,"gold_loss":50},{"damage_healed":0,"gold_gain":0,"player_choice":"Opened","damage_taken":0,"relics_obtained":["Ornamental Fan"],"max_hp_gain":0,"max_hp_loss":0,"event_name":"The Mausoleum","floor":19,"gold_loss":0,"cards_obtained":["Writhe"]},{"damage_healed":0,"gold_gain":0,"player_choice":"Inject Mutagens","damage_taken":0,"relics_obtained":["MutagenicStrength"],"max_hp_gain":0,"max_hp_loss":0,"event_name":"Drug Dealer","floor":21,"gold_loss":0},{"damage_healed":0,"gold_gain":0,"player_choice":"Joined the Cult","damage_taken":6,"max_hp_gain":0,"max_hp_loss":0,"event_name":"Nest","floor":22,"gold_loss":0,"cards_obtained":["RitualDagger"]},{"damage_healed":0,"gold_gain":0,"player_choice":"Paid","damage_taken":0,"relics_obtained":["Red Mask"],"max_hp_gain":0,"max_hp_loss":0,"event_name":"Tomb of Lord Red Mask","floor":37,"gold_loss":33},{"cards_removed":["Doppelganger"],"damage_healed":12,"gold_gain":0,"player_choice":"Offered Rare","damage_taken":0,"max_hp_gain":10,"max_hp_loss":0,"event_name":"Bonfire Elementals","floor":38,"gold_loss":0},{"damage_healed":0,"gold_gain":75,"player_choice":"Touch","damage_taken":9,"max_hp_gain":0,"max_hp_loss":0,"event_name":"FaceTrader","floor":47,"gold_loss":0}],"is_beta":false,"boss_relics":[{"not_picked":["Runic Dome","White Beast Statue"],"picked":"Pandora\u0027s Box"},{"not_picked":["Runic Pyramid","HoveringKite"],"picked":"Eternal Feather"}],"items_purged_floors":[36],"is_endless":false,"potions_floor_spawned":[1,6,14,25,27,33,46,48],"ascension_level":0}