{"gold_per_floor":[117,136,136,149,149,149,168,168,192,192,117,135,96,109,109,109],"floor_reached":16,"playtime":798,"items_purged":["Strike_B"],"score":161,"play_id":"ab0c88ae-deed-4e5c-a60c-f9b7ddd40f50","local_time":"20190809071448","is_ascension_mode":true,"campfire_choices":[{"data":"Zap","floor":6,"key":"SMITH"},{"data":"Dualcast","floor":8,"key":"SMITH"},{"data":"Hologram","floor":10,"key":"SMITH"},{"data":"Defragment","floor":15,"key":"SMITH"}],"neow_cost":"NONE","seed_source_timestamp":663316319126923,"circlet_count":0,"master_deck":["AscendersBane","Strike_B","Strike_B","Defend_B","Defend_B","Defend_B","Defend_B","Zap+1","Dualcast+1","Cold Snap","Hologram+1","Compile Driver","FTL","Gash","Defragment+1"],"relics":["Cracked Core","Centennial Puzzle"],"potions_floor_usage":[16],"damage_taken":[{"damage":16,"enemies":"Cultist","floor":1,"turns":4},{"damage":0,"enemies":"2 Louse","floor":2,"turns":2},{"damage":0,"enemies":"Small Slimes","floor":4,"turns":3},{"damage":6,"enemies":"Red Slaver","floor":7,"turns":4},{"damage":0,"enemies":"Exordium Thugs","floor":12,"turns":4},{"damage":5,"enemies":"Blue Slaver","floor":14,"turns":2},{"damage":41,"enemies":"Slime Boss","floor":16,"turns":10}],"seed_played":"-4530821405428737020","potions_obtained":[{"floor":14,"key":"EssenceOfSteel"}],"is_trial":false,"path_per_floor":["M","M","?","M","?","R","M","R","T","R","$","M","$","M","R","B"],"character_chosen":"DEFECT","items_purchased":["Defragment"],"campfire_rested":0,"item_purchase_floors":[13],"current_hp_per_floor":[48,48,48,48,48,48,42,42,42,42,42,42,42,37,37,0],"gold":109,"neow_bonus":"THREE_CARDS","is_prod":false,"is_daily":false,"chose_seed":false,"campfire_upgraded":4,"win_rate":0,"timestamp":1565302488,"path_taken":["M","M","?","?","?","R","M","R","T","R","$","M","$","M","R","BOSS"],"build_version":"2019-07-17","purchased_purges":1,"victory":false,"max_hp_per_floor":[71,71,71,71,71,71,71,71,71,71,71,71,71,71,71,71],"card_choices":[{"not_picked":["Barrage","Genetic Algorithm"],"picked":"White Noise","floor":0},{"not_picked":["Turbo","Steam Power"],"picked":"Cold Snap","floor":1},{"not_picked":["Ball Lightning","Hello World","Aggregate"],"picked":"SKIP","floor":2},{"not_picked":["Lockon","Cold Snap"],"picked":"Hologram","floor":4},{"not_picked":["Doom and Gloom","Rebound"],"picked":"FTL","floor":7},{"not_picked":["Rip and Tear","Fusion"],"picked":"Gash","floor":12},{"not_picked":["Turbo","Force Field","Skim"],"picked":"SKIP","floor":14}],"player_experience":469357,"relics_obtained":[{"floor":9,"key":"Centennial Puzzle"}],"event_choices":[{"cards_removed":["Strike_B"],"damage_healed":0,"gold_gain":0,"player_choice":"Card Removal","damage_taken":0,"max_hp_gain":0,"max_hp_loss":0,"event_name":"Wheel of Change","floor":3,"gold_loss":0},{"damage_healed":0,"gold_gain":0,"cards_transformed":["White Noise"],"player_choice":"Transformed","damage_taken":0,"max_hp_gain":0,"max_hp_loss":0,"event_name":"Transmorgrifier","floor":5,"gold_loss":0,"cards_obtained":["Compile Driver"]}],"is_beta":false,"boss_relics":[],"items_purged_floors":[11],"is_endless":false,"potions_floor_spawned":[14],"killed_by":"Slime Boss","ascension_level":15}