{"gold_per_floor":[111,111,111,126,151,151,187,187,187,187,211,99,99,120,120,249,249,270,270,284,133,151,151],"floor_reached":23,"playtime":1966,"items_purged":["Strike_R","Strike_R"],"score":283,"play_id":"bb4fa2ae-1fe5-43f9-a4a1-467d208ef779","local_time":"20181008092221","is_ascension_mode":true,"campfire_choices":[{"floor":6,"key":"REST"},{"floor":8,"key":"REST"},{"data":"Armaments","floor":13,"key":"SMITH"},{"floor":15,"key":"REST"}],"neow_cost":"PERCENT_DAMAGE","seed_source_timestamp":0,"circlet_count":0,"master_deck":["Strike_R","Strike_R+1","Strike_R","Defend_R","Defend_R","Defend_R","Defend_R","Bash+1","Dropkick","Metallicize","Iron Wave","Clothesline","Inflame","Armaments+1","Inflame","Inflame","Exhume","Pommel Strike","Spot Weakness","Armaments","True Grit+1","Sword Boomerang+1"],"special_seed":0,"relics":["Burning Blood","Bloody Idol","Prayer Wheel","Unceasing Top","Art of War","Busted Crown"],"potions_floor_usage":[7,23,23,23],"damage_taken":[{"damage":12.0,"enemies":"Small Slimes","floor":1.0,"turns":4.0},{"damage":1.0,"enemies":"2 Louse","floor":4.0,"turns":3.0},{"damage":7.0,"enemies":"Jaw Worm","floor":5.0,"turns":2.0},{"damage":15,"enemies":"Gremlin Nob","floor":7,"turns":4},{"damage":13,"enemies":"3 Louse","floor":11,"turns":6},{"damage":9,"enemies":"Blue Slaver","floor":14,"turns":4},{"damage":63,"enemies":"The Guardian","floor":16,"turns":9},{"damage":4,"enemies":"Chosen","floor":18,"turns":4},{"damage":45,"enemies":"2 Thieves","floor":20,"turns":5},{"damage":35,"enemies":"Snecko","floor":22,"turns":6},{"damage":31,"enemies":"Slavers","floor":23,"turns":2}],"seed_played":"-2466092625534797438","potions_obtained":[{"floor":1.0,"key":"PowerPotion"},{"floor":14,"key":"PowerPotion"},{"floor":16,"key":"EssenceOfSteel"},{"floor":20,"key":"Strength Potion"}],"is_trial":false,"path_per_floor":["M","?","?","M","M","R","E","R","T","?","M","$","R","M","R","B",null,"M","?","M","$","M"],"character_chosen":"IRONCLAD","items_purchased":["Inflame","Armaments"],"campfire_rested":3,"item_purchase_floors":[12,21],"current_hp_per_floor":[58,34,15,20,19,47,38,66,66,59,52,52,52,49,77,20,77,79,79,50,50,26,0],"gold":151,"neow_bonus":"TWENTY_PERCENT_HP_BONUS","is_prod":false,"is_daily":false,"chose_seed":false,"campfire_upgraded":1,"win_rate":0,"timestamp":1539008541,"path_taken":["M","?","?","M","M","R","E","R","T","?","M","$","R","M","R","BOSS","M","?","M","$","?","E"],"build_version":"2018-10-04v2","purchased_purges":2,"victory":false,"max_hp_per_floor":[96,96,96,96,96,96,96,96,96,96,96,96,96,96,96,96,96,96,96,96,96,96,96],"card_choices":[{"not_picked":["Heavy Blade","Sword Boomerang"],"picked":"Dropkick","floor":1.0},{"not_picked":["Seeing Red","Reckless Charge"],"picked":"Metallicize","floor":4.0},{"not_picked":["Heavy Blade","Havoc"],"picked":"Iron Wave","floor":5},{"not_picked":["Sever Soul","Heavy Blade"],"picked":"Clothesline","floor":7},{"not_picked":["Clash","Headbutt"],"picked":"Inflame","floor":11},{"not_picked":["Bludgeon","Bloodletting"],"picked":"Armaments","floor":11},{"not_picked":["Pummel","Wild Strike"],"picked":"Inflame","floor":14},{"not_picked":["Cleave","Pummel","Warcry"],"picked":"SKIP","floor":14},{"not_picked":["Juggernaut","Fiend Fire"],"picked":"Exhume","floor":16},{"not_picked":[],"picked":"Pommel Strike","floor":18},{"not_picked":[],"picked":"Spot Weakness","floor":18},{"not_picked":["Perfected Strike"],"picked":"SKIP","floor":20},{"not_picked":["Thunderclap"],"picked":"SKIP","floor":20},{"not_picked":[],"picked":"True Grit+1","floor":22},{"not_picked":[],"picked":"Sword Boomerang+1","floor":22}],"player_experience":206839,"relics_obtained":[{"floor":7,"key":"Prayer Wheel"},{"floor":9,"key":"Unceasing Top"}],"event_choices":[{"event_name":"Golden Idol","player_choice":"Take Damage","floor":2.0,"damage_taken":0.0},{"event_name":"Shining Light","player_choice":"Entered Light","floor":3.0,"damage_taken":0.0},{"event_name":"Scrap Ooze","player_choice":"success","floor":10,"damage_taken":7},{"event_name":"Forgotten Altar","player_choice":"Gave Idol","floor":19,"damage_taken":0}],"is_beta":false,"boss_relics":[{"not_picked":["Runic Pyramid","Black Star"],"picked":"Busted Crown"}],"items_purged_floors":[12,21],"is_endless":false,"potions_floor_spawned":[1,14,16,20,22],"killed_by":"Slavers","ascension_level":7}