{"gold_per_floor":[110,35,35,46,61,61,74,109,181,199,199,211,244,66,66,163,163,179,278,289,94,112,112,177,177,201,201,228,147,160,170,170,270,270,283,297,313,313,328,328,24,24],"floor_reached":42,"playtime":8081,"items_purged":["Defend_B","Strike_B","Defend_B","Fusion"],"score":608,"play_id":"5f5248d9-108c-4f3a-b561-caa169c785cd","local_time":"20190713024847","is_ascension_mode":true,"campfire_choices":[{"data":"Glacier","floor":6,"key":"SMITH"},{"data":"Dualcast","floor":11,"key":"SMITH"},{"data":"Reinforced Body","floor":15,"key":"SMITH"},{"data":"Defragment","floor":23,"key":"SMITH"},{"data":"Conserve Battery","floor":27,"key":"SMITH"},{"floor":32,"key":"REST"},{"data":"Capacitor","floor":40,"key":"SMITH"}],"neow_cost":"NONE","seed_source_timestamp":520083782088254,"circlet_count":0,"master_deck":["Zap+1","Dualcast+1","Glacier+1","Self Repair","Streamline","Reinforced Body+1","Hologram","Conserve Battery+1","Electrodynamics","Buffer","Leap+1","Defragment+1","Coolheaded+1","Blizzard","Capacitor+1","Steam+1","Seek","Seek","Melter","Scrape","Echo Form"],"relics":["Cracked Core","Pocketwatch","Sundial","Bronze Scales","Black Star","Meat on the Bone","Tiny Chest","Orichalcum","Bag of Marbles","Darkstone Periapt","Pandora\u0027s Box","Happy Flower"],"potions_floor_usage":[16,18,33,33,42,42],"damage_taken":[{"damage":0,"enemies":"Cultist","floor":1,"turns":4},{"damage":0,"enemies":"Small Slimes","floor":4,"turns":3},{"damage":7,"enemies":"Jaw Worm","floor":5,"turns":4},{"damage":4,"enemies":"Red Slaver","floor":7,"turns":4},{"damage":19,"enemies":"3 Sentries","floor":8,"turns":10},{"damage":0,"enemies":"Looter","floor":10,"turns":3},{"damage":2,"enemies":"Exordium Thugs","floor":12,"turns":5},{"damage":2,"enemies":"Lagavulin","floor":13,"turns":6},{"damage":6,"enemies":"Hexaghost","floor":16,"turns":9},{"damage":0,"enemies":"Chosen","floor":18,"turns":5},{"damage":7,"enemies":"Shell Parasite","floor":20,"turns":6},{"damage":8,"enemies":"Snake Plant","floor":22,"turns":4},{"damage":31,"enemies":"Slavers","floor":24,"turns":4},{"damage":9,"enemies":"Book of Stabbing","floor":28,"turns":7},{"damage":0,"enemies":"3 Cultists","floor":30,"turns":6},{"damage":25,"enemies":"Shelled Parasite and Fungi","floor":31,"turns":7},{"damage":6,"enemies":"Automaton","floor":33,"turns":12},{"damage":0,"enemies":"Orb Walker","floor":35,"turns":6},{"damage":19,"enemies":"3 Shapes","floor":36,"turns":5},{"damage":0,"enemies":"Maw","floor":37,"turns":11},{"damage":25,"enemies":"3 Darklings","floor":39,"turns":6},{"damage":54,"enemies":"Transient","floor":42,"turns":5}],"seed_played":"1049447012934761280","potions_obtained":[{"floor":5,"key":"PowerPotion"},{"floor":7,"key":"SpeedPotion"},{"floor":8,"key":"PowerPotion"},{"floor":12,"key":"Block Potion"},{"floor":22,"key":"EssenceOfSteel"},{"floor":24,"key":"PowerPotion"},{"floor":39,"key":"Strength Potion"}],"is_trial":false,"path_per_floor":["M","$","?","M","M","R","M","E","T","M","R","M","E","$","R","B",null,"M","?","M","$","M","R","E","?","T","R","E","$","M","M","R","B",null,"M","M","M","?","M","R","$","M"],"character_chosen":"DEFECT","items_purchased":["Electrodynamics","Defragment","Capacitor","Happy Flower"],"campfire_rested":1,"item_purchase_floors":[14,21,29,41],"current_hp_per_floor":[68,68,68,68,68,68,71,59,59,59,59,64,69,69,69,70,74,75,75,75,75,74,74,50,50,50,50,48,48,55,49,71,72,74,75,63,70,70,52,52,52,0],"gold":24,"neow_bonus":"UPGRADE_CARD","is_prod":false,"is_daily":false,"chose_seed":false,"campfire_upgraded":6,"win_rate":0,"timestamp":1562953727,"path_taken":["M","?","?","M","M","R","M","E","T","?","R","M","E","?","R","BOSS","M","?","M","$","M","R","E","?","T","R","E","$","?","M","R","BOSS","M","M","M","?","?","R","$","M"],"build_version":"2019-07-05","purchased_purges":4,"victory":false,"max_hp_per_floor":[75,75,75,75,75,75,75,75,75,75,75,75,75,75,75,75,75,75,75,75,75,75,75,75,75,75,75,75,75,75,75,75,75,75,75,75,75,75,75,75,75,75],"card_choices":[{"not_picked":["Gash","Chill"],"picked":"Glacier","floor":1},{"not_picked":["Compile Driver","Genetic Algorithm"],"picked":"Self Repair","floor":4},{"not_picked":["Leap","Coolheaded"],"picked":"Streamline","floor":5},{"not_picked":["Chaos","Redo"],"picked":"Reinforced Body","floor":7},{"not_picked":["Self Repair","Darkness","Compile Driver"],"picked":"SKIP","floor":8},{"not_picked":["Coolheaded","Rip and Tear"],"picked":"Hologram","floor":10},{"not_picked":["Gash","Undo","Reboot"],"picked":"SKIP","floor":12},{"not_picked":["Gash","Compile Driver"],"picked":"Conserve Battery","floor":13},{"not_picked":["Fission","Amplify"],"picked":"Buffer","floor":16},{"not_picked":["Gash","Skim","Hello World"],"picked":"SKIP","floor":18},{"not_picked":["Go for the Eyes+1","Beam Cell+1"],"picked":"Leap+1","floor":20},{"not_picked":["Barrage+1","Gash"],"picked":"Coolheaded+1","floor":22},{"not_picked":["Rebound","Barrage","Conserve Battery"],"picked":"SKIP","floor":24},{"not_picked":["Static Discharge+1","Genetic Algorithm"],"picked":"Blizzard","floor":28},{"not_picked":["Double Energy","Blizzard","Loop"],"picked":"SKIP","floor":30},{"not_picked":["Recycle","Chill"],"picked":"Steam+1","floor":31},{"not_picked":["Reboot","Meteor Strike"],"picked":"Seek","floor":33},{"not_picked":["Lockon+1","Compile Driver","Reinforced Body+1"],"picked":"SKIP","floor":35},{"not_picked":["Stack+1","Hologram+1","Go for the Eyes+1"],"picked":"SKIP","floor":36},{"not_picked":["Steam+1","Blizzard","Hello World"],"picked":"SKIP","floor":37},{"not_picked":["Redo","Rebound+1"],"picked":"Echo Form","floor":39}],"player_experience":239801,"relics_obtained":[{"floor":8,"key":"Pocketwatch"},{"floor":9,"key":"Sundial"},{"floor":13,"key":"Bronze Scales"},{"floor":24,"key":"Meat on the Bone"},{"floor":24,"key":"Tiny Chest"},{"floor":26,"key":"Orichalcum"},{"floor":28,"key":"Bag of Marbles"},{"floor":28,"key":"Darkstone Periapt"}],"event_choices":[{"damage_healed":0,"gold_gain":0,"player_choice":"Ignored","damage_taken":0,"max_hp_gain":0,"max_hp_loss":0,"event_name":"Liars Game","floor":3,"gold_loss":0},{"damage_healed":0,"gold_gain":99,"player_choice":"Stole From Cult","damage_taken":0,"max_hp_gain":0,"max_hp_loss":0,"event_name":"Nest","floor":19,"gold_loss":0},{"damage_healed":0,"gold_gain":0,"player_choice":"Ignored","damage_taken":0,"max_hp_gain":0,"max_hp_loss":0,"event_name":"Cursed Tome","floor":25,"gold_loss":0},{"cards_removed":["Amplify"],"damage_healed":0,"gold_gain":0,"player_choice":"Purged","damage_taken":0,"max_hp_gain":0,"max_hp_loss":0,"event_name":"Purifier","floor":38,"gold_loss":0}],"is_beta":false,"boss_relics":[{"not_picked":["Philosopher\u0027s Stone","Velvet Choker"],"picked":"Black Star"},{"not_picked":["Runic Pyramid","Fusion Hammer"],"picked":"Pandora\u0027s Box"}],"items_purged_floors":[2,14,21,41],"is_endless":false,"potions_floor_spawned":[5,7,8,10,12,22,24,30,31,39],"killed_by":"Transient","ascension_level":7}