{"gold_per_floor":[115,115,115,40,51,76,76,104,130,150,169,201,213,246,246,345,345,360,370,370,390,55,83,83,113,113,128,145,156,186,200,200,200],"floor_reached":33,"playtime":3545,"items_purged":["Pain"],"score":406,"play_id":"01c64482-c562-4668-b16a-f77c106ea274","local_time":"20180912153437","is_ascension_mode":true,"campfire_choices":[{"floor":7,"key":"REST"},{"data":"Shockwave","floor":15,"key":"SMITH"},{"floor":24,"key":"REST"},{"floor":32,"key":"REST"}],"neow_cost":"PERCENT_DAMAGE","seed_source_timestamp":2483740115951846,"circlet_count":0,"master_deck":["Strike_R","Strike_R","Strike_R","Strike_R","Strike_R","Defend_R","Defend_R+1","Defend_R","Defend_R+1","Bash","Flex","Infernal Blade","Cleave","Headbutt","Infernal Blade","Shockwave+1","Double Tap","Clothesline+1","Barricade+1","Berserk+1","Carnage","Dual Wield","Iron Wave","Cleave","Flash of Steel","Flex","Thunderclap","Trip","Cold Snap","Good Instincts","Dramatic Entrance+1"],"relics":["Burning Blood","Gambling Chip","WarpedTongs","Vajra","Lantern","Oddly Smooth Stone","Matryoshka","PreservedInsect","Astrolabe","PrismaticShard","Potion Belt","Ginger","Anchor","Darkstone Periapt","Tiny Chest","Bronze Scales"],"potions_floor_usage":[19,21,23,29,29,33],"damage_taken":[{"damage":0,"enemies":"2 Louse","floor":1,"turns":5},{"damage":2,"enemies":"Jaw Worm","floor":5,"turns":4},{"damage":12,"enemies":"3 Sentries","floor":6,"turns":7},{"damage":9,"enemies":"Lagavulin","floor":8,"turns":7},{"damage":0,"enemies":"Small Slimes","floor":10,"turns":2},{"damage":2,"enemies":"Looter","floor":11,"turns":2},{"damage":9,"enemies":"3 Sentries","floor":12,"turns":5},{"damage":0,"enemies":"3 Louse","floor":13,"turns":1},{"damage":0,"enemies":"Gremlin Nob","floor":14,"turns":2},{"damage":12,"enemies":"Slime Boss","floor":16,"turns":7},{"damage":17,"enemies":"Spheric Guardian","floor":18,"turns":4},{"damage":9,"enemies":"2 Thieves","floor":19,"turns":3},{"damage":19,"enemies":"Colosseum Slavers","floor":20,"turns":4},{"damage":35,"enemies":"Cultist and Chosen","floor":21,"turns":6},{"damage":14,"enemies":"Book of Stabbing","floor":23,"turns":4},{"damage":0,"enemies":"Slavers","floor":25,"turns":2},{"damage":0,"enemies":"Chosen and Byrds","floor":27,"turns":4},{"damage":23,"enemies":"Shelled Parasite and Fungi","floor":28,"turns":4},{"damage":28,"enemies":"Centurion and Healer","floor":29,"turns":4},{"damage":48,"enemies":"Snecko","floor":31,"turns":5},{"damage":54,"enemies":"Collector","floor":33,"turns":6}],"seed_played":"-3056995673543594964","potions_obtained":[{"floor":5,"key":"FairyPotion"},{"floor":10,"key":"Fire Potion"},{"floor":13,"key":"Block Potion"},{"floor":14,"key":"Ancient Potion"},{"floor":18,"key":"AttackPotion"},{"floor":21,"key":"LiquidBronze"},{"floor":25,"key":"EssenceOfSteel"},{"floor":28,"key":"Poison Potion"},{"floor":31,"key":"SkillPotion"}],"is_trial":false,"path_per_floor":["M","?","?","$","M","E","R","E","T","M","M","E","M","E","R","B",null,"M","M","?","M","$","E","R","E","T","M","M","M","T","M","R"],"character_chosen":"IRONCLAD","items_purchased":["PrismaticShard","Cleave","Flash of Steel"],"campfire_rested":3,"item_purchase_floors":[22,22,22],"current_hp_per_floor":[62,46,46,46,50,44,68,65,65,71,75,72,78,80,80,74,80,69,66,63,34,34,29,53,59,59,65,48,26,26,14,38,0],"gold":200,"neow_bonus":"ONE_RARE_RELIC","is_prod":false,"is_daily":false,"chose_seed":false,"campfire_upgraded":1,"win_rate":0,"timestamp":1536784477,"path_taken":["M","?","?","$","M","E","R","E","T","M","M","E","M","E","R","BOSS","M","M","?","M","$","E","R","E","T","M","?","M","?","M","R","BOSS"],"build_version":"2018-09-06","purchased_purges":1,"victory":false,"max_hp_per_floor":[80,80,80,80,80,80,80,80,80,80,80,80,80,80,80,80,80,80,80,80,80,80,83,83,83,83,83,83,83,83,83,83,83],"card_choices":[{"not_picked":["Shockwave","Seeing Red"],"picked":"Flex","floor":1},{"not_picked":["Burning Pact","Shrug It Off"],"picked":"Twin Strike","floor":5},{"not_picked":["Armaments","Intimidate"],"picked":"Shrug It Off","floor":6},{"not_picked":["Sever Soul","Thunderclap"],"picked":"Infernal Blade","floor":8},{"not_picked":["Sword Boomerang","Warcry"],"picked":"Cleave","floor":10},{"not_picked":["Twin Strike","Havoc"],"picked":"Iron Wave","floor":11},{"not_picked":["Blood for Blood","Havoc"],"picked":"Headbutt","floor":12},{"not_picked":["Offering","Shrug It Off"],"picked":"Infernal Blade","floor":13},{"not_picked":["Clothesline","Pummel"],"picked":"Shockwave","floor":14},{"not_picked":["Dark Embrace","Immolate"],"picked":"Double Tap","floor":16},{"not_picked":["Iron Wave","Anger"],"picked":"Carnage","floor":18},{"not_picked":["Corruption","Evolve"],"picked":"Dual Wield","floor":19},{"not_picked":["Evolve+1","Wild Strike"],"picked":"Iron Wave","floor":21},{"not_picked":["Dagger Throw","Headbutt"],"picked":"Flex","floor":23},{"not_picked":["Phantasmal Killer","Skim"],"picked":"Thunderclap","floor":25},{"not_picked":["Hologram","Setup+1"],"picked":"Trip","floor":27},{"not_picked":["Leap","True Grit+1"],"picked":"Cold Snap","floor":28},{"not_picked":["Prepared","Streamline"],"picked":"Good Instincts","floor":29},{"not_picked":["Self Repair","Catalyst"],"picked":"Dramatic Entrance+1","floor":31}],"player_experience":45102,"relics_obtained":[{"floor":6,"key":"Vajra"},{"floor":8,"key":"Lantern"},{"floor":9,"key":"Oddly Smooth Stone"},{"floor":12,"key":"Matryoshka"},{"floor":14,"key":"PreservedInsect"},{"floor":23,"key":"Potion Belt"},{"floor":25,"key":"Ginger"},{"floor":26,"key":"Anchor"},{"floor":26,"key":"Darkstone Periapt"},{"floor":30,"key":"Tiny Chest"},{"floor":30,"key":"Bronze Scales"}],"event_choices":[{"event_name":"Shining Light","player_choice":"Entered Light","floor":2,"damage_taken":0},{"event_name":"Accursed Blacksmith","player_choice":"Rummage","floor":3,"damage_taken":0},{"event_name":"Colosseum","player_choice":"Fight","floor":20,"damage_taken":0},{"event_name":"Colosseum","player_choice":"Fled From Nobs","floor":20,"damage_taken":0}],"is_beta":false,"boss_relics":[{"not_picked":["Lizard Tail","Tiny House"],"picked":"Astrolabe"}],"items_purged_floors":[4],"is_endless":false,"potions_floor_spawned":[5,10,13,14,18,21,25,28,31],"killed_by":"Collector","ascension_level":2}