{"gold_per_floor":[142,142,153,7,26,26,38,58,58,132,132,95,95,112,112,207,207,220,220,230,241,261,261,287,287,287,312,330,342,353,353],"floor_reached":31,"playtime":2848,"items_purged":["Regret"],"score":442,"play_id":"c2716507-aeb0-41b2-8668-0d25a6201c5a","local_time":"20190723100358","is_ascension_mode":true,"campfire_choices":[{"data":"Turbo","floor":6,"key":"SMITH"},{"data":"Dualcast","floor":11,"key":"SMITH"},{"data":"Double Energy","floor":13,"key":"SMITH"},{"floor":15,"key":"REST"},{"floor":23,"key":"REST"},{"floor":25,"key":"REST"}],"neow_cost":"NONE","seed_source_timestamp":20641635366164,"circlet_count":0,"master_deck":["Strike_B","Strike_B","Strike_B","Strike_B","Defend_B","Defend_B","Defend_B","Defend_B","Zap","Dualcast+1","Cold Snap","Ball Lightning","Compile Driver","Turbo+1","Steam","Beam Cell","FTL","Double Energy+1","Coolheaded","Amplify","Aggregate","Sunder","Go for the Eyes","Stack","All For One","Hello World+1","Loop+1","Hologram+1","Glacier","Ball Lightning+1","Barrage+1","Machine Learning+1","Leap","Beam Cell+1","Steam"],"relics":["Cracked Core","Tiny Chest","Shuriken","Frozen Egg 2","Mummified Hand","Orrery","Matryoshka","DataDisk","Sundial","Strawberry"],"potions_floor_usage":[7,18,21,22,24],"damage_taken":[{"damage":2,"enemies":"Jaw Worm","floor":1,"turns":3},{"damage":9,"enemies":"2 Louse","floor":3,"turns":2},{"damage":0,"enemies":"Cultist","floor":5,"turns":2},{"damage":4,"enemies":"Exordium Thugs","floor":7,"turns":4},{"damage":8,"enemies":"Blue Slaver","floor":8,"turns":2},{"damage":0,"enemies":"3 Louse","floor":14,"turns":2},{"damage":0,"enemies":"Slime Boss","floor":16,"turns":5},{"damage":4,"enemies":"Spheric Guardian","floor":18,"turns":3},{"damage":28,"enemies":"2 Thieves","floor":20,"turns":5},{"damage":8,"enemies":"Centurion and Healer","floor":21,"turns":6},{"damage":3,"enemies":"Shelled Parasite and Fungi","floor":22,"turns":4},{"damage":17,"enemies":"Gremlin Leader","floor":24,"turns":4},{"damage":29,"enemies":"Slavers","floor":27,"turns":4},{"damage":11,"enemies":"Snake Plant","floor":28,"turns":4},{"damage":24,"enemies":"Centurion and Healer","floor":29,"turns":4},{"damage":3,"enemies":"Cultist and Chosen","floor":30,"turns":4},{"damage":5,"enemies":"Snake Plant","floor":31,"turns":1}],"seed_played":"1418699841877333102","potions_obtained":[{"floor":3,"key":"EntropicBrew"},{"floor":14,"key":"FairyPotion"},{"floor":16,"key":"AttackPotion"},{"floor":18,"key":"Energy Potion"},{"floor":21,"key":"Swift Potion"},{"floor":29,"key":"Fire Potion"}],"is_trial":false,"path_per_floor":["M","?","M","$","M","R","M","M","T","T","R","$","R","M","R","B",null,"M","?","M","M","M","R","E","R","T","E","M","M","M","M"],"character_chosen":"DEFECT","items_purchased":["Compile Driver","Turbo","Double Energy"],"campfire_rested":3,"item_purchase_floors":[4,4,12],"current_hp_per_floor":[66,66,57,57,57,57,53,45,45,45,45,45,45,45,67,67,73,69,69,41,33,30,52,35,57,57,35,24,8,5,0],"gold":353,"neow_bonus":"RANDOM_COMMON_RELIC","is_prod":false,"is_daily":false,"chose_seed":false,"campfire_upgraded":3,"win_rate":0,"timestamp":1563890638,"path_taken":["M","?","M","$","M","R","M","M","T","?","R","?","R","M","R","BOSS","M","?","M","M","M","R","E","R","T","E","M","M","M","M"],"build_version":"2019-07-17","purchased_purges":1,"victory":false,"max_hp_per_floor":[75,75,75,75,75,75,75,75,75,75,75,75,75,75,75,75,75,75,75,75,75,75,75,75,75,75,82,82,82,82,82],"card_choices":[{"not_picked":["Beam Cell","Blizzard"],"picked":"Cold Snap","floor":1},{"not_picked":["Streamline","Fusion"],"picked":"Ball Lightning","floor":3},{"not_picked":["Blizzard","Cold Snap"],"picked":"Steam","floor":5},{"not_picked":["Redo","Steam"],"picked":"Beam Cell","floor":7},{"not_picked":["Reprogram","Leap"],"picked":"FTL","floor":8},{"not_picked":["Sweeping Beam","Melter"],"picked":"Coolheaded","floor":14},{"not_picked":["Meteor Strike","Thunder Strike"],"picked":"Amplify","floor":16},{"not_picked":["Gash","Streamline"],"picked":"Aggregate","floor":17},{"not_picked":["Turbo","Beam Cell"],"picked":"Sunder","floor":17},{"not_picked":["Sweeping Beam","Force Field"],"picked":"Go for the Eyes","floor":17},{"not_picked":["Ball Lightning","Force Field"],"picked":"Stack","floor":17},{"not_picked":["Tempest","Sweeping Beam"],"picked":"All For One","floor":17},{"not_picked":["Rebound","Redo"],"picked":"Hello World+1","floor":18},{"not_picked":["Reprogram","Ball Lightning"],"picked":"Hologram+1","floor":20},{"not_picked":["Hologram","Coolheaded"],"picked":"Glacier","floor":21},{"not_picked":["Beam Cell","Steam"],"picked":"Ball Lightning+1","floor":22},{"not_picked":["Redo","Ball Lightning"],"picked":"Barrage+1","floor":24},{"not_picked":["Barrage","Steam"],"picked":"Machine Learning+1","floor":27},{"not_picked":["Steam","Doom and Gloom+1"],"picked":"Leap","floor":28},{"not_picked":["Go for the Eyes","Gash+1"],"picked":"Beam Cell+1","floor":29},{"not_picked":["Rebound","Streamline"],"picked":"Steam","floor":30}],"player_experience":292508,"relics_obtained":[{"floor":9,"key":"Frozen Egg 2"},{"floor":10,"key":"Mummified Hand"},{"floor":24,"key":"Matryoshka"},{"floor":26,"key":"DataDisk"},{"floor":26,"key":"Sundial"},{"floor":27,"key":"Strawberry"}],"event_choices":[{"damage_healed":0,"gold_gain":0,"player_choice":"Box","damage_taken":0,"relics_obtained":["Shuriken"],"max_hp_gain":0,"max_hp_loss":0,"event_name":"Big Fish","floor":2,"gold_loss":0,"cards_obtained":["Regret"]},{"damage_healed":0,"gold_gain":0,"player_choice":"Read","damage_taken":0,"max_hp_gain":0,"max_hp_loss":0,"event_name":"The Library","floor":19,"gold_loss":0,"cards_obtained":["Loop"]}],"is_beta":false,"boss_relics":[{"not_picked":["Tiny House","Empty Cage"],"picked":"Orrery"}],"items_purged_floors":[4],"is_endless":false,"potions_floor_spawned":[3,14,16,18,20,21,29],"killed_by":"Snake Plant","ascension_level":6}