{"gold_per_floor":[110,110,129,140,140,140,158,158,158,158,193,209,209,134,134,230,230,197,211,222,222,233,233,233,233,233,244,244,70,70,89,89,192,192,207,207,82,82,82,82,82,97,97,97,126,126,137,155,155,155],"floor_reached":51,"playtime":7407,"items_purged":["Strike_B","Defend_B","Defend_B"],"score":650,"play_id":"b90dad2c-1e99-4809-88a5-f8a9a18e8798","local_time":"20190720010759","is_ascension_mode":false,"campfire_choices":[{"data":"Zap","floor":6.0,"key":"SMITH"},{"data":"Reinforced Body","floor":8.0,"key":"SMITH"},{"data":"Dualcast","floor":10.0,"key":"SMITH"},{"data":"Capacitor","floor":15.0,"key":"SMITH"},{"floor":23.0,"key":"REST"},{"data":"Glacier","floor":25.0,"key":"SMITH"},{"data":"Go for the Eyes","floor":28.0,"key":"SMITH"},{"data":"Defragment","floor":32.0,"key":"SMITH"},{"data":"Auto Shields","floor":40,"key":"SMITH"},{"data":"Gash","floor":44,"key":"SMITH"},{"data":"FTL","floor":46,"key":"SMITH"},{"data":"Gash","floor":49,"key":"SMITH"}],"neow_cost":"NONE","seed_source_timestamp":1119470068322610,"circlet_count":0,"master_deck":["Defend_B","Zap+1","Dualcast+1","Go for the Eyes+1","Reinforced Body+1","Capacitor+1","Gash+1","Chill","Machine Learning","FTL+1","Glacier+1","Bite","Bite","Bite","Bite","Bite","Auto Shields+1","Defragment+1","Hologram+1","Hologram+1","Master of Strategy","Master of Strategy","Gash+1","Gash+1"],"special_seed":0,"relics":["Philosopher\u0027s Stone"],"potions_floor_usage":[50],"damage_taken":[{"damage":0.0,"enemies":"Small Slimes","floor":1.0,"turns":3.0},{"damage":3.0,"enemies":"Jaw Worm","floor":3.0,"turns":4.0},{"damage":0.0,"enemies":"2 Louse","floor":4.0,"turns":3.0},{"damage":5.0,"enemies":"Exordium Wildlife","floor":7.0,"turns":3.0},{"damage":19.0,"enemies":"Lagavulin","floor":11.0,"turns":9.0},{"damage":3.0,"enemies":"2 Fungi Beasts","floor":12.0,"turns":4.0},{"damage":11.0,"enemies":"The Guardian","floor":16.0,"turns":15.0},{"damage":17.0,"enemies":"2 Thieves","floor":18.0,"turns":5.0},{"damage":38.0,"enemies":"3 Byrds","floor":19.0,"turns":7.0},{"damage":2.0,"enemies":"Snecko","floor":20.0,"turns":8.0},{"damage":20.0,"enemies":"Snake Plant","floor":22.0,"turns":8.0},{"damage":0.0,"enemies":"3 Cultists","floor":27.0,"turns":5.0},{"damage":7.0,"enemies":"Shelled Parasite and Fungi","floor":31.0,"turns":7.0},{"damage":7.0,"enemies":"Collector","floor":33.0,"turns":17.0},{"damage":14.0,"enemies":"3 Darklings","floor":35.0,"turns":8.0},{"damage":0,"enemies":"Orb Walker","floor":42,"turns":5},{"damage":17,"enemies":"Reptomancer","floor":45,"turns":12},{"damage":5,"enemies":"Spire Growth","floor":47,"turns":7},{"damage":0,"enemies":"Writhing Mass","floor":48,"turns":11},{"damage":3,"enemies":"Time Eater","floor":50,"turns":16}],"seed_played":"-1144628516253298453","potions_obtained":[{"floor":7.0,"key":"Explosive Potion"},{"floor":16.0,"key":"Swift Potion"},{"floor":18.0,"key":"EssenceOfSteel"},{"floor":20.0,"key":"FearPotion"},{"floor":22.0,"key":"AttackPotion"},{"floor":42,"key":"EssenceOfSteel"},{"floor":47,"key":"Regen Potion"}],"is_trial":false,"path_per_floor":["M","?","M","M","?","R","M","R","T","R","E","M","?","$","R","B",null,"M","M","M","?","M","R","?","R","T","M","R","$","?","M","R","B",null,"M","?","$","?","?","R","$","M","T","R","E","R","M","M","R","B",null],"character_chosen":"DEFECT","items_purchased":["Defragment"],"campfire_rested":1,"item_purchase_floors":[29],"current_hp_per_floor":[75,75,72,72,72,72,67,67,67,67,48,45,50,50,50,39,80,63,25,23,23,3,27,27,27,27,39,39,39,30,43,43,61,61,61,61,61,51,51,51,51,61,61,61,61,61,61,61,61,61],"gold":155,"neow_bonus":"BOSS_RELIC","is_prod":false,"is_daily":false,"chose_seed":false,"campfire_upgraded":11,"win_rate":0,"timestamp":1563552479,"path_taken":["M","?","M","M","?","R","M","R","T","R","E","M","?","$","R","BOSS","M","M","M","?","M","R","?","R","T","M","R","$","?","M","R","BOSS","M","?","$","?","?","R","$","M","T","R","E","R","M","M","R","BOSS"],"build_version":"2019-07-17","purchased_purges":3,"victory":true,"max_hp_per_floor":[75,75,75,75,75,75,75,75,75,75,75,75,80,80,80,80,80,80,80,80,80,80,80,56,56,56,56,56,56,61,61,61,61,61,61,61,61,61,61,61,61,61,61,61,61,61,61,61,61,61],"card_choices":[{"not_picked":["Steam","Rebound"],"picked":"Go for the Eyes","floor":1.0},{"not_picked":["Compile Driver","Rebound"],"picked":"Reinforced Body","floor":3.0},{"not_picked":["Ball Lightning","Steam"],"picked":"Capacitor","floor":4.0},{"not_picked":["Go for the Eyes","Buffer"],"picked":"Gash","floor":7.0},{"not_picked":["Reinforced Body","Double Energy"],"picked":"Chill","floor":11.0},{"not_picked":["Compile Driver","Conserve Battery","Sweeping Beam"],"picked":"SKIP","floor":12.0},{"not_picked":["Fission","Amplify"],"picked":"Machine Learning","floor":16.0},{"not_picked":["Stack","Self Repair"],"picked":"Cold Snap","floor":18.0},{"not_picked":["Rebound","Scrape","Skim+1"],"picked":"SKIP","floor":19.0},{"not_picked":["Capacitor","Rip and Tear"],"picked":"FTL","floor":20.0},{"not_picked":["Cold Snap","Conserve Battery"],"picked":"Glacier","floor":22.0},{"not_picked":["Cold Snap+1","Rebound+1"],"picked":"Auto Shields","floor":27.0},{"not_picked":["Doom and Gloom","Turbo"],"picked":"Hologram+1","floor":31.0},{"not_picked":["Compile Driver","Streamline"],"picked":"Hologram+1","floor":35.0},{"not_picked":["Discovery","Purity"],"picked":"Master of Strategy","floor":38},{"not_picked":["Thinking Ahead","Swift Strike"],"picked":"Master of Strategy","floor":38},{"not_picked":["Compile Driver","Conserve Battery+1","Double Energy"],"picked":"SKIP","floor":42},{"not_picked":["Sweeping Beam+1","Compile Driver"],"picked":"Gash+1","floor":45},{"not_picked":["Beam Cell+1","Glacier"],"picked":"Gash","floor":47},{"not_picked":["Beam Cell","Chaos","Turbo+1"],"picked":"SKIP","floor":48}],"player_experience":334160,"relics_obtained":[],"event_choices":[{"damage_healed":0.0,"max_hp_gain":0.0,"max_hp_loss":0.0,"gold_gain":0.0,"event_name":"Liars Game","player_choice":"Ignored","floor":2.0,"gold_loss":0.0,"damage_taken":0.0},{"cards_removed":["Defend_B"],"damage_healed":0.0,"max_hp_gain":0.0,"max_hp_loss":0.0,"gold_gain":0.0,"event_name":"Living Wall","player_choice":"Forget","floor":5.0,"gold_loss":0.0,"damage_taken":0.0},{"damage_healed":0.0,"max_hp_gain":5.0,"max_hp_loss":0.0,"gold_gain":0.0,"event_name":"Big Fish","player_choice":"Donut","floor":13.0,"gold_loss":0.0,"damage_taken":0.0},{"damage_healed":0.0,"max_hp_gain":0.0,"max_hp_loss":24.0,"gold_gain":0.0,"event_name":"Vampires","player_choice":"Became a vampire","floor":24.0,"gold_loss":0.0,"damage_taken":0.0,"cards_obtained":["Bite","Bite","Bite","Bite","Bite"]},{"damage_healed":0.0,"max_hp_gain":5.0,"max_hp_loss":0.0,"gold_gain":0.0,"event_name":"Forgotten Altar","player_choice":"Shed Blood","floor":30.0,"gold_loss":0.0,"damage_taken":14.0},{"cards_removed":["Cold Snap"],"damage_healed":0.0,"max_hp_gain":0.0,"max_hp_loss":0.0,"gold_gain":0.0,"event_name":"Falling","player_choice":"Removed Attack","floor":36.0,"gold_loss":0.0,"damage_taken":0.0},{"damage_healed":0,"gold_gain":0,"player_choice":"Memory 3","damage_taken":10,"max_hp_gain":0,"max_hp_loss":0,"event_name":"SensoryStone","floor":38,"gold_loss":0},{"damage_healed":0,"gold_gain":0,"player_choice":"Ignored","damage_taken":0,"max_hp_gain":0,"max_hp_loss":0,"event_name":"SecretPortal","floor":39,"gold_loss":0}],"is_beta":false,"boss_relics":[{"not_picked":[]},{"not_picked":[]}],"items_purged_floors":[14,29,37],"is_endless":false,"potions_floor_spawned":[7,16,18,20,22,42,47],"ascension_level":0}