{"gold_per_floor":[114,114,64,64,64,64,78,104,104,121,29,29,46,63,63,159,159,179,179,179,4,4,4,23,39,89,109,129,163,163,263,263,368,368,385,238,238,338,350,377,394,394,394,428,440,440,12,22,22,22],"floor_reached":51,"playtime":9188,"items_purged":["Shame"],"score":775,"play_id":"35b30adf-2b35-4006-9ddc-ffdca41c459e","local_time":"20190706194727","is_ascension_mode":false,"campfire_choices":[{"data":"Zap","floor":6.0,"key":"SMITH"},{"data":"Coolheaded","floor":12.0,"key":"SMITH"},{"data":"Dualcast","floor":15.0,"key":"SMITH"},{"data":"Discovery","floor":23.0,"key":"SMITH"},{"data":"Double Energy","floor":30.0,"key":"SMITH"},{"data":"Seek","floor":32.0,"key":"SMITH"},{"data":"Defragment","floor":42,"key":"SMITH"},{"data":"Amplify","floor":49,"key":"SMITH"}],"neow_cost":"NONE","seed_source_timestamp":0,"circlet_count":0,"master_deck":["Strike_B","Defend_B","Zap+1","Dualcast+1","Glacier","Coolheaded+1","Leap","Steam","Seek+1","Good Instincts","FTL","Compile Driver","Machine Learning","Genetic Algorithm+1","Hologram+1","Machine Learning+1","Double Energy+1","RitualDagger","Discovery+1","Beam Cell+1","Self Repair","Conserve Battery+1","Defragment+1","Sweeping Beam","Gash","Amplify+1","Skim","Force Field","Scrape","Heatsinks","Ball Lightning","Go for the Eyes+1","Static Discharge+1","Turbo+1","BootSequence","Go for the Eyes+1","Conserve Battery+1","Stack"],"special_seed":0,"relics":["Cracked Core","StoneCalendar","Ancient Tea Set","Pear","Bag of Marbles","Astrolabe","Mercury Hourglass","Lantern","PreservedInsect","Thread and Needle","The Courier","Nuclear Battery","Unceasing Top","Smiling Mask","Molten Egg 2","Membership Card","Bird Faced Urn","Anchor"],"potions_floor_usage":[35,45],"damage_taken":[{"damage":0.0,"enemies":"2 Louse","floor":1.0,"turns":3.0},{"damage":0.0,"enemies":"Jaw Worm","floor":7.0,"turns":5.0},{"damage":17.0,"enemies":"Gremlin Nob","floor":8.0,"turns":6.0},{"damage":0.0,"enemies":"Small Slimes","floor":10.0,"turns":4.0},{"damage":0.0,"enemies":"Blue Slaver","floor":13.0,"turns":5.0},{"damage":1.0,"enemies":"Large Slime","floor":14.0,"turns":7.0},{"damage":13.0,"enemies":"Hexaghost","floor":16.0,"turns":11.0},{"damage":0.0,"enemies":"Spheric Guardian","floor":18.0,"turns":4.0},{"damage":0.0,"enemies":"Chosen","floor":24.0,"turns":5.0},{"damage":3.0,"enemies":"3 Cultists","floor":25.0,"turns":6.0},{"damage":5.0,"enemies":"Snake Plant","floor":27.0,"turns":7.0},{"damage":9.0,"enemies":"Cultist and Chosen","floor":28.0,"turns":7.0},{"damage":12.0,"enemies":"Gremlin Leader","floor":29.0,"turns":8.0},{"damage":0.0,"enemies":"Colosseum Slavers","floor":31.0,"turns":3.0},{"damage":0.0,"enemies":"Colosseum Nobs","floor":31.0,"turns":4.0},{"damage":0.0,"enemies":"Automaton","floor":33.0,"turns":8.0},{"damage":1,"enemies":"Orb Walker","floor":35,"turns":3},{"damage":0,"enemies":"Mind Bloom Boss Battle","floor":38,"turns":7},{"damage":0,"enemies":"3 Shapes","floor":39,"turns":4},{"damage":2,"enemies":"Nemesis","floor":40,"turns":7},{"damage":0,"enemies":"Jaw Worm Horde","floor":41,"turns":4},{"damage":32,"enemies":"Reptomancer","floor":44,"turns":5},{"damage":0,"enemies":"Maw","floor":45,"turns":6},{"damage":0,"enemies":"4 Shapes","floor":48,"turns":3},{"damage":5,"enemies":"Awakened One","floor":50,"turns":13}],"seed_played":"-4803735346573550574","potions_obtained":[{"floor":10.0,"key":"Ancient Potion"},{"floor":14.0,"key":"Block Potion"},{"floor":16.0,"key":"Swift Potion"},{"floor":27.0,"key":"Dexterity Potion"},{"floor":28.0,"key":"PowerPotion"},{"floor":31.0,"key":"Energy Potion"},{"floor":33.0,"key":"FearPotion"},{"floor":40,"key":"SteroidPotion"},{"floor":41,"key":"Regen Potion"},{"floor":45,"key":"FearPotion"}],"is_trial":false,"path_per_floor":["M","?","?","T","?","R","M","E","T","M","$","R","M","M","R","B",null,"M","?","?","$","?","R","M","M","T","M","M","E","R","?","R","B",null,"M","$","?","?","M","E","M","R","T","E","M","?","$","M","R","B",null],"character_chosen":"DEFECT","items_purchased":["Good Instincts","Discovery","Beam Cell","Self Repair","Scrape","Heatsinks","Ball Lightning","Stack","Membership Card","Bird Faced Urn","Anchor"],"campfire_rested":0,"item_purchase_floors":[11,21,21,21,36,36,36,47,47,47,47],"current_hp_per_floor":[75,75,75,75,72,72,72,65,65,65,65,65,65,64,64,51,85,85,85,79,79,79,79,85,85,85,85,83,78,78,85,85,85,85,85,85,85,85,85,85,85,85,85,67,85,85,85,85,85,85],"gold":22,"neow_bonus":"TRANSFORM_CARD","is_prod":false,"is_daily":false,"chose_seed":false,"campfire_upgraded":8,"win_rate":0,"timestamp":1562456847,"path_taken":["M","?","?","?","?","R","M","E","T","M","$","R","M","M","R","BOSS","M","?","?","$","?","R","M","M","T","M","M","E","R","?","R","BOSS","M","$","?","?","?","E","M","R","T","E","M","?","$","M","R","BOSS"],"build_version":"2019-07-05","purchased_purges":1,"victory":true,"max_hp_per_floor":[75,75,75,75,75,75,75,85,85,85,85,85,85,85,85,85,85,85,85,85,85,85,85,85,85,85,85,85,85,85,85,85,85,85,85,85,85,85,85,85,85,85,85,85,85,85,85,85,85,85],"card_choices":[{"not_picked":["Steam","Sweeping Beam"],"picked":"Coolheaded","floor":1.0},{"not_picked":["Consume","Rebound"],"picked":"Leap","floor":7.0},{"not_picked":["Streamline","Barrage"],"picked":"Steam","floor":8.0},{"not_picked":["Capacitor","Ball Lightning"],"picked":"Seek","floor":10.0},{"not_picked":["Redo","Rebound"],"picked":"FTL","floor":13.0},{"not_picked":["Reinforced Body","Rebound"],"picked":"Compile Driver","floor":14.0},{"not_picked":["Electrodynamics","Core Surge"],"picked":"Machine Learning","floor":16.0},{"not_picked":["Steam+1","Coolheaded"],"picked":"Double Energy","floor":18.0},{"not_picked":["Static Discharge","Barrage"],"picked":"Conserve Battery+1","floor":24.0},{"not_picked":["Coolheaded","Gash"],"picked":"Defragment","floor":25.0},{"not_picked":["Lockon","Consume"],"picked":"Sweeping Beam","floor":27.0},{"not_picked":["Hello World","Conserve Battery"],"picked":"Gash","floor":28.0},{"not_picked":["Reprogram","Barrage"],"picked":"Amplify","floor":29.0},{"not_picked":["Stack","Genetic Algorithm"],"picked":"Skim","floor":31.0},{"not_picked":["Seek","Core Surge"],"picked":"Echo Form","floor":33.0},{"not_picked":["Double Energy","Static Discharge+1"],"picked":"Force Field","floor":35},{"not_picked":["Force Field","Compile Driver+1"],"picked":"Go for the Eyes+1","floor":38},{"not_picked":["Beam Cell","Barrage+1"],"picked":"Static Discharge+1","floor":39},{"not_picked":["Core Surge","Steam+1"],"picked":"Turbo+1","floor":40},{"not_picked":["Go for the Eyes","Leap"],"picked":"BootSequence","floor":41},{"not_picked":["Doom and Gloom+1","Steam Power+1"],"picked":"Go for the Eyes","floor":44},{"not_picked":["Barrage+1","Go for the Eyes+1"],"picked":"Conserve Battery+1","floor":45},{"not_picked":["Steam+1","Doom and Gloom+1","Genetic Algorithm+1"],"picked":"SKIP","floor":48}],"player_experience":148613,"relics_obtained":[{"floor":4.0,"key":"StoneCalendar"},{"floor":8.0,"key":"Pear"},{"floor":9.0,"key":"Bag of Marbles"},{"floor":26.0,"key":"Lantern"},{"floor":29.0,"key":"PreservedInsect"},{"floor":31.0,"key":"Thread and Needle"},{"floor":31.0,"key":"The Courier"},{"floor":38,"key":"Unceasing Top"},{"floor":40,"key":"Smiling Mask"},{"floor":44,"key":"Molten Egg 2"}],"event_choices":[{"damage_healed":0.0,"max_hp_gain":0.0,"max_hp_loss":0.0,"gold_gain":0.0,"event_name":"Liars Game","player_choice":"Ignored","floor":2.0,"gold_loss":0.0,"damage_taken":0.0},{"cards_removed":["Strike_B"],"damage_healed":0.0,"max_hp_gain":0.0,"max_hp_loss":0.0,"gold_gain":0.0,"event_name":"The Cleric","player_choice":"Card Removal","floor":3.0,"gold_loss":50.0,"damage_taken":0.0},{"damage_healed":0.0,"max_hp_gain":0.0,"max_hp_loss":0.0,"gold_gain":0.0,"event_name":"Scrap Ooze","player_choice":"Success","floor":5.0,"gold_loss":0.0,"damage_taken":3.0,"relics_obtained":["Ancient Tea Set"]},{"cards_removed":["Defend_B"],"damage_healed":0.0,"max_hp_gain":0.0,"max_hp_loss":0.0,"gold_gain":0.0,"event_name":"Back to Basics","player_choice":"Elegance","floor":19.0,"gold_loss":0.0,"damage_taken":0.0},{"damage_healed":0.0,"max_hp_gain":0.0,"max_hp_loss":0.0,"gold_gain":0.0,"event_name":"Nest","player_choice":"Joined the Cult","floor":20.0,"gold_loss":0.0,"damage_taken":6.0,"cards_obtained":["RitualDagger"]},{"damage_healed":0.0,"max_hp_gain":0.0,"max_hp_loss":0.0,"gold_gain":0.0,"event_name":"Addict","player_choice":"Stole Relic","floor":22.0,"gold_loss":0.0,"damage_taken":0.0,"relics_obtained":["Mercury Hourglass"],"cards_obtained":["Shame"]},{"damage_healed":0.0,"max_hp_gain":0.0,"max_hp_loss":0.0,"gold_gain":0.0,"event_name":"Colosseum","player_choice":"Fight","floor":31.0,"gold_loss":0.0,"damage_taken":0.0},{"damage_healed":0.0,"max_hp_gain":0.0,"max_hp_loss":0.0,"gold_gain":0.0,"event_name":"Colosseum","player_choice":"Fought Nobs","floor":31.0,"gold_loss":0.0,"damage_taken":0.0},{"cards_removed":["Echo Form"],"damage_healed":0,"gold_gain":0,"player_choice":"Removed Power","damage_taken":0,"max_hp_gain":0,"max_hp_loss":0,"event_name":"Falling","floor":37,"gold_loss":0},{"damage_healed":0,"gold_gain":0,"player_choice":"Fight","damage_taken":0,"max_hp_gain":0,"max_hp_loss":0,"event_name":"MindBloom","floor":38,"gold_loss":0},{"damage_healed":0,"gold_gain":0,"player_choice":"Upgraded","damage_taken":0,"max_hp_gain":0,"max_hp_loss":0,"event_name":"Upgrade Shrine","floor":46,"gold_loss":0,"cards_upgraded":["Beam Cell"]}],"is_beta":false,"boss_relics":[{"not_picked":["Empty Cage","Cursed Key"],"picked":"Astrolabe"},{"not_picked":["Coffee Dripper","Orrery"],"picked":"Nuclear Battery"}],"items_purged_floors":[47],"is_endless":false,"potions_floor_spawned":[10,14,16,27,28,31,31,33,40,41,44,45],"ascension_level":0}