{"gold_per_floor":[213,233,252,327,327,327,173,193,216,216,232,232,232,245,245,316,316,241,141,141],"floor_reached":20,"playtime":829,"items_purged":["Strike_B","Strike_B"],"score":284,"play_id":"39330f47-b24e-49b1-8361-e5239147d586","local_time":"20190807022149","is_ascension_mode":true,"campfire_choices":[{"data":"Zap","floor":6,"key":"SMITH"},{"data":"Glacier","floor":10,"key":"SMITH"},{"data":"Dualcast","floor":12,"key":"SMITH"},{"data":"Reinforced Body","floor":15,"key":"SMITH"}],"neow_cost":"NONE","seed_source_timestamp":472912099200334,"circlet_count":0,"master_deck":["AscendersBane","Strike_B","Defend_B","Defend_B","Zap+1","Dualcast+1","Gash","Self Repair","Glacier+1","Reinforced Body+1","Seek","Skim","Self Repair"],"relics":["Cracked Core","Regal Pillow","Inserter"],"potions_floor_usage":[14,16],"damage_taken":[{"damage":0,"enemies":"2 Louse","floor":1,"turns":2},{"damage":4,"enemies":"Jaw Worm","floor":2,"turns":4},{"damage":8,"enemies":"Small Slimes","floor":3,"turns":3},{"damage":17,"enemies":"Exordium Thugs","floor":8,"turns":5},{"damage":0,"enemies":"Large Slime","floor":11,"turns":6},{"damage":9,"enemies":"3 Louse","floor":14,"turns":3},{"damage":35,"enemies":"Slime Boss","floor":16,"turns":18},{"damage":30,"enemies":"2 Thieves","floor":18,"turns":5}],"seed_played":"2093765921564960711","potions_obtained":[{"floor":1,"key":"Swift Potion"},{"floor":3,"key":"Fire Potion"},{"floor":14,"key":"Fruit Juice"}],"is_trial":false,"path_per_floor":["M","M","M","?","?","R","$","M","T","R","M","R","?","M","R","B",null,"M","$","?"],"character_chosen":"DEFECT","items_purchased":["Glacier"],"campfire_rested":0,"item_purchase_floors":[7],"current_hp_per_floor":[64,60,52,41,46,46,46,36,36,36,43,43,43,46,46,18,65,42,42,42],"gold":141,"neow_bonus":"HUNDRED_GOLD","is_prod":false,"is_daily":false,"chose_seed":false,"campfire_upgraded":4,"win_rate":0,"timestamp":1565112109,"path_taken":["M","M","M","?","?","R","$","M","T","R","M","R","?","M","R","BOSS","M","$","?"],"build_version":"2019-07-17","purchased_purges":2,"victory":false,"max_hp_per_floor":[71,71,71,71,76,76,76,76,76,76,76,76,76,81,81,81,81,81,81,81],"card_choices":[{"not_picked":["Sunder","Auto Shields"],"picked":"Gash","floor":1},{"not_picked":["Doom and Gloom","Leap","Conserve Battery"],"picked":"SKIP","floor":2},{"not_picked":["Leap","White Noise"],"picked":"Self Repair","floor":3},{"not_picked":["Ball Lightning","Beam Cell","Turbo"],"picked":"SKIP","floor":8},{"not_picked":["Steam Power","Darkness","Sweeping Beam"],"picked":"SKIP","floor":11},{"not_picked":["Fusion","Redo"],"picked":"Reinforced Body","floor":14},{"not_picked":["Creative AI","Meteor Strike"],"picked":"Seek","floor":16},{"not_picked":["Barrage","Tempest","Sweeping Beam"],"picked":"SKIP","floor":18}],"player_experience":456030,"relics_obtained":[{"floor":9,"key":"Regal Pillow"}],"event_choices":[{"damage_healed":0,"gold_gain":75,"player_choice":"Gather Gold","damage_taken":11,"max_hp_gain":0,"max_hp_loss":0,"event_name":"World of Goop","floor":4,"gold_loss":0},{"damage_healed":0,"gold_gain":0,"player_choice":"Donut","damage_taken":0,"max_hp_gain":5,"max_hp_loss":0,"event_name":"Big Fish","floor":5,"gold_loss":0},{"cards_removed":["Defend_B"],"damage_healed":0,"gold_gain":0,"player_choice":"Forget","damage_taken":0,"max_hp_gain":0,"max_hp_loss":0,"event_name":"Living Wall","floor":13,"gold_loss":0},{"damage_healed":0,"gold_gain":0,"cards_transformed":["Strike_B","Defend_B"],"player_choice":"Became Test Subject","damage_taken":0,"max_hp_gain":0,"max_hp_loss":0,"event_name":"Drug Dealer","floor":20,"gold_loss":0,"cards_obtained":["Skim","Self Repair"]}],"is_beta":false,"boss_relics":[{"not_picked":["Lizard Tail","Eternal Feather"],"picked":"Inserter"}],"items_purged_floors":[7,19],"is_endless":false,"potions_floor_spawned":[1,3,11,14],"ascension_level":15}