{"gold_per_floor":[16,16,16,34,34,34,34,47,72,72,85,98,113,137,137,137],"floor_reached":16,"playtime":1438,"items_purged":[],"score":113,"play_id":"7b469730-55f5-41b2-8b46-af26d74c6542","local_time":"20180919133754","is_ascension_mode":true,"campfire_choices":[{"data":"Strike_R","floor":6,"key":"PURGE"},{"data":"Uppercut","floor":10,"key":"SMITH"},{"data":"Whirlwind","floor":15,"key":"SMITH"}],"neow_cost":"NO_GOLD","seed_source_timestamp":578143660558234,"circlet_count":0,"master_deck":["Strike_R","Strike_R","Strike_R","Strike_R","Defend_R","Defend_R","Defend_R","Defend_R+1","Bash","Battle Trance+1","Uppercut+1","Battle Trance","Impervious","Whirlwind+1","Disarm"],"relics":["Burning Blood","Peace Pipe","Smiling Mask","Golden Idol","PreservedInsect"],"potions_floor_usage":[16],"damage_taken":[{"damage":9,"enemies":"Small Slimes","floor":1,"turns":5},{"damage":0,"enemies":"2 Louse","floor":4,"turns":3},{"damage":2,"enemies":"Jaw Worm","floor":8,"turns":4},{"damage":2,"enemies":"Exordium Wildlife","floor":11,"turns":3},{"damage":0,"enemies":"Large Slime","floor":12,"turns":7},{"damage":4,"enemies":"Blue Slaver","floor":13,"turns":4},{"damage":0,"enemies":"2 Fungi Beasts","floor":14,"turns":4},{"damage":77,"enemies":"Hexaghost","floor":16,"turns":11}],"seed_played":"2403817827966658958","potions_obtained":[{"floor":1,"key":"EssenceOfSteel"},{"floor":4,"key":"Poison Potion"},{"floor":8,"key":"SpeedPotion"},{"floor":13,"key":"AttackPotion"}],"is_trial":false,"path_per_floor":["M","?","$","M","?","R","?","M","T","R","M","M","M","M","R"],"character_chosen":"IRONCLAD","items_purchased":[],"campfire_rested":0,"item_purchase_floors":[],"current_hp_per_floor":[77,61,61,67,60,60,60,64,64,64,68,74,74,74,74,0],"gold":137,"neow_bonus":"ONE_RARE_RELIC","is_prod":false,"is_daily":false,"chose_seed":false,"campfire_upgraded":2,"win_rate":0,"timestamp":1537382274,"path_taken":["M","?","$","M","?","R","?","M","T","R","?","M","M","M","R","BOSS"],"build_version":"2018-09-06","purchased_purges":0,"victory":false,"max_hp_per_floor":[80,80,80,80,80,80,74,74,74,74,74,74,74,74,74,74],"card_choices":[{"not_picked":["Burning Pact","Evolve"],"picked":"Battle Trance","floor":1},{"not_picked":["Clash","Sword Boomerang"],"picked":"Uppercut","floor":4},{"not_picked":["Cleave","Anger"],"picked":"Battle Trance","floor":8},{"not_picked":["Cleave","Sword Boomerang"],"picked":"Impervious","floor":11},{"not_picked":["Wild Strike","Havoc","Headbutt"],"picked":"SKIP","floor":12},{"not_picked":["Cleave","Inflame"],"picked":"Whirlwind","floor":13},{"not_picked":["Warcry","Havoc"],"picked":"Disarm","floor":14}],"player_experience":174088,"relics_obtained":[{"floor":9,"key":"PreservedInsect"}],"event_choices":[{"event_name":"Shining Light","player_choice":"Entered Light","floor":2,"damage_taken":0},{"event_name":"Scrap Ooze","player_choice":"success","floor":5,"damage_taken":7},{"event_name":"Golden Idol","player_choice":"Lose Max HP","floor":7,"damage_taken":0}],"is_beta":false,"boss_relics":[],"items_purged_floors":[],"is_endless":false,"potions_floor_spawned":[1,4,8,13,14],"killed_by":"Hexaghost","ascension_level":4}