{"gold_per_floor":[218,233,250,50,50,50,68,97,150,150,160,160,160,171,171,245,245,233,252,270,124,124],"floor_reached":22,"playtime":2046,"items_purged":["Strike_B","Defend_B"],"score":329,"play_id":"903c4fdf-fb9f-4483-b5f3-4f09f060fda0","local_time":"20190808145022","is_ascension_mode":true,"campfire_choices":[{"data":"Zap","floor":6,"key":"SMITH"},{"data":"Blizzard","floor":10,"key":"SMITH"},{"floor":12,"key":"REST"},{"data":"Hologram","floor":15,"key":"SMITH"}],"neow_cost":"NONE","seed_source_timestamp":603003411405463,"circlet_count":0,"master_deck":["AscendersBane","Strike_B","Defend_B","Defend_B","Zap+1","Dualcast+1","Coolheaded","Blizzard+1","Gash","Self Repair","Coolheaded","Streamline","Hologram+1","Core Surge","Fission+1","Recycle+1","Hello World+1","Reinforced Body","Consume","Leap"],"relics":["Cracked Core","Ornamental Fan","Regal Pillow","DataDisk","Astrolabe"],"potions_floor_usage":[16,16],"damage_taken":[{"damage":7,"enemies":"Jaw Worm","floor":1,"turns":4},{"damage":0,"enemies":"Cultist","floor":2,"turns":3},{"damage":4,"enemies":"Small Slimes","floor":3,"turns":3},{"damage":15,"enemies":"Gremlin Gang","floor":7,"turns":5},{"damage":29,"enemies":"3 Sentries","floor":8,"turns":11},{"damage":11,"enemies":"3 Louse","floor":11,"turns":3},{"damage":6,"enemies":"Looter","floor":14,"turns":3},{"damage":6,"enemies":"The Guardian","floor":16,"turns":13},{"damage":24,"enemies":"2 Thieves","floor":18,"turns":4},{"damage":14,"enemies":"Chosen","floor":19,"turns":7},{"damage":14,"enemies":"Centurion and Healer","floor":20,"turns":10},{"damage":44,"enemies":"3 Cultists","floor":22,"turns":4}],"seed_played":"3862180523286351285","potions_obtained":[{"floor":2,"key":"Dexterity Potion"},{"floor":11,"key":"Energy Potion"},{"floor":14,"key":"Swift Potion"},{"floor":16,"key":"Dexterity Potion"},{"floor":20,"key":"GamblersBrew"}],"is_trial":false,"path_per_floor":["M","M","M","$","?","R","M","E","T","R","M","R","?","M","R","B",null,"M","M","M","$","M"],"character_chosen":"DEFECT","items_purchased":["Gash","Self Repair","Leap"],"campfire_rested":1,"item_purchase_floors":[4,4,21],"current_hp_per_floor":[57,57,53,53,53,53,45,23,23,23,12,48,48,49,49,50,66,49,42,35,35,0],"gold":124,"neow_bonus":"HUNDRED_GOLD","is_prod":false,"is_daily":false,"chose_seed":false,"campfire_upgraded":3,"win_rate":0,"timestamp":1565243422,"path_taken":["M","M","M","$","?","R","M","E","T","R","?","R","?","M","R","BOSS","M","M","M","$","M"],"build_version":"2019-07-17","purchased_purges":2,"victory":false,"max_hp_per_floor":[71,71,71,71,71,71,71,71,71,71,71,71,71,71,71,71,71,71,71,71,71,71],"card_choices":[{"not_picked":["Barrage","Stack"],"picked":"Coolheaded","floor":1},{"not_picked":["Conserve Battery","Rebound"],"picked":"Blizzard","floor":2},{"not_picked":["Meteor Strike","Steam","Compile Driver"],"picked":"SKIP","floor":3},{"not_picked":["Tempest","Compile Driver","Steam"],"picked":"SKIP","floor":7},{"not_picked":["Blizzard","Auto Shields"],"picked":"Coolheaded","floor":8},{"not_picked":["Undo","Beam Cell"],"picked":"Streamline","floor":11},{"not_picked":["BootSequence","Streamline"],"picked":"Hologram","floor":14},{"not_picked":["Amplify","Fission"],"picked":"Core Surge","floor":16},{"not_picked":["Steam","Darkness","Recycle"],"picked":"SKIP","floor":18},{"not_picked":["Streamline","Doom and Gloom"],"picked":"Reinforced Body","floor":19},{"not_picked":["Gash","Rip and Tear"],"picked":"Consume","floor":20}],"player_experience":467311,"relics_obtained":[{"floor":8,"key":"Regal Pillow"},{"floor":9,"key":"DataDisk"}],"event_choices":[{"damage_healed":0,"gold_gain":0,"player_choice":"Gave Potion","damage_taken":0,"relics_obtained":["Ornamental Fan"],"max_hp_gain":0,"max_hp_loss":0,"event_name":"WeMeetAgain","floor":5,"gold_loss":0},{"damage_healed":0,"gold_gain":0,"player_choice":"Upgraded","damage_taken":0,"max_hp_gain":0,"max_hp_loss":0,"event_name":"Upgrade Shrine","floor":13,"gold_loss":0,"cards_upgraded":["Dualcast"]}],"is_beta":false,"boss_relics":[{"not_picked":["Lizard Tail","FrozenCore"],"picked":"Astrolabe"}],"items_purged_floors":[4,21],"is_endless":false,"potions_floor_spawned":[2,11,14,16,20],"killed_by":"3 Cultists","ascension_level":15}