{"gold_per_floor":[119,119,134,154,79,79,91,91,114,129,193,206,206,226,226,226],"floor_reached":16,"playtime":494,"items_purged":["Strike_B"],"score":104,"play_id":"1cec5026-4dbd-4c34-86c1-b461c314c334","local_time":"20190728195050","is_ascension_mode":false,"campfire_choices":[{"data":"Zap","floor":6,"key":"SMITH"},{"data":"Dualcast","floor":8,"key":"SMITH"},{"floor":15,"key":"REST"}],"neow_cost":"NONE","seed_source_timestamp":1884979266848759,"circlet_count":0,"master_deck":["Strike_B","Strike_B","Defend_B","Defend_B","Defend_B","Defend_B","Zap+1","Dualcast+1","Gash","Streamline","Capacitor","Reinforced Body","Consume"],"relics":["Cracked Core","Lantern","Orichalcum","Tiny Chest"],"potions_floor_usage":[16,16],"damage_taken":[{"damage":1,"enemies":"Jaw Worm","floor":1,"turns":3},{"damage":0,"enemies":"2 Louse","floor":3,"turns":2},{"damage":0,"enemies":"Small Slimes","floor":4,"turns":3},{"damage":10,"enemies":"Exordium Thugs","floor":7,"turns":4},{"damage":8,"enemies":"Gremlin Gang","floor":10,"turns":5},{"damage":18,"enemies":"3 Sentries","floor":11,"turns":8},{"damage":10,"enemies":"2 Fungi Beasts","floor":12,"turns":3},{"damage":0,"enemies":"Looter","floor":14,"turns":3},{"damage":47,"enemies":"Hexaghost","floor":16,"turns":16}],"seed_played":"-4596590482202166150","potions_obtained":[{"floor":1,"key":"Strength Potion"},{"floor":4,"key":"Block Potion"},{"floor":11,"key":"Strength Potion"},{"floor":12,"key":"Dexterity Potion"}],"is_trial":false,"path_per_floor":["M","?","M","M","$","R","M","R","T","M","E","M","?","M","R","B"],"character_chosen":"DEFECT","items_purchased":[],"campfire_rested":1,"item_purchase_floors":[],"current_hp_per_floor":[74,71,71,71,71,71,61,61,61,53,35,25,25,25,47,0],"gold":226,"neow_bonus":"REMOVE_CARD","is_prod":false,"is_daily":false,"chose_seed":false,"campfire_upgraded":2,"win_rate":0,"timestamp":1564311050,"path_taken":["M","?","M","M","$","R","M","R","T","M","E","M","?","M","R","BOSS"],"build_version":"2019-07-17","purchased_purges":1,"victory":false,"max_hp_per_floor":[75,75,75,75,75,75,75,75,75,75,75,75,75,75,75,75],"card_choices":[{"not_picked":["Consume","Loop"],"picked":"Gash","floor":1},{"not_picked":["Doom and Gloom","Hello World","Sweeping Beam"],"picked":"SKIP","floor":3},{"not_picked":["Consume","Steam Power"],"picked":"Streamline","floor":4},{"not_picked":["Hello World","Beam Cell"],"picked":"Capacitor","floor":7},{"not_picked":["Redo","Sweeping Beam","Barrage"],"picked":"SKIP","floor":10},{"not_picked":["Reprogram","Double Energy","Melter"],"picked":"SKIP","floor":11},{"not_picked":["Leap","Core Surge"],"picked":"Reinforced Body","floor":12},{"not_picked":["Barrage","Loop"],"picked":"Consume","floor":14}],"player_experience":407768,"relics_obtained":[{"floor":9,"key":"Orichalcum"},{"floor":11,"key":"Tiny Chest"}],"event_choices":[{"damage_healed":0,"gold_gain":0,"player_choice":"Success","damage_taken":3,"relics_obtained":["Lantern"],"max_hp_gain":0,"max_hp_loss":0,"event_name":"Scrap Ooze","floor":2,"gold_loss":0},{"damage_healed":0,"gold_gain":0,"player_choice":"Ignored","damage_taken":0,"max_hp_gain":0,"max_hp_loss":0,"event_name":"Liars Game","floor":13,"gold_loss":0}],"is_beta":false,"boss_relics":[],"items_purged_floors":[5],"is_endless":false,"potions_floor_spawned":[1,4,11,12],"killed_by":"Hexaghost","ascension_level":0}