{"gold_per_floor":[118,118,68,68,68,68,100,100,100,100,120,45,57,81,81,182,182,193,108,33,33,46,77,77,107,131,161,174,187,187,206,206,302,302,316,19,29,42,42,42,109,159,184,8,18,18,32,82,82,82,82,82,14,46,46],"floor_reached":55,"playtime":2989,"items_purged":["Defend_R","Iron Wave"],"score":799,"play_id":"ba58afbb-b85b-445b-a18b-93046086a6ec","local_time":"20190715003944","is_ascension_mode":true,"campfire_choices":[{"floor":6,"key":"RECALL"},{"floor":8,"key":"REST"},{"data":"Shrug It Off","floor":10,"key":"SMITH"},{"data":"Spot Weakness","floor":15,"key":"SMITH"},{"data":"Limit Break","floor":24,"key":"SMITH"},{"floor":32,"key":"REST"},{"data":"Heavy Blade","floor":40,"key":"SMITH"},{"floor":46,"key":"REST"},{"floor":49,"key":"REST"},{"data":"Seeing Red","floor":52,"key":"SMITH"}],"neow_cost":"NONE","seed_source_timestamp":0,"circlet_count":0,"master_deck":["Shrug It Off+1","Spot Weakness+1","Limit Break+1","Flex+1","Ghostly Armor+1","Reckless Charge+1","Iron Wave+1","Blood for Blood","Pommel Strike+1","Infernal Blade+1","Clothesline+1","Impervious","Entrench","Iron Wave","Inflame","Clash","Iron Wave+1","Heavy Blade+1","Twin Strike+1","Battle Trance","Metallicize","Seeing Red+1","Rampage"],"special_seed":0,"relics":["Burning Blood","War Paint","Dodecahedron","Regal Pillow","Astrolabe","Lantern","Happy Flower","Strawberry","PreservedInsect","Boot","Pandora\u0027s Box","Toolbox","SsserpentHead","Dead Branch","Potion Belt","Pen Nib","Oddly Smooth Stone"],"potions_floor_usage":[16,23,23,29,33,41,47,50,55],"damage_taken":[{"damage":10,"enemies":"Jaw Worm","floor":1,"turns":5},{"damage":33,"enemies":"3 Sentries","floor":7,"turns":15},{"damage":0,"enemies":"2 Louse","floor":11,"turns":3},{"damage":3,"enemies":"Small Slimes","floor":13,"turns":5},{"damage":62,"enemies":"Hexaghost","floor":16,"turns":10},{"damage":17,"enemies":"Chosen","floor":18,"turns":6},{"damage":0,"enemies":"2 Thieves","floor":22,"turns":4},{"damage":8,"enemies":"Book of Stabbing","floor":23,"turns":5},{"damage":24,"enemies":"Slavers","floor":25,"turns":5},{"damage":41,"enemies":"Book of Stabbing","floor":27,"turns":6},{"damage":8,"enemies":"Centurion and Healer","floor":28,"turns":5},{"damage":16,"enemies":"Snecko","floor":29,"turns":6},{"damage":12,"enemies":"Snake Plant","floor":31,"turns":4},{"damage":23,"enemies":"Champ","floor":33,"turns":7},{"damage":20,"enemies":"3 Darklings","floor":35,"turns":6},{"damage":3,"enemies":"Orb Walker","floor":37,"turns":3},{"damage":14,"enemies":"4 Shapes","floor":38,"turns":5},{"damage":34,"enemies":"3 Darklings","floor":41,"turns":3},{"damage":39,"enemies":"Writhing Mass","floor":45,"turns":6},{"damage":1,"enemies":"Spire Growth","floor":47,"turns":5},{"damage":71,"enemies":"Donu and Deca","floor":50,"turns":7},{"damage":77,"enemies":"Shield and Spear","floor":54,"turns":7},{"damage":48,"enemies":"The Heart","floor":55,"turns":2}],"seed_played":"-6459342668060155476","potions_obtained":[{"floor":11,"key":"Swift Potion"},{"floor":18,"key":"SkillPotion"},{"floor":22,"key":"Block Potion"},{"floor":28,"key":"GamblersBrew"},{"floor":29,"key":"Ancient Potion"},{"floor":35,"key":"SpeedPotion"},{"floor":38,"key":"LiquidBronze"},{"floor":47,"key":"Dexterity Potion"},{"floor":54,"key":"LiquidBronze"}],"is_trial":false,"path_per_floor":["M","?","?","?","$","R","E","R","T","R","M","$","M","T","R","B",null,"M","?","?","$","M","E","R","E","T","E","M","M","?","M","R","B",null,"M","$","M","M","?","R","M","T","T","$","M","R","M","?","R","B",null,"R","$","E","B"],"character_chosen":"IRONCLAD","items_purchased":["Toolbox","Pen Nib","Metallicize","Rampage"],"campfire_rested":4,"item_purchase_floors":[36,44,44,53],"current_hp_per_floor":[76,69,69,74,74,74,47,72,72,72,78,78,81,81,81,25,85,74,74,74,74,80,78,78,67,67,32,30,20,20,14,56,39,92,78,78,81,73,73,73,45,45,45,45,12,54,59,59,92,27,92,92,92,21,0],"gold":46,"neow_bonus":"RANDOM_COMMON_RELIC","is_prod":false,"is_daily":false,"chose_seed":false,"campfire_upgraded":5,"win_rate":0,"timestamp":1563143984,"path_taken":["M","?","?","?","?","R","E","R","T","R","M","$","?","?","R","BOSS","M","?","?","$","M","E","R","E","T","E","M","?","?","M","R","BOSS","M","?","?","M","?","R","?","?","T","?","M","R","M","?","R","BOSS","R","$","E","BOSS"],"build_version":"2019-07-05","purchased_purges":2,"victory":false,"max_hp_per_floor":[80,80,80,85,85,85,85,85,85,85,85,85,85,85,85,85,85,85,85,85,85,85,85,85,92,92,92,92,92,92,92,92,92,92,92,92,92,92,92,92,92,92,92,92,92,92,92,92,92,92,92,92,92,92,92],"card_choices":[{"not_picked":["Twin Strike","Thunderclap"],"picked":"Ghostly Armor","floor":1},{"not_picked":["Wild Strike","Warcry"],"picked":"Shrug It Off","floor":7},{"not_picked":["Corruption","True Grit"],"picked":"Iron Wave","floor":11},{"not_picked":["Impervious","Bloodletting"],"picked":"Spot Weakness","floor":13},{"not_picked":["Reaper","Feed"],"picked":"Limit Break","floor":16},{"not_picked":["Clash+1","Wild Strike"],"picked":"Iron Wave+1","floor":18},{"not_picked":["True Grit+1","Body Slam"],"picked":"Clothesline","floor":22},{"not_picked":["Body Slam+1","Wild Strike"],"picked":"Blood for Blood","floor":23},{"not_picked":["Searing Blow","Bloodletting"],"picked":"Pommel Strike+1","floor":25},{"not_picked":["Twin Strike","Clothesline","Dark Embrace"],"picked":"SKIP","floor":27},{"not_picked":["Fire Breathing+1","Carnage"],"picked":"Infernal Blade+1","floor":28},{"not_picked":["Havoc","Headbutt+1"],"picked":"Clothesline+1","floor":29},{"not_picked":["Wild Strike","Twin Strike","Sword Boomerang+1"],"picked":"SKIP","floor":31},{"not_picked":["Juggernaut","Brutality"],"picked":"Impervious","floor":33},{"not_picked":["Carnage+1","True Grit+1"],"picked":"Iron Wave+1","floor":35},{"not_picked":["Flex+1","Thunderclap+1"],"picked":"Heavy Blade","floor":37},{"not_picked":["Havoc+1","Whirlwind"],"picked":"Twin Strike+1","floor":38},{"not_picked":["Combust+1","Armaments+1"],"picked":"Battle Trance","floor":41},{"not_picked":["Havoc","Armaments+1","Double Tap"],"picked":"SKIP","floor":45},{"not_picked":["Heavy Blade","Pommel Strike+1"],"picked":"Seeing Red","floor":47},{"not_picked":["Sword Boomerang","Armaments","Headbutt"],"picked":"SKIP","floor":54}],"player_experience":82096,"relics_obtained":[{"floor":7,"key":"Dodecahedron"},{"floor":14,"key":"Regal Pillow"},{"floor":23,"key":"Happy Flower"},{"floor":25,"key":"Strawberry"},{"floor":26,"key":"PreservedInsect"},{"floor":27,"key":"Boot"},{"floor":42,"key":"Dead Branch"},{"floor":43,"key":"Potion Belt"},{"floor":54,"key":"Oddly Smooth Stone"}],"event_choices":[{"cards_removed":["Defend_R"],"damage_healed":0,"gold_gain":0,"player_choice":"Card Removal","damage_taken":7,"max_hp_gain":0,"max_hp_loss":0,"event_name":"Golden Wing","floor":2,"gold_loss":0},{"cards_removed":["Strike_R"],"damage_healed":0,"gold_gain":0,"player_choice":"Card Removal","damage_taken":0,"max_hp_gain":0,"max_hp_loss":0,"event_name":"The Cleric","floor":3,"gold_loss":50},{"damage_healed":0,"gold_gain":0,"player_choice":"Donut","damage_taken":0,"max_hp_gain":5,"max_hp_loss":0,"event_name":"Big Fish","floor":4,"gold_loss":0},{"damage_healed":0,"gold_gain":0,"player_choice":"Obtained Relic","damage_taken":0,"relics_obtained":["Lantern"],"max_hp_gain":0,"max_hp_loss":0,"event_name":"Addict","floor":19,"gold_loss":85},{"cards_removed":["Ghostly Armor"],"damage_healed":0,"gold_gain":0,"player_choice":"Gave Gold","damage_taken":0,"max_hp_gain":0,"max_hp_loss":0,"event_name":"Beggar","floor":20,"gold_loss":75},{"cards_removed":["Clothesline"],"damage_healed":0,"gold_gain":0,"player_choice":"Purged","damage_taken":0,"max_hp_gain":0,"max_hp_loss":0,"event_name":"Purifier","floor":30,"gold_loss":0},{"damage_healed":0,"gold_gain":0,"player_choice":"Trade","damage_taken":0,"relics_obtained":["SsserpentHead"],"max_hp_gain":0,"max_hp_loss":0,"event_name":"FaceTrader","floor":39,"gold_loss":0},{"damage_healed":0,"gold_gain":0,"player_choice":"Memory 1","damage_taken":0,"max_hp_gain":0,"max_hp_loss":0,"event_name":"SensoryStone","floor":48,"gold_loss":0}],"is_beta":false,"boss_relics":[{"not_picked":["White Beast Statue","Black Blood"],"picked":"Astrolabe"},{"not_picked":["Runic Dome","Coffee Dripper"],"picked":"Pandora\u0027s Box"}],"items_purged_floors":[12,36],"is_endless":false,"potions_floor_spawned":[11,18,22,28,29,35,38,47,54],"killed_by":"The Heart","ascension_level":3}