{"gold_per_floor":[112,132,57,57,103,103,116,116,116,156,181,202,242,263,263,263],"floor_reached":16,"playtime":842,"items_purged":["Normality"],"score":134,"play_id":"8da3a812-1c8c-42ff-9634-4e0a2a0a846f","local_time":"20190716010012","is_ascension_mode":true,"campfire_choices":[{"floor":6,"key":"REST"},{"floor":8,"key":"RECALL"},{"floor":15,"key":"REST"}],"neow_cost":"CURSE","seed_source_timestamp":120782267044740,"circlet_count":0,"master_deck":["Strike_R","Strike_R","Strike_R","Strike_R","Defend_R","Defend_R","Defend_R","Bash","Intimidate","Rage","Thunderclap","Ghostly Armor","Shockwave","Dual Wield","Headbutt"],"relics":["Burning Blood","Golden Idol","Happy Flower","Meat on the Bone","Darkstone Periapt"],"potions_floor_usage":[11,12,12,13,13,16,16],"damage_taken":[{"damage":19,"enemies":"Small Slimes","floor":1,"turns":5},{"damage":6,"enemies":"Jaw Worm","floor":2,"turns":3},{"damage":1,"enemies":"Cultist","floor":7,"turns":3},{"damage":53,"enemies":"Lagavulin","floor":10,"turns":7},{"damage":0,"enemies":"3 Louse","floor":11,"turns":2},{"damage":0,"enemies":"Lots of Slimes","floor":12,"turns":1},{"damage":25,"enemies":"3 Sentries","floor":13,"turns":9},{"damage":3,"enemies":"Blue Slaver","floor":14,"turns":4},{"damage":79,"enemies":"Slime Boss","floor":16,"turns":11}],"seed_played":"4732482438458520415","potions_obtained":[{"floor":10,"key":"AttackPotion"},{"floor":11,"key":"EntropicBrew"},{"floor":13,"key":"Block Potion"},{"floor":14,"key":"GamblersBrew"}],"is_trial":false,"path_per_floor":["M","M","$","?","T","R","M","R","T","E","M","M","E","M","R","B"],"character_chosen":"IRONCLAD","items_purchased":[],"campfire_rested":2,"item_purchase_floors":[],"current_hp_per_floor":[67,67,67,47,47,71,76,76,76,29,47,53,46,49,73,0],"gold":263,"neow_bonus":"TRANSFORM_TWO_CARDS","is_prod":false,"is_daily":false,"chose_seed":false,"campfire_upgraded":0,"win_rate":0,"timestamp":1563231612,"path_taken":["M","M","$","?","?","R","M","R","T","E","M","M","E","?","R","BOSS"],"build_version":"2019-07-05","purchased_purges":1,"victory":false,"max_hp_per_floor":[80,80,80,80,80,80,80,80,80,80,80,80,80,80,80,80],"card_choices":[{"not_picked":["Perfected Strike","Corruption"],"picked":"Thunderclap","floor":1},{"not_picked":["True Grit","Combust","Perfected Strike"],"picked":"SKIP","floor":2},{"not_picked":["Searing Blow","Twin Strike"],"picked":"Ghostly Armor","floor":7},{"not_picked":["Perfected Strike","Sword Boomerang","Thunderclap"],"picked":"SKIP","floor":10},{"not_picked":["Thunderclap","Twin Strike"],"picked":"Shockwave","floor":11},{"not_picked":["Feed","Perfected Strike"],"picked":"Dual Wield","floor":12},{"not_picked":["Anger","Flex"],"picked":"Headbutt","floor":13},{"not_picked":["Sword Boomerang","True Grit","Uppercut"],"picked":"SKIP","floor":14}],"player_experience":89065,"relics_obtained":[{"floor":5,"key":"Happy Flower"},{"floor":10,"key":"Meat on the Bone"},{"floor":13,"key":"Darkstone Periapt"}],"event_choices":[{"damage_healed":0,"gold_gain":0,"player_choice":"Take Damage","damage_taken":20,"relics_obtained":["Golden Idol"],"max_hp_gain":0,"max_hp_loss":0,"event_name":"Golden Idol","floor":4,"gold_loss":0}],"is_beta":false,"boss_relics":[],"items_purged_floors":[3],"is_endless":false,"potions_floor_spawned":[10,11,13,14],"killed_by":"Slime Boss","ascension_level":4}