{"gold_per_floor":[109,109,109,128,141,170,170,197,197,197,210,225,225,236,236,339,339,357,390,245,262,282,282,314,314,314,314,314,327,343,86,86,188,188,198,198,420,420,439,439],"floor_reached":40,"playtime":2992,"items_purged":["Strike_R","Strike_R"],"score":549,"play_id":"21513c2d-71fc-4386-9772-fe8058ce5e3c","local_time":"20180920113341","is_ascension_mode":true,"campfire_choices":[{"floor":7,"key":"REST"},{"floor":10,"key":"REST"},{"data":"Flame Barrier","floor":13,"key":"SMITH"},{"data":"Whirlwind","floor":15,"key":"SMITH"},{"floor":23,"key":"REST"},{"data":"Offering","floor":25,"key":"SMITH"},{"data":"Ghostly Armor","floor":27,"key":"SMITH"},{"data":"Shrug It Off","floor":32,"key":"SMITH"}],"neow_cost":"PERCENT_DAMAGE","seed_source_timestamp":655537282293548,"circlet_count":0,"master_deck":["Strike_R","Strike_R","Strike_R","Defend_R","Defend_R+1","Defend_R","Defend_R","Bash+1","Armaments+1","Shrug It Off","Shrug It Off+1","Flame Barrier+1","Whirlwind+1","Offering+1","Disarm+1","Armaments+1","Ghostly Armor+1","Metallicize+1","Battle Trance+1","Necronomicurse","Barricade","Metallicize+1"],"relics":["Burning Blood","Ice Cream","Question Card","Sundial","Eternal Feather","Red Mask","Orichalcum","War Paint","Necronomicon","Art of War","Sozu","Mango"],"potions_floor_usage":[8,8,24,40,40],"damage_taken":[{"damage":1,"enemies":"Small Slimes","floor":1,"turns":4},{"damage":0,"enemies":"2 Louse","floor":4,"turns":3},{"damage":6,"enemies":"Cultist","floor":5,"turns":3},{"damage":32,"enemies":"Gremlin Nob","floor":6,"turns":4},{"damage":39,"enemies":"Lagavulin","floor":8,"turns":8},{"damage":0,"enemies":"2 Fungi Beasts","floor":11,"turns":5},{"damage":5,"enemies":"Large Slime","floor":12,"turns":10},{"damage":0,"enemies":"Blue Slaver","floor":14,"turns":5},{"damage":61,"enemies":"Hexaghost","floor":16,"turns":14},{"damage":43,"enemies":"Spheric Guardian","floor":18,"turns":11},{"damage":16,"enemies":"Masked Bandits","floor":19,"turns":3},{"damage":5,"enemies":"Shell Parasite","floor":21,"turns":7},{"damage":6,"enemies":"Snecko","floor":22,"turns":8},{"damage":34,"enemies":"Slavers","floor":24,"turns":8},{"damage":8,"enemies":"Snake Plant","floor":29,"turns":5},{"damage":0,"enemies":"Shelled Parasite and Fungi","floor":30,"turns":5},{"damage":39,"enemies":"Automaton","floor":33,"turns":8},{"damage":0,"enemies":"3 Shapes","floor":35,"turns":12},{"damage":12,"enemies":"Mind Bloom Boss Battle","floor":38,"turns":5},{"damage":0,"enemies":"3 Darklings","floor":39,"turns":4},{"damage":127,"enemies":"Mysterious Sphere","floor":40,"turns":11}],"seed_played":"-4037630052000258313","potions_obtained":[{"floor":1,"key":"BloodPotion"},{"floor":5,"key":"SpeedPotion"},{"floor":11,"key":"FearPotion"},{"floor":14,"key":"LiquidBronze"},{"floor":19,"key":"SteroidPotion"},{"floor":24,"key":"PowerPotion"},{"floor":29,"key":"Regen Potion"}],"is_trial":false,"path_per_floor":["M","?","?","M","M","E","R","E","T","R","M","M","R","M","R","B",null,"M","?","$","M","M","R","E","R","T","R","?","M","M","$","R","B",null,"M","?","?","?","M"],"character_chosen":"IRONCLAD","items_purchased":["Ghostly Armor","Art of War"],"campfire_rested":3,"item_purchase_floors":[20,31],"current_hp_per_floor":[74,55,55,61,61,35,63,39,39,67,73,74,74,80,80,25,96,59,49,49,50,50,90,62,74,74,86,70,68,74,74,86,53,96,96,96,96,104,110,0],"gold":439,"neow_bonus":"TWENTY_PERCENT_HP_BONUS","is_prod":false,"is_daily":false,"chose_seed":false,"campfire_upgraded":5,"win_rate":0,"timestamp":1537461221,"path_taken":["M","?","?","M","M","E","R","E","T","R","?","M","R","M","R","BOSS","M","?","$","M","M","R","E","R","T","R","?","M","?","$","R","BOSS","M","?","?","?","M","?"],"build_version":"2018-09-06","purchased_purges":2,"victory":false,"max_hp_per_floor":[96,96,96,96,96,96,96,96,96,96,96,96,96,96,96,96,96,96,96,96,96,96,96,96,96,96,96,96,96,96,96,96,96,96,96,96,96,110,110,110],"card_choices":[{"not_picked":["Burning Pact","Pommel Strike"],"picked":"Armaments","floor":1},{"not_picked":["Combust","Cleave","Twin Strike"],"picked":"SKIP","floor":4},{"not_picked":["Body Slam","Twin Strike","Flex"],"picked":"SKIP","floor":5},{"not_picked":["Cleave","Blood for Blood"],"picked":"Shrug It Off","floor":6},{"not_picked":["Metallicize","Cleave"],"picked":"Shrug It Off","floor":8},{"not_picked":["Pummel","Rampage","Cleave"],"picked":"Flame Barrier","floor":11},{"not_picked":["Twin Strike","Iron Wave","Brutality"],"picked":"Whirlwind","floor":12},{"not_picked":["Cleave","Anger","Wild Strike","Iron Wave"],"picked":"SKIP","floor":14},{"not_picked":["Impervious","Reaper","Double Tap"],"picked":"Offering","floor":16},{"not_picked":["Warcry","Dropkick","Iron Wave"],"picked":"Disarm","floor":18},{"not_picked":["Flex","Searing Blow+1","Perfected Strike"],"picked":"Armaments+1","floor":19},{"not_picked":["Rupture+1","Carnage","Anger"],"picked":"Metallicize+1","floor":21},{"not_picked":["Body Slam+1","Clash","Seeing Red"],"picked":"Battle Trance","floor":22},{"not_picked":["Headbutt","Pommel Strike","Clash","Spot Weakness"],"picked":"SKIP","floor":24},{"not_picked":["Feel No Pain","Entrench+1","Power Through"],"picked":"Flame Barrier+1","floor":29},{"not_picked":["Iron Wave","Power Through","Cleave","Berserk"],"picked":"SKIP","floor":30},{"not_picked":["Juggernaut","Offering","Brutality"],"picked":"Barricade","floor":33},{"not_picked":["Thunderclap+1","Dual Wield","Clothesline+1","Iron Wave+1"],"picked":"SKIP","floor":35},{"not_picked":["Armaments+1","Thunderclap+1","Heavy Blade"],"picked":"Metallicize+1","floor":38},{"not_picked":["Perfected Strike+1","Twin Strike+1","Heavy Blade","Searing Blow"],"picked":"SKIP","floor":39}],"player_experience":183204,"relics_obtained":[{"floor":6,"key":"Ice Cream"},{"floor":8,"key":"Question Card"},{"floor":9,"key":"Sundial"},{"floor":19,"key":"Red Mask"},{"floor":24,"key":"Orichalcum"},{"floor":26,"key":"War Paint"},{"floor":28,"key":"Necronomicon"},{"floor":38,"key":"Mango"}],"event_choices":[{"event_name":"Shining Light","player_choice":"Entered Light","floor":2,"damage_taken":0},{"event_name":"Living Wall","player_choice":"Grow","floor":3,"damage_taken":0},{"event_name":"Masked Bandits","player_choice":"Fought Bandits","floor":19,"damage_taken":0},{"event_name":"Cursed Tome","player_choice":"Obtained Book","floor":28,"damage_taken":0},{"event_name":"Falling","player_choice":"Removed Skill","floor":36,"damage_taken":0},{"event_name":"Tomb of Lord Red Mask","player_choice":"Wore Mask","floor":37,"damage_taken":0},{"event_name":"MindBloom","player_choice":"Fight","floor":38,"damage_taken":0},{"event_name":"Mysterious Sphere","player_choice":"Fight","floor":40,"damage_taken":0}],"is_beta":false,"boss_relics":[{"not_picked":["Philosopher\u0027s Stone","Pandora\u0027s Box"],"picked":"Eternal Feather"},{"not_picked":["Runic Cube","Calling Bell"],"picked":"Sozu"}],"items_purged_floors":[20,31],"is_endless":false,"potions_floor_spawned":[1,5,11,14,19,21,24,29,38],"killed_by":"Mysterious Sphere","ascension_level":4}