{"gold_per_floor":[115,131,143,162,52,84,114,114,160,160,160,160,185,210,210,311,311,326,142,142,142,142,142,3,3,72,72,72,86,97,12,24,141,153,181,203,235,31,47,47,60,78,103,103,116,116,132,132,132,132],"floor_reached":51,"playtime":5220,"items_purged":["Strike_B","Defend_B","Defend_B","Strike_B+1"],"score":958,"play_id":"1b4675c7-99e7-4ba9-b789-22114249cb1a","local_time":"20190715140428","is_ascension_mode":true,"campfire_choices":[{"data":"Dualcast","floor":8,"key":"SMITH"},{"data":"Hologram","floor":12,"key":"SMITH"},{"floor":15,"key":"REST"},{"data":"Conserve Battery","floor":23,"key":"SMITH"},{"data":"Leap","floor":25,"key":"SMITH"},{"data":"Mind Blast","floor":27,"key":"SMITH"},{"floor":32,"key":"REST"},{"data":"Defragment","floor":40,"key":"SMITH"},{"data":"All For One","floor":44,"key":"SMITH"},{"floor":46,"key":"REST"},{"floor":49,"key":"REST"}],"neow_cost":"NONE","seed_source_timestamp":736310689264678,"circlet_count":0,"master_deck":["AscendersBane","Strike_B+1","Zap+1","Dualcast+1","Chill","Gash","Undo+1","Genetic Algorithm","Hologram+1","Machine Learning","All For One+1","Sweeping Beam+1","Core Surge","Conserve Battery+1","Mind Blast+1","Leap+1","Consume","Chill","Gash+1","Defragment+1","Cold Snap+1","Gash","Defragment+1","Go for the Eyes+1","Coolheaded+1","Gash+1"],"relics":["Cracked Core","The Courier","Ancient Tea Set","Juzu Bracelet","FaceOfCleric","Whetstone","Potion Belt","Empty Cage","Pen Nib","Ornamental Fan","MawBank","Philosopher\u0027s Stone","Centennial Puzzle"],"potions_floor_usage":[6,14,33,33,33,37,39,45,45],"damage_taken":[{"damage":3,"enemies":"2 Louse","floor":1,"turns":2},{"damage":10,"enemies":"Small Slimes","floor":2,"turns":3},{"damage":0,"enemies":"Cultist","floor":3,"turns":4},{"damage":24,"enemies":"Exordium Thugs","floor":4,"turns":5},{"damage":11,"enemies":"Lagavulin","floor":6,"turns":8},{"damage":17,"enemies":"3 Sentries","floor":14,"turns":9},{"damage":15,"enemies":"The Guardian","floor":16,"turns":12},{"damage":0,"enemies":"3 Byrds","floor":18,"turns":5},{"damage":0,"enemies":"Spheric Guardian","floor":29,"turns":3},{"damage":29,"enemies":"Shelled Parasite and Fungi","floor":30,"turns":6},{"damage":42,"enemies":"Collector","floor":33,"turns":8},{"damage":23,"enemies":"3 Darklings","floor":35,"turns":5},{"damage":17,"enemies":"Orb Walker","floor":36,"turns":3},{"damage":20,"enemies":"Transient","floor":37,"turns":5},{"damage":0,"enemies":"Maw","floor":39,"turns":8},{"damage":0,"enemies":"Sphere and 2 Shapes","floor":41,"turns":4},{"damage":4,"enemies":"4 Shapes","floor":42,"turns":6},{"damage":9,"enemies":"Writhing Mass","floor":45,"turns":6},{"damage":11,"enemies":"Spire Growth","floor":47,"turns":4},{"damage":26,"enemies":"Donu and Deca","floor":50,"turns":8}],"seed_played":"8993384246247064738","potions_obtained":[{"floor":1,"key":"FocusPotion"},{"floor":2,"key":"Poison Potion"},{"floor":14,"key":"Block Potion"},{"floor":16,"key":"Swift Potion"},{"floor":18,"key":"FearPotion"},{"floor":33,"key":"PowerPotion"},{"floor":35,"key":"Regen Potion"},{"floor":37,"key":"FearPotion"},{"floor":42,"key":"PowerPotion"}],"is_trial":false,"path_per_floor":["M","M","M","M","$","E","?","R","T","?","?","R","T","E","R","B",null,"M","$","?","?","?","R","$","R","T","R","?","M","M","?","R","B",null,"M","M","M","$","M","R","M","M","T","R","M","R","M","?","R","B",null],"character_chosen":"DEFECT","items_purchased":["Genetic Algorithm","Core Surge","Conserve Battery","Leap","Gash","Defragment"],"campfire_rested":4,"item_purchase_floors":[5,19,19,24,38,38],"current_hp_per_floor":[65,55,55,31,31,20,20,20,20,20,20,20,20,4,26,12,61,62,62,62,62,48,48,48,48,48,48,48,49,21,21,45,4,62,40,24,5,5,21,21,22,19,19,19,11,37,27,27,53,28],"gold":132,"neow_bonus":"UPGRADE_CARD","is_prod":false,"is_daily":false,"chose_seed":false,"campfire_upgraded":7,"win_rate":0,"timestamp":1563167068,"path_taken":["M","M","M","M","$","E","?","R","T","?","?","R","?","E","R","BOSS","M","$","?","?","?","R","?","R","T","R","?","M","M","?","R","BOSS","M","M","M","$","M","R","M","M","T","R","M","R","M","?","R","BOSS"],"build_version":"2019-07-05","purchased_purges":4,"victory":true,"max_hp_per_floor":[75,75,75,75,75,75,75,75,75,75,75,75,75,76,76,77,77,78,78,78,78,78,78,78,78,78,78,78,79,80,80,80,81,81,82,83,84,84,85,85,86,87,87,87,88,88,89,89,89,90],"card_choices":[{"not_picked":["Leap","Fusion"],"picked":"Chill","floor":1},{"not_picked":["Darkness","Force Field"],"picked":"Gash","floor":2},{"not_picked":["Stack","Sweeping Beam"],"picked":"Undo","floor":3},{"not_picked":["Double Energy","Beam Cell","Leap"],"picked":"SKIP","floor":4},{"not_picked":["Ball Lightning","Go for the Eyes"],"picked":"Hologram","floor":6},{"not_picked":["Static Discharge","Conserve Battery"],"picked":"Machine Learning","floor":14},{"not_picked":["Amplify","Buffer"],"picked":"All For One","floor":16},{"not_picked":["Barrage","Steam"],"picked":"Sweeping Beam+1","floor":18},{"not_picked":["Leap","Streamline+1"],"picked":"Consume","floor":29},{"not_picked":["Go for the Eyes","BootSequence"],"picked":"Chill","floor":30},{"not_picked":["Go for the Eyes","Chaos"],"picked":"Gash+1","floor":35},{"not_picked":["Gash","Go for the Eyes"],"picked":"Defragment+1","floor":36},{"not_picked":["Blizzard","Doom and Gloom"],"picked":"Cold Snap+1","floor":37},{"not_picked":["Streamline","Hologram+1","Chaos+1"],"picked":"SKIP","floor":39},{"not_picked":["Static Discharge","Compile Driver+1"],"picked":"Go for the Eyes+1","floor":41},{"not_picked":["Doom and Gloom","Hologram","Consume"],"picked":"SKIP","floor":42},{"not_picked":["Conserve Battery+1","Streamline"],"picked":"Coolheaded+1","floor":45},{"not_picked":["Steam+1","Meteor Strike"],"picked":"Gash+1","floor":47}],"player_experience":287963,"relics_obtained":[{"floor":6,"key":"The Courier"},{"floor":9,"key":"Juzu Bracelet"},{"floor":13,"key":"Whetstone"},{"floor":14,"key":"Potion Belt"},{"floor":26,"key":"Ornamental Fan"},{"floor":43,"key":"Centennial Puzzle"}],"event_choices":[{"damage_healed":0,"gold_gain":30,"player_choice":"Searched \u00273\u0027 times","damage_taken":0,"relics_obtained":["Ancient Tea Set"],"max_hp_gain":0,"max_hp_loss":0,"event_name":"Dead Adventurer","floor":7,"gold_loss":0},{"cards_removed":["Defend_B"],"damage_healed":0,"gold_gain":0,"player_choice":"Purged","damage_taken":0,"max_hp_gain":0,"max_hp_loss":0,"event_name":"Purifier","floor":10,"gold_loss":0},{"damage_healed":0,"gold_gain":0,"player_choice":"Trade","damage_taken":0,"relics_obtained":["FaceOfCleric"],"max_hp_gain":0,"max_hp_loss":0,"event_name":"FaceTrader","floor":11,"gold_loss":0},{"damage_healed":0,"gold_gain":0,"player_choice":"Opened","damage_taken":0,"relics_obtained":["Pen Nib"],"max_hp_gain":0,"max_hp_loss":0,"event_name":"The Mausoleum","floor":20,"gold_loss":0,"cards_obtained":["Writhe"]},{"cards_removed":["Writhe"],"damage_healed":0,"gold_gain":0,"player_choice":"Removed Curses","damage_taken":0,"max_hp_gain":0,"max_hp_loss":0,"event_name":"Fountain of Cleansing","floor":21,"gold_loss":0},{"damage_healed":0,"gold_gain":0,"player_choice":"CARD ","damage_taken":14,"max_hp_gain":0,"max_hp_loss":0,"event_name":"Knowing Skull","floor":22,"potions_obtained":[],"gold_loss":0,"cards_obtained":["Mind Blast"]},{"damage_healed":0,"gold_gain":0,"player_choice":"Ignored","damage_taken":0,"max_hp_gain":0,"max_hp_loss":0,"event_name":"Vampires","floor":28,"gold_loss":0},{"damage_healed":0,"gold_gain":0,"player_choice":"Obtained Relic","damage_taken":0,"relics_obtained":["MawBank"],"max_hp_gain":0,"max_hp_loss":0,"event_name":"Addict","floor":31,"gold_loss":85},{"damage_healed":0,"gold_gain":0,"player_choice":"Forge","damage_taken":0,"max_hp_gain":0,"max_hp_loss":0,"event_name":"Accursed Blacksmith","floor":48,"gold_loss":0,"cards_upgraded":["Undo"]}],"is_beta":false,"boss_relics":[{"not_picked":["Busted Crown","Ectoplasm"],"picked":"Empty Cage"},{"not_picked":["Velvet Choker","Orrery"],"picked":"Philosopher\u0027s Stone"}],"items_purged_floors":[5,19,24,38],"is_endless":false,"potions_floor_spawned":[1,2,14,16,18,33,35,37,42],"ascension_level":10}