{"gold_per_floor":[117,136,136,136,11,11,36,56,56,69,90,90,104,118,118,213,213,232,251,274,199,249,249],"floor_reached":23,"playtime":1237,"items_purged":[],"score":337,"play_id":"f1300c85-3a6e-416e-9393-4d10374b5487","local_time":"20190818162657","is_ascension_mode":true,"campfire_choices":[{"data":"Zap","floor":6.0,"key":"SMITH"},{"data":"Conserve Battery","floor":12.0,"key":"SMITH"},{"data":"Dualcast","floor":15.0,"key":"SMITH"}],"neow_cost":"PERCENT_DAMAGE","seed_source_timestamp":0,"circlet_count":0,"master_deck":["AscendersBane","Strike_B","Strike_B","Defend_B","Defend_B","Defend_B","Zap+1","Dualcast+1","Blizzard","BootSequence","Conserve Battery+1","Gash","Streamline","Gash","Loop","Self Repair","Echo Form","Coolheaded","Go for the Eyes","Cold Snap"],"special_seed":0,"relics":["Cracked Core","Golden Idol","Meat on the Bone","Cursed Key"],"potions_floor_usage":[23],"damage_taken":[{"damage":1.0,"enemies":"Cultist","floor":1.0,"turns":3.0},{"damage":4.0,"enemies":"2 Louse","floor":2.0,"turns":2.0},{"damage":0.0,"enemies":"Jaw Worm","floor":7.0,"turns":3.0},{"damage":14.0,"enemies":"Exordium Wildlife","floor":8.0,"turns":5.0},{"damage":8.0,"enemies":"Blue Slaver","floor":10.0,"turns":4.0},{"damage":0.0,"enemies":"2 Fungi Beasts","floor":11.0,"turns":3.0},{"damage":5.0,"enemies":"Large Slime","floor":13.0,"turns":6.0},{"damage":12.0,"enemies":"Lots of Slimes","floor":14.0,"turns":4.0},{"damage":46.0,"enemies":"The Guardian","floor":16.0,"turns":14.0},{"damage":33.0,"enemies":"Chosen","floor":18.0,"turns":5.0},{"damage":17.0,"enemies":"Spheric Guardian","floor":19.0,"turns":6.0},{"damage":31.0,"enemies":"Snake Plant","floor":20.0,"turns":5.0},{"damage":58,"enemies":"Gremlin Leader","floor":23,"turns":7}],"seed_played":"7042584052250574846","potions_obtained":[{"floor":2.0,"key":"Weak Potion"},{"floor":7.0,"key":"FairyPotion"},{"floor":8.0,"key":"Weak Potion"},{"floor":14.0,"key":"Regen Potion"},{"floor":16.0,"key":"LiquidBronze"},{"floor":20.0,"key":"Regen Potion"}],"is_trial":false,"path_per_floor":["M","M","?","$","$","R","M","M","T","M","M","R","M","M","R","B",null,"M","M","M","?","?","E"],"character_chosen":"DEFECT","items_purchased":["Blizzard","BootSequence"],"campfire_rested":0,"item_purchase_floors":[5,5],"current_hp_per_floor":[45,41,17,17,17,17,17,3,3,19,31,31,38,38,38,26,60,46,55,43,43,43,0],"gold":249,"neow_bonus":"REMOVE_TWO","is_prod":false,"is_daily":false,"chose_seed":false,"campfire_upgraded":3,"win_rate":0,"timestamp":1566113217,"path_taken":["M","?","?","?","$","R","M","M","T","M","M","R","?","M","R","BOSS","M","M","M","?","?","E"],"build_version":"2019-07-17","purchased_purges":0,"victory":false,"max_hp_per_floor":[71,71,71,71,71,71,71,71,71,71,71,71,71,71,71,71,71,71,71,71,71,71,71],"card_choices":[{"not_picked":["Barrage","Sweeping Beam","Chaos"],"picked":"SKIP","floor":1.0},{"not_picked":["Barrage","Force Field","Hello World"],"picked":"SKIP","floor":2.0},{"not_picked":["Beam Cell","Compile Driver"],"picked":"Conserve Battery","floor":7.0},{"not_picked":["Beam Cell","Hello World"],"picked":"Gash","floor":8.0},{"not_picked":["BootSequence","Beam Cell"],"picked":"Streamline","floor":10.0},{"not_picked":["Stack","Leap"],"picked":"Gash","floor":11.0},{"not_picked":["Undo","Recycle"],"picked":"Loop","floor":13.0},{"not_picked":["Loop","Darkness"],"picked":"Self Repair","floor":14.0},{"not_picked":["Reboot","Buffer"],"picked":"Echo Form","floor":16.0},{"not_picked":["Chill","Static Discharge"],"picked":"Coolheaded","floor":18.0},{"not_picked":["Conserve Battery+1","Compile Driver"],"picked":"Go for the Eyes","floor":19.0},{"not_picked":["Steam","Chill"],"picked":"Cold Snap","floor":20.0}],"player_experience":504019,"relics_obtained":[{"floor":9.0,"key":"Meat on the Bone"}],"event_choices":[{"damage_healed":0.0,"max_hp_gain":0.0,"max_hp_loss":0.0,"gold_gain":0.0,"event_name":"Golden Idol","player_choice":"Take Damage","floor":3.0,"gold_loss":0.0,"damage_taken":24.0,"relics_obtained":["Golden Idol"]},{"cards_removed":["Strike_B"],"damage_healed":0.0,"max_hp_gain":0.0,"max_hp_loss":0.0,"gold_gain":0.0,"event_name":"Beggar","player_choice":"Gave Gold","floor":21.0,"gold_loss":75.0,"damage_taken":0.0},{"damage_healed":0.0,"max_hp_gain":0.0,"max_hp_loss":0.0,"gold_gain":50.0,"event_name":"Nest","player_choice":"Stole From Cult","floor":22.0,"gold_loss":0.0,"damage_taken":0.0}],"is_beta":false,"boss_relics":[{"not_picked":["Busted Crown","Inserter"],"picked":"Cursed Key"}],"items_purged_floors":[],"is_endless":false,"potions_floor_spawned":[2,7,8,14,16,20],"killed_by":"Gremlin Leader","ascension_level":16}