{"gold_per_floor":[115,125,15,30,48,48,73,101,124,124,124,137,137,162,162,162],"floor_reached":16,"playtime":3749,"items_purged":["Defend_B"],"score":116,"play_id":"33c0b701-f768-4ab1-bf19-bad53c236afb","local_time":"20190703065726","is_ascension_mode":true,"campfire_choices":[{"data":"Zap","floor":6,"key":"SMITH"},{"data":"Fusion","floor":11,"key":"SMITH"},{"data":"Chaos","floor":13,"key":"SMITH"},{"data":"Reinforced Body","floor":15,"key":"SMITH"}],"neow_cost":"NONE","seed_source_timestamp":459397525878789,"circlet_count":0,"master_deck":["Strike_B","Strike_B","Strike_B","Defend_B","Defend_B","Defend_B","Zap+1","Dualcast","Double Energy","Chaos+1","Chill","Fusion+1","Melter","FTL","Reinforced Body+1"],"relics":["Cracked Core","Omamori","Potion Belt","Strawberry","Smiling Mask"],"potions_floor_usage":[8,10,16],"damage_taken":[{"damage":0,"enemies":"Cultist","floor":1,"turns":3},{"damage":1,"enemies":"2 Louse","floor":2,"turns":2},{"damage":0,"enemies":"Small Slimes","floor":4,"turns":3},{"damage":5,"enemies":"Looter","floor":5,"turns":3},{"damage":27,"enemies":"Gremlin Nob","floor":8,"turns":4},{"damage":0,"enemies":"Blue Slaver","floor":12,"turns":3},{"damage":1,"enemies":"Lagavulin","floor":14,"turns":5},{"damage":54,"enemies":"Hexaghost","floor":16,"turns":10}],"seed_played":"4319523719623603618","potions_obtained":[{"floor":4,"key":"Poison Potion"},{"floor":10,"key":"Fruit Juice"},{"floor":10,"key":"SneckoOil"},{"floor":10,"key":"SteroidPotion"},{"floor":12,"key":"Strength Potion"},{"floor":14,"key":"Fire Potion"}],"is_trial":false,"path_per_floor":["M","M","$","M","M","R","T","E","T","?","R","M","R","E","R","B"],"character_chosen":"DEFECT","items_purchased":["Fusion"],"campfire_rested":0,"item_purchase_floors":[3],"current_hp_per_floor":[75,74,74,74,69,69,69,42,49,54,54,54,54,53,53,0],"gold":162,"neow_bonus":"TRANSFORM_CARD","is_prod":false,"is_daily":false,"chose_seed":false,"campfire_upgraded":4,"win_rate":0,"timestamp":1562104646,"path_taken":["M","?","$","M","M","R","?","E","T","?","R","M","R","E","R","BOSS"],"build_version":"2019-07-01","purchased_purges":1,"victory":false,"max_hp_per_floor":[75,75,75,75,75,75,75,75,82,87,87,87,87,87,87,87],"card_choices":[{"not_picked":["Go for the Eyes","Heatsinks"],"picked":"Chaos","floor":1},{"not_picked":["BootSequence","Stack"],"picked":"Chill","floor":2},{"not_picked":["Conserve Battery","Barrage"],"picked":"Melter","floor":4},{"not_picked":["Coolheaded","Chill","Beam Cell"],"picked":"SKIP","floor":5},{"not_picked":["Seek","Gash"],"picked":"FTL","floor":8},{"not_picked":["Fusion","Coolheaded"],"picked":"Reinforced Body","floor":12},{"not_picked":["Consume","Sweeping Beam","Scrape"],"picked":"SKIP","floor":14}],"player_experience":126114,"relics_obtained":[{"floor":7,"key":"Omamori"},{"floor":8,"key":"Potion Belt"},{"floor":9,"key":"Strawberry"},{"floor":14,"key":"Smiling Mask"}],"event_choices":[{"damage_healed":0,"gold_gain":0,"player_choice":"Got Potions","damage_taken":0,"max_hp_gain":0,"max_hp_loss":0,"event_name":"Lab","floor":10,"gold_loss":0}],"is_beta":false,"boss_relics":[],"items_purged_floors":[3],"is_endless":false,"potions_floor_spawned":[4,12,14],"killed_by":"Hexaghost","ascension_level":1}