{"gold_per_floor":[114,114,189,264,264,264,279,279,279,279,279,279,294,294,294,394,394,409,178,193,193,43,43,73,88,163,263,263,263,263,278,278,278],"floor_reached":33,"playtime":1129,"items_purged":[],"score":299,"play_id":"3c41bc61-b6f6-45d1-bacb-d18372b8f286","local_time":"20181129182458","daily_mods":["Heirloom","Vintage","Lethality"],"is_ascension_mode":false,"campfire_choices":[{"data":"Double Tap","floor":6,"key":"SMITH"},{"data":"Strike_R","floor":8,"key":"SMITH"},{"data":"Strike_R","floor":15,"key":"SMITH"},{"floor":23,"key":"REST"},{"floor":29,"key":"REST"},{"floor":32,"key":"REST"}],"neow_cost":"","seed_source_timestamp":0,"circlet_count":0,"master_deck":["Strike_R+1","Strike_R+1","Strike_R","Strike_R+1","Strike_R","Defend_R","Defend_R","Defend_R","Defend_R","Double Tap+1","Demon Form","Searing Blow","Armaments"],"special_seed":17864,"relics":["Burning Blood","Champion Belt","Juzu Bracelet","Sundial","Art of War","Letter Opener","Smiling Mask","PreservedInsect","Runic Pyramid","Question Card","Vajra","Nloth\u0027s Gift","Bronze Scales","Regal Pillow","Self Forming Clay","Pantograph","Bottled Tornado"],"potions_floor_usage":[16,16,16,31],"damage_taken":[{"damage":0,"enemies":"Small Slimes","floor":1,"turns":2},{"damage":4,"enemies":"Jaw Worm","floor":7,"turns":2},{"damage":0,"enemies":"Cultist","floor":13,"turns":2},{"damage":0,"enemies":"Slime Boss","floor":16,"turns":5},{"damage":8,"enemies":"Spheric Guardian","floor":18,"turns":3},{"damage":29,"enemies":"2 Thieves","floor":20,"turns":4},{"damage":44,"enemies":"Book of Stabbing","floor":24,"turns":4},{"damage":34,"enemies":"Sentry and Sphere","floor":25,"turns":4},{"damage":15,"enemies":"Snake Plant","floor":31,"turns":4},{"damage":99,"enemies":"Champ","floor":33,"turns":8}],"seed_played":"-1070048214907055713","potions_obtained":[{"floor":7,"key":"Poison Potion"},{"floor":10,"key":"Fire Potion"},{"floor":10,"key":"Fire Potion"},{"floor":25,"key":"Block Potion"}],"is_trial":false,"path_per_floor":["M","?","?","T","?","R","M","R","T","?","?","?","M","?","R","B",null,"M","$","M","?","$","R","E","M","T","?","?","R","?","M","R","B"],"character_chosen":"IRONCLAD","items_purchased":["Searing Blow","Vajra","Bronze Scales"],"campfire_rested":3,"item_purchase_floors":[19,19,22],"current_hp_per_floor":[80,80,69,69,69,69,71,71,71,71,71,71,77,77,77,80,80,78,78,55,55,55,79,41,13,13,13,13,52,52,43,80,0],"gold":278,"neow_bonus":"","is_prod":false,"is_daily":true,"chose_seed":false,"campfire_upgraded":3,"win_rate":0,"timestamp":1543512298,"path_taken":["M","?","?","?","?","R","M","R","T","?","?","?","M","?","R","BOSS","M","$","M","?","$","R","E","M","T","?","?","R","?","M","R","BOSS"],"build_version":"2018-11-15","purchased_purges":0,"victory":false,"max_hp_per_floor":[80,80,80,80,80,80,80,80,80,80,80,80,80,80,80,80,80,80,80,80,80,80,80,80,80,80,80,80,80,80,80,80,80],"card_choices":[{"not_picked":["Feed","Brutality"],"picked":"Demon Form","floor":16},{"not_picked":["Battle Trance","Exhume","Body Slam"],"picked":"Armaments","floor":24}],"player_experience":109222,"relics_obtained":[{"floor":1,"key":"Juzu Bracelet"},{"floor":4,"key":"Sundial"},{"floor":7,"key":"Art of War"},{"floor":9,"key":"Letter Opener"},{"floor":12,"key":"Smiling Mask"},{"floor":13,"key":"PreservedInsect"},{"floor":18,"key":"Question Card"},{"floor":20,"key":"Toxic Egg 2"},{"floor":24,"key":"Regal Pillow"},{"floor":25,"key":"Self Forming Clay"},{"floor":26,"key":"Pantograph"},{"floor":31,"key":"Bottled Tornado"}],"event_choices":[{"damage_healed":0,"gold_gain":0,"player_choice":"Fled","damage_taken":0,"max_hp_gain":0,"max_hp_loss":0,"event_name":"Scrap Ooze","floor":2,"gold_loss":0},{"damage_healed":0,"gold_gain":75,"player_choice":"Gather Gold","damage_taken":11,"max_hp_gain":0,"max_hp_loss":0,"event_name":"World of Goop","floor":3,"gold_loss":0},{"damage_healed":0,"gold_gain":0,"cards_transformed":["Bash"],"player_choice":"Transformed","damage_taken":0,"max_hp_gain":0,"max_hp_loss":0,"event_name":"Transmorgrifier","floor":5,"gold_loss":0,"cards_obtained":["Double Tap"]},{"damage_healed":0,"gold_gain":0,"player_choice":"Got Potions","damage_taken":0,"max_hp_gain":0,"max_hp_loss":0,"event_name":"Lab","floor":10,"gold_loss":0},{"damage_healed":0,"gold_gain":0,"player_choice":"Grow","damage_taken":0,"max_hp_gain":0,"max_hp_loss":0,"event_name":"Living Wall","floor":11,"gold_loss":0,"cards_upgraded":["Strike_R"]},{"damage_healed":0,"gold_gain":0,"player_choice":"Relic","damage_taken":0,"max_hp_gain":0,"max_hp_loss":0,"event_name":"Wheel of Change","floor":12,"gold_loss":0},{"damage_healed":0,"gold_gain":0,"player_choice":"Ignored","damage_taken":0,"max_hp_gain":0,"max_hp_loss":0,"event_name":"Liars Game","floor":14,"gold_loss":0},{"damage_healed":0,"gold_gain":0,"player_choice":"Traded Relic","damage_taken":0,"relics_obtained":["Nloth\u0027s Gift"],"max_hp_gain":0,"max_hp_loss":0,"event_name":"N\u0027loth","floor":21,"relics_lost":["Toxic Egg 2"],"gold_loss":0},{"damage_healed":0,"gold_gain":100,"player_choice":"Pray","damage_taken":0,"max_hp_gain":0,"max_hp_loss":0,"event_name":"Golden Shrine","floor":27,"gold_loss":0},{"damage_healed":0,"gold_gain":0,"player_choice":"Ignored","damage_taken":0,"max_hp_gain":0,"max_hp_loss":0,"event_name":"The Mausoleum","floor":28,"gold_loss":0},{"damage_healed":0,"gold_gain":0,"player_choice":"Ignored","damage_taken":0,"max_hp_gain":0,"max_hp_loss":0,"event_name":"Beggar","floor":30,"gold_loss":0}],"is_beta":false,"boss_relics":[{"not_picked":["Cursed Key","Eternal Feather"],"picked":"Runic Pyramid"}],"items_purged_floors":[],"is_endless":false,"potions_floor_spawned":[7,13,25],"killed_by":"Champ","ascension_level":0}