{"gold_per_floor":[19,35,49,224,299,299,329,329,354,136,168,168,183,183,183,284,284,301,301,301,332,351,377,389,433,445,489,210,223,67,67,67,67],"floor_reached":33,"playtime":1548,"items_purged":["Doubt"],"score":334,"play_id":"8ae53623-4b75-4b04-bacb-5259a8262764","local_time":"20190201183418","is_ascension_mode":false,"campfire_choices":[{"data":"Shrug It Off","floor":6,"key":"SMITH"},{"data":"Cleave","floor":8,"key":"SMITH"},{"floor":15,"key":"REST"},{"floor":32,"key":"RECALL"}],"neow_cost":"NO_GOLD","seed_source_timestamp":110838957962643,"circlet_count":0,"master_deck":["Defend_R","Defend_R+1","Defend_R+1","Bash","Shrug It Off+1","Cleave+1","Headbutt","Demon Form","J.A.X.","Bite","Bite","Bite","Bite","Bite","True Grit+1","Clothesline+1","Impervious","Heavy Blade","Limit Break+1"],"relics":["Burning Blood","Potion Belt","Whetstone","Vajra","Juzu Bracelet","War Paint","Fusion Hammer","Red Mask","MawBank","Blood Vial","Bag of Marbles","Bag of Preparation","Pen Nib"],"potions_floor_usage":[7,18,22,23,23,27,33],"damage_taken":[{"damage":4,"enemies":"Cultist","floor":1,"turns":4},{"damage":3,"enemies":"Jaw Worm","floor":2,"turns":4},{"damage":3,"enemies":"2 Louse","floor":3,"turns":2},{"damage":36,"enemies":"3 Sentries","floor":7,"turns":9},{"damage":37,"enemies":"Lagavulin","floor":11,"turns":9},{"damage":0,"enemies":"Large Slime","floor":13,"turns":8},{"damage":21,"enemies":"Slime Boss","floor":16,"turns":10},{"damage":2,"enemies":"Chosen","floor":18,"turns":4},{"damage":22,"enemies":"Masked Bandits","floor":21,"turns":4},{"damage":14,"enemies":"2 Thieves","floor":22,"turns":4},{"damage":42,"enemies":"Slavers","floor":23,"turns":5},{"damage":13,"enemies":"Gremlin Leader","floor":25,"turns":7},{"damage":43,"enemies":"Slavers","floor":27,"turns":8},{"damage":13,"enemies":"Sentry and Sphere","floor":29,"turns":5},{"damage":65,"enemies":"Automaton","floor":33,"turns":8}],"seed_played":"863500420970531036","potions_obtained":[{"floor":2,"key":"LiquidBronze"},{"floor":3,"key":"SpeedPotion"},{"floor":13,"key":"Block Potion"},{"floor":16,"key":"Poison Potion"},{"floor":18,"key":"Poison Potion"},{"floor":22,"key":"SpeedPotion"},{"floor":25,"key":"Regen Potion"}],"is_trial":false,"path_per_floor":["M","M","M","?","?","R","E","R","T","$","E","?","M","?","R","B",null,"M","?","?","?","M","E","?","E","T","E","$","M","$","?","R","B"],"character_chosen":"IRONCLAD","items_purchased":["Vajra","Bag of Preparation","Limit Break","Pen Nib"],"campfire_rested":1,"item_purchase_floors":[10,28,28,30],"current_hp_per_floor":[96,96,96,96,85,85,55,55,55,55,24,24,30,30,58,43,96,96,96,67,61,65,42,42,53,53,45,45,50,50,50,50,0],"gold":67,"neow_bonus":"TWENTY_PERCENT_HP_BONUS","is_prod":false,"is_daily":false,"chose_seed":false,"campfire_upgraded":2,"win_rate":0,"timestamp":1549038858,"path_taken":["M","?","M","?","?","R","E","R","T","$","E","?","M","?","R","BOSS","M","?","?","?","M","E","?","E","T","E","$","M","$","?","R","BOSS"],"build_version":"2019-01-23","purchased_purges":1,"victory":false,"max_hp_per_floor":[96,96,96,96,96,96,96,96,96,96,96,96,96,96,96,96,96,96,96,67,67,67,67,67,67,67,67,67,67,67,67,67,67],"card_choices":[{"not_picked":["Armaments","Corruption"],"picked":"Shrug It Off","floor":1},{"not_picked":["Perfected Strike","Pummel"],"picked":"Cleave","floor":2},{"not_picked":["Clash","Rupture","Warcry"],"picked":"SKIP","floor":3},{"not_picked":["Power Through","Reaper"],"picked":"Headbutt","floor":7},{"not_picked":["Havoc","Pommel Strike","Twin Strike"],"picked":"SKIP","floor":11},{"not_picked":["Searing Blow","Hemokinesis","Cleave"],"picked":"SKIP","floor":13},{"not_picked":["Exhume","Bludgeon"],"picked":"Demon Form","floor":16},{"not_picked":["Perfected Strike","Clothesline+1","Havoc"],"picked":"SKIP","floor":18},{"not_picked":["Combust","Power Through"],"picked":"True Grit+1","floor":22},{"not_picked":["Anger","Second Wind"],"picked":"Clothesline+1","floor":23},{"not_picked":["Thunderclap","Havoc"],"picked":"Impervious","floor":25},{"not_picked":["Twin Strike+1","Anger"],"picked":"Heavy Blade","floor":27},{"not_picked":["Warcry","Spot Weakness","Brutality"],"picked":"SKIP","floor":29}],"player_experience":209456,"relics_obtained":[{"floor":7,"key":"Potion Belt"},{"floor":9,"key":"Whetstone"},{"floor":11,"key":"Juzu Bracelet"},{"floor":12,"key":"War Paint"},{"floor":21,"key":"Red Mask"},{"floor":23,"key":"MawBank"},{"floor":25,"key":"Blood Vial"},{"floor":27,"key":"Bag of Marbles"}],"event_choices":[{"damage_healed":0,"gold_gain":175,"player_choice":"AGREE","damage_taken":0,"max_hp_gain":0,"max_hp_loss":0,"event_name":"Liars Game","floor":4,"gold_loss":0,"cards_obtained":["Doubt"]},{"damage_healed":0,"gold_gain":75,"player_choice":"Gather Gold","damage_taken":11,"max_hp_gain":0,"max_hp_loss":0,"event_name":"World of Goop","floor":5,"gold_loss":0},{"damage_healed":0,"gold_gain":0,"player_choice":"Relic","damage_taken":0,"max_hp_gain":0,"max_hp_loss":0,"event_name":"Wheel of Change","floor":12,"gold_loss":0},{"damage_healed":0,"gold_gain":0,"player_choice":"Ignored","damage_taken":0,"max_hp_gain":0,"max_hp_loss":0,"event_name":"NoteForYourself","floor":14,"gold_loss":0},{"damage_healed":0,"gold_gain":0,"player_choice":"Obtain J.A.X.","damage_taken":0,"max_hp_gain":0,"max_hp_loss":0,"event_name":"Drug Dealer","floor":19,"gold_loss":0,"cards_obtained":["J.A.X."]},{"damage_healed":0,"gold_gain":0,"player_choice":"Became a vampire","damage_taken":0,"max_hp_gain":0,"max_hp_loss":29,"event_name":"Vampires","floor":20,"gold_loss":0,"cards_obtained":["Bite","Bite","Bite","Bite","Bite"]},{"damage_healed":0,"gold_gain":0,"player_choice":"Fought Bandits","damage_taken":0,"max_hp_gain":0,"max_hp_loss":0,"event_name":"Masked Bandits","floor":21,"gold_loss":0},{"cards_removed":["Defend_R"],"damage_healed":0,"gold_gain":0,"player_choice":"Elegance","damage_taken":0,"max_hp_gain":0,"max_hp_loss":0,"event_name":"Back to Basics","floor":24,"gold_loss":0},{"damage_healed":0,"gold_gain":0,"player_choice":"Upgraded","damage_taken":0,"max_hp_gain":0,"max_hp_loss":0,"event_name":"Upgrade Shrine","floor":31,"gold_loss":0,"cards_upgraded":["Limit Break"]}],"is_beta":false,"boss_relics":[{"not_picked":["Pandora\u0027s Box","Black Star"],"picked":"Fusion Hammer"}],"items_purged_floors":[10],"is_endless":false,"potions_floor_spawned":[2,3,13,16,18,22,25],"killed_by":"Automaton","ascension_level":0}