{"gold_per_floor":[144,189,189,234,279,279,279,279,279,202,202,247,292,337,337,637,637,682,727,772,817,685,685,357,402,427,141,186,186,276,321,321,621,621,666,711,550,595,346,436,439,439,439,439,484,529,529,574,574,574],"floor_reached":51,"playtime":2197,"items_purged":["Bash","Strike_R"],"score":820,"play_id":"5fc181d6-901e-44cb-a88d-3d061dfb15b5","local_time":"20180624145239","daily_mods":["Heirloom","Midas","Vintage"],"is_ascension_mode":false,"campfire_choices":[{"floor":6,"key":"REST"},{"floor":8,"key":"REST"},{"floor":11,"key":"REST"},{"floor":15,"key":"REST"},{"floor":23,"key":"REST"},{"floor":29,"key":"REST"},{"floor":32,"key":"REST"},{"floor":42,"key":"REST"},{"floor":47,"key":"REST"},{"floor":49,"key":"REST"}],"neow_cost":"","seed_source_timestamp":0,"circlet_count":0,"master_deck":["Strike_R+1","Strike_R+1","Strike_R","Strike_R+1","Defend_R+1","Defend_R+1","Defend_R+1","Defend_R+1","Uppercut+1","Demon Form","Clash+1","Bloodletting","Apotheosis","Madness","Inflame","Enlightenment","Carnage+1","Infernal Blade+1","Bludgeon+1","Dropkick+1","Heavy Blade+1","Perfected Strike+1","Blind","Madness","Madness"],"special_seed":17706,"relics":["Black Blood","Red Skull","Pear","Whetstone","Mummified Hand","Orichalcum","Molten Egg 2","War Paint","Pen Nib","Paper Frog","Lantern","Runic Cube","Bag of Preparation","Blood Vial","Ornamental Fan","Bag of Marbles","Thread and Needle","Oddly Smooth Stone","Singing Bowl","Happy Flower","Ginger","Meat on the Bone","Ancient Tea Set","Dream Catcher","Charon\u0027s Ashes","Blue Candle","Turnip","Kunai","Omamori","Pantograph","Regal Pillow"],"potions_floor_usage":[18,19,21,33,50,50,50],"damage_taken":[{"damage":5,"enemies":"Small Slimes","floor":1,"turns":5},{"damage":7,"enemies":"2 Louse","floor":2,"turns":3},{"damage":0,"enemies":"Cultist","floor":4,"turns":5},{"damage":2,"enemies":"Blue Slaver","floor":5,"turns":5},{"damage":5,"enemies":"2 Fungi Beasts","floor":12,"turns":4},{"damage":0,"enemies":"Red Slaver","floor":13,"turns":4},{"damage":9,"enemies":"Large Slime","floor":14,"turns":6},{"damage":35,"enemies":"Slime Boss","floor":16,"turns":12},{"damage":21,"enemies":"2 Thieves","floor":18,"turns":5},{"damage":20,"enemies":"3 Byrds","floor":19,"turns":5},{"damage":13,"enemies":"Cultist and Chosen","floor":20,"turns":7},{"damage":30,"enemies":"3 Cultists","floor":21,"turns":6},{"damage":21,"enemies":"Chosen and Byrds","floor":25,"turns":6},{"damage":14,"enemies":"Centurion and Healer","floor":28,"turns":6},{"damage":8,"enemies":"Slavers","floor":30,"turns":6},{"damage":7,"enemies":"Slaver and Parasite","floor":31,"turns":5},{"damage":14,"enemies":"Champ","floor":33,"turns":5},{"damage":0,"enemies":"Orb Walker","floor":35,"turns":2},{"damage":21,"enemies":"3 Darklings","floor":36,"turns":6},{"damage":1,"enemies":"Sphere and 2 Shapes","floor":38,"turns":3},{"damage":17,"enemies":"Nemesis","floor":40,"turns":3},{"damage":19,"floor":41,"turns":2},{"damage":5,"enemies":"4 Shapes","floor":45,"turns":3},{"damage":8,"enemies":"3 Darklings","floor":46,"turns":5},{"damage":12,"enemies":"Maw","floor":48,"turns":5},{"damage":47,"enemies":"Time Eater","floor":50,"turns":7}],"seed_played":"1648767843045410124","potions_obtained":[{"floor":1,"key":"Ancient Potion"},{"floor":2,"key":"Energy Potion"},{"floor":5,"key":"Explosive Potion"},{"floor":21,"key":"GamblersBrew"},{"floor":25,"key":"Fire Potion"},{"floor":28,"key":"EssenceOfSteel"},{"floor":30,"key":"Block Potion"},{"floor":38,"key":"Strength Potion"}],"is_trial":false,"path_per_floor":["M","M","?","M","M","R","?","R","T","$","R","M","M","M","R","B",null,"M","M","M","M","$","R","$","M","T","$","M","R","E","M","R","B",null,"M","M","$","M","$","E","?","R","T","?","M","M","R","M","R","B"],"character_chosen":"IRONCLAD","items_purchased":["Uppercut+1","Clash+1","Bloodletting","Apotheosis","Madness","Inflame","Enlightenment","Carnage+1","Dropkick+1","Heavy Blade+1","Perfected Strike+1","Blind"],"campfire_rested":10,"item_purchase_floors":[10,22,22,24,24,24,27,27,37,37,39,39],"current_hp_per_floor":[90,89,71,77,81,90,90,90,90,90,90,90,90,87,90,61,90,75,61,56,34,34,61,61,48,48,48,42,69,69,70,90,82,90,90,79,79,90,90,85,80,96,96,84,91,95,98,96,100,63],"gold":574,"neow_bonus":"","is_prod":false,"is_daily":true,"chose_seed":false,"campfire_upgraded":0,"win_rate":0.0,"timestamp":1529844759,"path_taken":["M","M","?","M","?","R","?","R","T","$","R","M","M","M","R","BOSS","M","M","M","M","$","R","$","M","T","$","M","R","E","M","R","BOSS","M","M","$","M","$","E","?","R","T","?","M","M","R","M","R","BOSS"],"build_version":"2018-06-21v2","purchased_purges":2,"victory":true,"max_hp_per_floor":[90,90,90,90,90,90,90,90,90,90,90,90,90,90,90,90,90,90,90,90,90,90,90,90,90,90,90,90,90,90,90,90,90,90,90,90,90,90,90,92,94,96,96,96,96,96,98,98,100,100],"card_choices":[{"not_picked":["Limit Break","Offering"],"picked":"Demon Form","floor":16},{"not_picked":["Anger+1","Sever Soul+1"],"picked":"Infernal Blade+1","floor":30},{"not_picked":["Brutality","Exhume"],"picked":"Bludgeon+1","floor":33},{"not_picked":["Flame Barrier","Sentinel","Warcry"],"picked":"Singing Bowl","floor":40},{"not_picked":["Clothesline+1","Sword Boomerang+1","Wild Strike+1"],"picked":"Singing Bowl","floor":41},{"not_picked":["True Grit","Clothesline+1","Cleave+1"],"picked":"Singing Bowl","floor":42},{"not_picked":["Anger+1","Wild Strike+1","Dual Wield"],"picked":"Singing Bowl","floor":47},{"not_picked":["Entrench","Havoc+1","Evolve+1"],"picked":"Singing Bowl","floor":49}],"player_experience":35458,"relics_obtained":[{"floor":1,"key":"Pear"},{"floor":2,"key":"Whetstone"},{"floor":4,"key":"Mummified Hand"},{"floor":5,"key":"Orichalcum"},{"floor":9,"key":"Molten Egg 2"},{"floor":12,"key":"War Paint"},{"floor":13,"key":"Pen Nib"},{"floor":14,"key":"Paper Frog"},{"floor":16,"key":"Lantern"},{"floor":18,"key":"Bag of Preparation"},{"floor":19,"key":"Blood Vial"},{"floor":20,"key":"Ornamental Fan"},{"floor":21,"key":"Bag of Marbles"},{"floor":25,"key":"Thread and Needle"},{"floor":26,"key":"Oddly Smooth Stone"},{"floor":28,"key":"Singing Bowl"},{"floor":30,"key":"Happy Flower"},{"floor":31,"key":"Ginger"},{"floor":33,"key":"Meat on the Bone"},{"floor":35,"key":"Ancient Tea Set"},{"floor":36,"key":"Dream Catcher"},{"floor":38,"key":"Charon\u0027s Ashes"},{"floor":40,"key":"Blue Candle"},{"floor":41,"key":"Turnip"},{"floor":43,"key":"Kunai"},{"floor":45,"key":"Omamori"},{"floor":46,"key":"Pantograph"},{"floor":48,"key":"Regal Pillow"}],"event_choices":[{"event_name":"Shining Light","player_choice":"Entered Light","floor":3,"damage_taken":0},{"event_name":"Living Wall","player_choice":"Grow","floor":7,"damage_taken":0},{"event_name":"Mysterious Sphere","player_choice":"Fight","floor":41,"damage_taken":0},{"event_name":"Winding Halls","player_choice":"Embrace Madness","floor":44,"damage_taken":0}],"boss_relics":[{"not_picked":["White Beast Statue","Astrolabe"],"picked":"Runic Cube"},{"not_picked":["Sozu","Orrery"],"picked":"Black Blood"}],"items_purged_floors":[37,39],"is_endless":false,"potions_floor_spawned":[1,2,5,16,21,25,28,30,38,40,41,46],"ascension_level":0}