{"gold_per_floor":[112,112,38,38,51,85,105,105,105,120,136,136,136,152,152,257,257,225,18,18,33,33,66,66,66],"floor_reached":25,"playtime":3311,"items_purged":[],"score":309,"play_id":"36f7204f-8f41-492b-9566-a2a87d5c1a60","local_time":"20190114133340","is_ascension_mode":true,"campfire_choices":[{"data":"Neutralize","floor":8.0,"key":"SMITH"},{"data":"Footwork","floor":12.0,"key":"SMITH"},{"data":"Caltrops","floor":15,"key":"SMITH"},{"data":"Footwork","floor":24,"key":"SMITH"}],"neow_cost":"NONE","seed_source_timestamp":3244010852060582,"circlet_count":0,"master_deck":["Defend_G+1","Defend_G+1","Defend_G+1","Defend_G+1","Defend_G+1","Strike_G+1","Strike_G+1","Strike_G+1","Strike_G+1","Survivor","Neutralize+1","Backflip","Eviscerate","Caltrops+1","Footwork+1","Heel Hook","PiercingWail","Dodge and Roll","Burst","Sucker Punch","Writhe","Footwork+1"],"special_seed":0,"relics":["Ring of the Snake","Potion Belt","Dodecahedron","Paper Crane","Meat on the Bone","Cursed Key","PrismaticShard","Molten Egg 2","Anchor"],"potions_floor_usage":[18],"damage_taken":[{"damage":2.0,"enemies":"2 Louse","floor":1.0,"turns":3.0},{"damage":0.0,"enemies":"Small Slimes","floor":5.0,"turns":5.0},{"damage":34.0,"enemies":"3 Sentries","floor":6.0,"turns":14.0},{"damage":6.0,"enemies":"Cultist","floor":7.0,"turns":6.0},{"damage":14.0,"enemies":"Lots of Slimes","floor":10.0,"turns":6.0},{"damage":0.0,"enemies":"Blue Slaver","floor":11.0,"turns":5.0},{"damage":8,"enemies":"3 Louse","floor":14,"turns":4},{"damage":18,"enemies":"The Guardian","floor":16,"turns":16},{"damage":4,"enemies":"2 Thieves","floor":18,"turns":5},{"damage":4,"enemies":"Spheric Guardian","floor":21,"turns":6},{"damage":10,"enemies":"Book of Stabbing","floor":23,"turns":8},{"damage":53,"enemies":"Gremlin Leader","floor":25,"turns":11}],"seed_played":"316235902052810754","potions_obtained":[{"floor":1.0,"key":"GamblersBrew"},{"floor":6.0,"key":"SkillPotion"},{"floor":7.0,"key":"PowerPotion"},{"floor":10.0,"key":"FearPotion"},{"floor":16,"key":"Energy Potion"},{"floor":18,"key":"SteroidPotion"}],"is_trial":false,"path_per_floor":["M","?","$","?","M","E","M","R","T","M","M","R","?","M","R","B",null,"M","$","?","M","?","E","R","E"],"character_chosen":"THE_SILENT","items_purchased":["Caltrops","PrismaticShard"],"campfire_rested":0,"item_purchase_floors":[3,19],"current_hp_per_floor":[61,61,61,61,61,27,21,21,21,19,31,31,31,35,35,29,60,56,56,56,52,52,42,42,0],"gold":66,"neow_bonus":"RANDOM_COMMON_RELIC","is_prod":false,"is_daily":false,"chose_seed":false,"campfire_upgraded":4,"win_rate":0,"timestamp":1547469220,"path_taken":["M","?","$","?","?","E","M","R","T","M","?","R","?","M","R","BOSS","M","$","?","M","?","E","R","E"],"build_version":"2019-01-10","purchased_purges":0,"victory":false,"max_hp_per_floor":[70,70,70,70,70,70,70,70,70,70,70,70,70,70,70,70,70,70,70,70,70,70,70,70,70],"card_choices":[{"not_picked":["Tactician","Underhanded Strike"],"picked":"Backflip","floor":1.0},{"not_picked":["Accuracy","Heel Hook"],"picked":"Footwork","floor":5.0},{"not_picked":["Accuracy","Outmaneuver"],"picked":"Heel Hook","floor":6.0},{"not_picked":["Endless Agony","Underhanded Strike"],"picked":"PiercingWail","floor":7.0},{"not_picked":["PiercingWail","Dagger Spray","Quick Slash"],"picked":"SKIP","floor":10.0},{"not_picked":["Choke","Blade Dance","Flying Knee"],"picked":"SKIP","floor":11.0},{"not_picked":["Acrobatics","Masterful Stab"],"picked":"Dodge and Roll","floor":14},{"not_picked":["Night Terror","Die Die Die"],"picked":"Burst","floor":16},{"not_picked":["Dodge and Roll","Dagger Throw+1"],"picked":"Sucker Punch","floor":18},{"not_picked":["Infinite Blades","Havoc","Turbo+1"],"picked":"SKIP","floor":21},{"not_picked":["Flex+1","Enlightenment"],"picked":"Footwork","floor":23}],"player_experience":730569,"relics_obtained":[{"floor":6.0,"key":"Paper Crane"},{"floor":9.0,"key":"Meat on the Bone"},{"floor":23,"key":"Anchor"}],"event_choices":[{"damage_healed":0.0,"max_hp_gain":0.0,"max_hp_loss":0.0,"gold_gain":0.0,"cards_transformed":["Strike_G"],"event_name":"Living Wall","player_choice":"Change","floor":2.0,"gold_loss":0.0,"damage_taken":0.0,"cards_obtained":["Eviscerate"]},{"damage_healed":0.0,"max_hp_gain":0.0,"max_hp_loss":0.0,"gold_gain":0.0,"event_name":"WeMeetAgain","player_choice":"Gave Potion","floor":4.0,"gold_loss":0.0,"damage_taken":0.0,"relics_obtained":["Dodecahedron"]},{"damage_healed":0,"gold_gain":0,"player_choice":"Searched \u00271\u0027 times","damage_taken":0,"max_hp_gain":0,"max_hp_loss":0,"event_name":"Dead Adventurer","floor":13,"gold_loss":0},{"damage_healed":0,"gold_gain":0,"player_choice":"Simplicity","damage_taken":0,"max_hp_gain":0,"max_hp_loss":0,"event_name":"Back to Basics","floor":20,"gold_loss":0,"cards_upgraded":["Defend_G","Defend_G","Defend_G","Defend_G","Defend_G","Strike_G","Strike_G","Strike_G","Strike_G"]},{"damage_healed":0,"gold_gain":0,"player_choice":"Opened","damage_taken":0,"relics_obtained":["Molten Egg 2"],"max_hp_gain":0,"max_hp_loss":0,"event_name":"The Mausoleum","floor":22,"gold_loss":0,"cards_obtained":["Writhe"]}],"is_beta":false,"boss_relics":[{"not_picked":["Empty Cage","Eternal Feather"],"picked":"Cursed Key"}],"items_purged_floors":[],"is_endless":false,"potions_floor_spawned":[1,6,7,10,16,18],"killed_by":"Gremlin Leader","ascension_level":8}