{"gold_per_floor":[117,42,7,18,18,18,34,34,59,59,92,102,121,121,121,225,225,240,34,34,52,83,111,111,122,146,146,46,64,14,14,14,110,110,127,154,154,172,184,184,209,50,74,149,159,7,25,37,37,37],"floor_reached":51,"playtime":1365,"items_purged":["Strike_R","Strike_R","Brutality"],"score":695,"play_id":"3105a276-d9d5-450c-83f9-8462305de74c","local_time":"20190120210123","is_ascension_mode":false,"campfire_choices":[{"data":"Spot Weakness","floor":6,"key":"SMITH"},{"data":"Thunderclap","floor":8,"key":"SMITH"},{"floor":15,"key":"REST"},{"data":"Inflame","floor":24,"key":"SMITH"},{"floor":27,"key":"REST"},{"data":"Inflame","floor":32,"key":"SMITH"},{"data":"Deep Breath","floor":40,"key":"SMITH"},{"floor":49,"key":"REST"}],"neow_cost":"NONE","seed_source_timestamp":97390545769660,"circlet_count":0,"master_deck":["Strike_R","Strike_R","Strike_R","Defend_R+1","Defend_R+1","Defend_R+1","Defend_R+1","Bash","Spot Weakness+1","Thunderclap+1","Inflame+1","Inflame+1","Anger","Twin Strike","Pummel","Anger+1","Discovery","Deep Breath+1","Violence","Cleave+1","Spot Weakness","Parasite","Burning Pact+1"],"relics":["Burning Blood","NeowsBlessing","Bag of Marbles","Bottled Lightning","Orrery","Bag of Preparation","Red Mask","Pantograph","Regal Pillow","Runic Pyramid","Art of War","Pocketwatch","War Paint","Lantern"],"potions_floor_usage":[18,21,29,33,33,50,50,50],"damage_taken":[{"damage":0,"enemies":"Jaw Worm","floor":1,"turns":1},{"damage":0,"enemies":"Small Slimes","floor":4,"turns":1},{"damage":0,"enemies":"Cultist","floor":7,"turns":1},{"damage":62,"enemies":"Lagavulin","floor":11,"turns":9},{"damage":11,"enemies":"Large Slime","floor":12,"turns":4},{"damage":0,"enemies":"3 Louse","floor":13,"turns":2},{"damage":12,"enemies":"Slime Boss","floor":16,"turns":9},{"damage":15,"enemies":"3 Byrds","floor":18,"turns":3},{"damage":10,"enemies":"Spheric Guardian","floor":21,"turns":3},{"damage":9,"enemies":"Masked Bandits","floor":22,"turns":3},{"damage":31,"enemies":"Book of Stabbing","floor":23,"turns":4},{"damage":6,"enemies":"Chosen and Byrds","floor":25,"turns":3},{"damage":19,"enemies":"Sentry and Sphere","floor":29,"turns":4},{"damage":72,"enemies":"Collector","floor":33,"turns":6},{"damage":8,"enemies":"3 Shapes","floor":35,"turns":3},{"damage":20,"enemies":"3 Darklings","floor":38,"turns":2},{"damage":4,"enemies":"Transient","floor":39,"turns":5},{"damage":21,"enemies":"Nemesis","floor":41,"turns":5},{"damage":13,"enemies":"Writhing Mass","floor":45,"turns":4},{"damage":3,"enemies":"4 Shapes","floor":47,"turns":2},{"damage":22,"enemies":"Sphere and 2 Shapes","floor":48,"turns":3},{"damage":76,"enemies":"Donu and Deca","floor":50,"turns":6}],"seed_played":"698477033422608407","potions_obtained":[{"floor":7,"key":"Explosive Potion"},{"floor":11,"key":"Poison Potion"},{"floor":12,"key":"FearPotion"},{"floor":16,"key":"Fire Potion"},{"floor":21,"key":"Swift Potion"},{"floor":25,"key":"Explosive Potion"},{"floor":29,"key":"PowerPotion"},{"floor":35,"key":"Block Potion"},{"floor":38,"key":"PowerPotion"},{"floor":48,"key":"EssenceOfSteel"}],"is_trial":false,"path_per_floor":["M","$","?","M","?","R","M","R","T","?","E","M","M","?","R","B",null,"M","$","?","M","?","E","R","M","T","R","$","M","?","$","R","B",null,"M","T","?","M","M","R","E","$","T","?","M","$","M","M","R","B",null],"character_chosen":"IRONCLAD","items_purchased":["Twin Strike","Bag of Preparation","Spot Weakness","Lantern"],"campfire_rested":3,"item_purchase_floors":[19,19,42,46],"current_hp_per_floor":[80,80,80,80,80,80,80,80,80,85,29,24,30,13,38,32,85,76,76,76,72,69,44,44,44,44,84,84,71,71,71,71,19,85,83,83,73,59,61,61,46,46,46,38,31,31,34,18,58,13],"gold":37,"neow_bonus":"THREE_ENEMY_KILL","is_prod":false,"is_daily":false,"chose_seed":false,"campfire_upgraded":5,"win_rate":0,"timestamp":1548030683,"path_taken":["M","$","?","M","?","R","?","R","T","?","E","M","M","?","R","BOSS","M","$","?","M","?","E","R","M","T","R","$","M","?","$","R","BOSS","M","?","?","M","M","R","E","$","T","?","?","?","M","?","R","BOSS"],"build_version":"2019-01-17v2","purchased_purges":3,"victory":true,"max_hp_per_floor":[80,80,80,80,80,80,80,80,80,85,85,85,85,85,85,85,85,85,85,85,85,85,85,85,85,85,85,85,85,85,85,85,85,85,85,85,85,85,85,85,85,85,85,85,85,85,85,85,85,85],"card_choices":[{"not_picked":["Cleave","Sentinel"],"picked":"Spot Weakness","floor":1},{"not_picked":["Evolve","Ghostly Armor","Flame Barrier"],"picked":"SKIP","floor":4},{"not_picked":["Sever Soul","Feel No Pain"],"picked":"Thunderclap","floor":7},{"not_picked":["Hemokinesis","Sentinel"],"picked":"Inflame","floor":11},{"not_picked":["Warcry","Wild Strike"],"picked":"Inflame","floor":12},{"not_picked":["Headbutt","Seeing Red","Havoc"],"picked":"SKIP","floor":13},{"not_picked":["Warcry","Havoc"],"picked":"Anger","floor":17},{"not_picked":["Warcry","Fire Breathing","Flex"],"picked":"SKIP","floor":18},{"not_picked":["Shrug It Off","Warcry"],"picked":"Pummel","floor":21},{"not_picked":["Rampage","Shockwave"],"picked":"Anger+1","floor":22},{"not_picked":["Armaments","Evolve","Juggernaut"],"picked":"SKIP","floor":23},{"not_picked":["Armaments","Rage","Sentinel"],"picked":"SKIP","floor":25},{"not_picked":["Fire Breathing","Wild Strike+1","Shrug It Off+1"],"picked":"SKIP","floor":29},{"not_picked":["Offering","Exhume"],"picked":"Brutality","floor":33},{"not_picked":["Warcry","Perfected Strike+1","Clothesline+1"],"picked":"SKIP","floor":35},{"not_picked":["Good Instincts","Panache"],"picked":"Discovery","floor":37},{"not_picked":["Mayhem","Sadistic Nature"],"picked":"Deep Breath","floor":37},{"not_picked":["Secret Technique","Panache"],"picked":"Violence","floor":37},{"not_picked":["Seeing Red+1","Iron Wave"],"picked":"Cleave+1","floor":38},{"not_picked":["Wild Strike","Cleave+1","Reckless Charge"],"picked":"SKIP","floor":39},{"not_picked":["Clash+1","Armaments+1","Brutality"],"picked":"SKIP","floor":41},{"not_picked":["Seeing Red+1","Perfected Strike+1"],"picked":"Burning Pact+1","floor":45},{"not_picked":["Headbutt+1","Searing Blow+1","Thunderclap+1"],"picked":"SKIP","floor":47},{"not_picked":["Body Slam","Blood for Blood+1","Iron Wave"],"picked":"SKIP","floor":48}],"player_experience":201420,"relics_obtained":[{"floor":9,"key":"Bag of Marbles"},{"floor":11,"key":"Bottled Lightning"},{"floor":22,"key":"Red Mask"},{"floor":23,"key":"Pantograph"},{"floor":26,"key":"Regal Pillow"},{"floor":36,"key":"Art of War"},{"floor":41,"key":"Pocketwatch"},{"floor":43,"key":"War Paint"}],"event_choices":[{"damage_healed":20,"gold_gain":0,"player_choice":"Healed","damage_taken":0,"max_hp_gain":0,"max_hp_loss":0,"event_name":"The Cleric","floor":3,"gold_loss":35},{"damage_healed":0,"gold_gain":0,"player_choice":"0 cards matched","damage_taken":0,"max_hp_gain":0,"max_hp_loss":0,"event_name":"Match and Keep!","floor":5,"gold_loss":0,"cards_obtained":[]},{"damage_healed":0,"gold_gain":0,"player_choice":"Donut","damage_taken":0,"max_hp_gain":5,"max_hp_loss":0,"event_name":"Big Fish","floor":10,"gold_loss":0},{"damage_healed":0,"gold_gain":0,"player_choice":"Entered Light","damage_taken":17,"max_hp_gain":0,"max_hp_loss":0,"event_name":"Shining Light","floor":14,"gold_loss":0,"cards_upgraded":["Defend_R","Defend_R"]},{"damage_healed":0,"gold_gain":0,"player_choice":"Ignored","damage_taken":0,"max_hp_gain":0,"max_hp_loss":0,"event_name":"Ghosts","floor":20,"gold_loss":0},{"damage_healed":0,"gold_gain":0,"player_choice":"Fought Bandits","damage_taken":0,"max_hp_gain":0,"max_hp_loss":0,"event_name":"Masked Bandits","floor":22,"gold_loss":0},{"damage_healed":0,"gold_gain":0,"player_choice":"Bet on Owner","damage_taken":0,"max_hp_gain":0,"max_hp_loss":0,"event_name":"The Joust","floor":30,"gold_loss":50},{"damage_healed":0,"gold_gain":0,"player_choice":"Memory 3","damage_taken":10,"max_hp_gain":0,"max_hp_loss":0,"event_name":"SensoryStone","floor":37,"gold_loss":0},{"damage_healed":0,"gold_gain":75,"player_choice":"Touch","damage_taken":8,"max_hp_gain":0,"max_hp_loss":0,"event_name":"FaceTrader","floor":44,"gold_loss":0}],"is_beta":false,"boss_relics":[{"not_picked":["Eternal Feather","Calling Bell"],"picked":"Orrery"},{"not_picked":["Cursed Key","Sozu"],"picked":"Runic Pyramid"}],"items_purged_floors":[2,28,42],"is_endless":false,"potions_floor_spawned":[7,11,12,13,16,21,25,29,35,38,48],"ascension_level":0}