{"gold_per_floor":[119,119,132,132,132,132,159,159,185,215,230,248,275,275,275,378,378,394,394,150,168,187,187,200,200,200,212,555,173,187,63,63,159,209,224,224,236,185,196,196,211,63,63,79,79,4,4,4,4,4],"floor_reached":51,"playtime":2439,"items_purged":["Clash"],"score":723,"play_id":"d1b4b79c-cb5b-4a88-ade7-6baf69df5ec0","local_time":"20181207175700","is_ascension_mode":false,"campfire_choices":[{"data":"Shockwave","floor":6,"key":"SMITH"},{"data":"Demon Form","floor":8,"key":"SMITH"},{"floor":15,"key":"REST"},{"data":"Perfected Strike","floor":23,"key":"SMITH"},{"data":"Inflame","floor":25,"key":"SMITH"},{"floor":32,"key":"REST"},{"data":"Demon Form","floor":40,"key":"SMITH"},{"data":"Perfected Strike","floor":47,"key":"SMITH"},{"floor":49,"key":"REST"}],"neow_cost":"NONE","seed_source_timestamp":23836212978124,"circlet_count":0,"master_deck":["Strike_R+1","Strike_R+1","Strike_R+1","Strike_R+1","Strike_R+1","Defend_R+1","Defend_R+1","Defend_R+1","Defend_R+1","Shockwave+1","Pommel Strike","Demon Form+1","Seeing Red+1","Anger","Feed","Bludgeon","Perfected Strike+1","Inflame+1","Demon Form+1","Double Tap","Heavy Blade","Perfected Strike+1","Perfected Strike","Perfected Strike+1","Twin Strike"],"relics":["Burning Blood","Happy Flower","Omamori","Ancient Tea Set","Orichalcum","Velvet Choker","Gremlin Horn","MawBank","Old Coin","Shuriken","Oddly Smooth Stone","Tiny House","Strawberry","Regal Pillow"],"potions_floor_usage":[7,7,28,33,33,39,39,44],"damage_taken":[{"damage":2,"enemies":"2 Louse","floor":1,"turns":4},{"damage":1,"enemies":"Cultist","floor":3,"turns":3},{"damage":17,"enemies":"3 Sentries","floor":7,"turns":7},{"damage":0,"enemies":"Small Slimes","floor":11,"turns":4},{"damage":11,"enemies":"3 Louse","floor":12,"turns":4},{"damage":8,"enemies":"Lagavulin","floor":13,"turns":5},{"damage":24,"enemies":"Hexaghost","floor":16,"turns":7},{"damage":0,"enemies":"Chosen","floor":18,"turns":3},{"damage":4,"enemies":"Shell Parasite","floor":21,"turns":3},{"damage":3,"enemies":"Centurion and Healer","floor":22,"turns":4},{"damage":6,"enemies":"3 Cultists","floor":24,"turns":4},{"damage":11,"enemies":"Gremlin Leader","floor":28,"turns":5},{"damage":18,"enemies":"Snake Plant","floor":30,"turns":3},{"damage":43,"enemies":"Automaton","floor":33,"turns":7},{"damage":5,"enemies":"3 Shapes","floor":35,"turns":3},{"damage":21,"enemies":"3 Darklings","floor":37,"turns":4},{"damage":8,"enemies":"Jaw Worm Horde","floor":39,"turns":5},{"damage":18,"enemies":"Transient","floor":41,"turns":5},{"damage":11,"enemies":"3 Darklings","floor":44,"turns":3},{"damage":53,"enemies":"Time Eater","floor":50,"turns":6}],"seed_played":"7145969018907614410","potions_obtained":[{"floor":1,"key":"AttackPotion"},{"floor":3,"key":"Poison Potion"},{"floor":24,"key":"EssenceOfSteel"},{"floor":30,"key":"SpeedPotion"},{"floor":33,"key":"PowerPotion"},{"floor":34,"key":"BloodPotion"},{"floor":35,"key":"Weak Potion"}],"is_trial":false,"path_per_floor":["M","$","M","$","?","R","E","R","T","?","M","M","E","?","R","B",null,"M","?","$","M","M","R","M","R","T","?","E","$","M","$","R","B",null,"M","?","M","$","M","R","M","$","T","M","?","$","R","?","R","B",null],"character_chosen":"IRONCLAD","items_purchased":["Gremlin Horn","Shuriken","Oddly Smooth Stone","EssenceOfSteel","Poison Potion","Perfected Strike","Strawberry"],"campfire_rested":3,"item_purchase_floors":[20,29,29,31,31,38,42],"current_hp_per_floor":[80,80,80,80,80,80,69,69,69,69,75,70,68,68,80,62,80,80,80,80,80,83,83,83,83,83,83,78,78,66,66,83,46,88,91,91,76,76,86,86,74,81,81,76,76,76,76,76,101,54],"gold":4,"neow_bonus":"RANDOM_COMMON_RELIC","is_prod":false,"is_daily":false,"chose_seed":false,"campfire_upgraded":6,"win_rate":0,"timestamp":1544201820,"path_taken":["M","$","M","$","?","R","E","R","T","?","M","M","E","?","R","BOSS","M","?","$","M","M","R","M","R","T","?","E","$","M","$","R","BOSS","M","?","M","?","M","R","?","$","T","M","?","?","R","?","R","BOSS"],"build_version":"2018-12-06","purchased_purges":1,"victory":true,"max_hp_per_floor":[80,80,80,80,80,80,80,80,80,80,80,80,80,80,80,80,80,80,80,80,80,83,83,83,83,83,83,83,83,83,83,83,83,88,91,91,91,91,94,94,94,101,101,101,101,101,101,101,101,101],"card_choices":[{"not_picked":["Sentinel","Uppercut"],"picked":"Shockwave","floor":1},{"not_picked":["Corruption","Thunderclap"],"picked":"Pommel Strike","floor":3},{"not_picked":["True Grit","Shockwave"],"picked":"Demon Form","floor":7},{"not_picked":["Body Slam","Headbutt","Warcry"],"picked":"SKIP","floor":11},{"not_picked":["True Grit","Blood for Blood"],"picked":"Seeing Red","floor":12},{"not_picked":["Thunderclap","Havoc"],"picked":"Anger","floor":13},{"not_picked":["Feed","Exhume"],"picked":"Bludgeon","floor":16},{"not_picked":["Headbutt","Clash+1"],"picked":"Perfected Strike","floor":18},{"not_picked":["Body Slam","Shrug It Off","Feel No Pain"],"picked":"SKIP","floor":21},{"not_picked":["Entrench","Armaments+1"],"picked":"Inflame","floor":22},{"not_picked":["Reckless Charge","Anger","Iron Wave"],"picked":"SKIP","floor":24},{"not_picked":["Anger","Flame Barrier","Whirlwind"],"picked":"SKIP","floor":28},{"not_picked":["Ghostly Armor","Thunderclap","Warcry"],"picked":"SKIP","floor":30},{"not_picked":["Exhume","Brutality"],"picked":"Double Tap","floor":33},{"not_picked":["Corruption+1","Hemokinesis"],"picked":"Heavy Blade","floor":35},{"not_picked":["Pommel Strike+1","Bloodletting+1"],"picked":"Perfected Strike+1","floor":37},{"not_picked":["Clothesline+1","Heavy Blade+1"],"picked":"Perfected Strike","floor":39},{"not_picked":["Clothesline","Pommel Strike"],"picked":"Twin Strike","floor":41},{"not_picked":["Iron Wave","Sword Boomerang","Havoc+1"],"picked":"SKIP","floor":44}],"player_experience":149266,"relics_obtained":[{"floor":7,"key":"Omamori"},{"floor":9,"key":"Ancient Tea Set"},{"floor":13,"key":"Orichalcum"},{"floor":26,"key":"MawBank"},{"floor":28,"key":"Old Coin"},{"floor":43,"key":"Regal Pillow"}],"event_choices":[{"damage_healed":0,"gold_gain":0,"player_choice":"Ignored","damage_taken":0,"max_hp_gain":0,"max_hp_loss":0,"event_name":"Golden Wing","floor":5,"gold_loss":0},{"damage_healed":0,"gold_gain":30,"player_choice":"Searched \u00271\u0027 times","damage_taken":0,"max_hp_gain":0,"max_hp_loss":0,"event_name":"Dead Adventurer","floor":10,"gold_loss":0},{"damage_healed":0,"gold_gain":0,"player_choice":"1 cards matched","damage_taken":0,"max_hp_gain":0,"max_hp_loss":0,"event_name":"Match and Keep!","floor":14,"gold_loss":0,"cards_obtained":["Feed"]},{"damage_healed":0,"gold_gain":0,"player_choice":"Simplicity","damage_taken":0,"max_hp_gain":0,"max_hp_loss":0,"event_name":"Back to Basics","floor":19,"gold_loss":0,"cards_upgraded":["Strike_R","Strike_R","Strike_R","Strike_R","Strike_R","Defend_R","Defend_R","Defend_R","Defend_R"]},{"damage_healed":0,"gold_gain":0,"player_choice":"Read","damage_taken":0,"max_hp_gain":0,"max_hp_loss":0,"event_name":"The Library","floor":27,"gold_loss":0,"cards_obtained":["Demon Form"]},{"cards_removed":["Bash"],"damage_healed":0,"gold_gain":0,"player_choice":"Offered Basic","damage_taken":0,"max_hp_gain":0,"max_hp_loss":0,"event_name":"Bonfire Elementals","floor":36,"gold_loss":0},{"damage_healed":0,"gold_gain":0,"player_choice":"1 cards matched","damage_taken":0,"max_hp_gain":0,"max_hp_loss":0,"event_name":"Match and Keep!","floor":45,"gold_loss":0,"cards_obtained":["Clash"]},{"damage_healed":0,"gold_gain":0,"player_choice":"Ignored","damage_taken":0,"max_hp_gain":0,"max_hp_loss":0,"event_name":"SecretPortal","floor":48,"gold_loss":0}],"is_beta":false,"boss_relics":[{"not_picked":["Sozu","Empty Cage"],"picked":"Velvet Choker"},{"not_picked":["Coffee Dripper","Pandora\u0027s Box"],"picked":"Tiny House"}],"items_purged_floors":[46],"is_endless":false,"potions_floor_spawned":[1,3,24,30,33,35],"ascension_level":0}