{"gold_per_floor":[117,40,52,52,69,94,112,130,130,130,150,75,75,92,92,189,189,207,207,195,21,32,57,57,75,75,51,51,29,40,40,40,135,135,149,149,149,77,94,94,122,141,186,186],"floor_reached":44,"playtime":1599,"items_purged":["Strike_G","Defend_G"],"score":485,"play_id":"6d500ad3-830a-40c5-a8e4-714b4d465fe4","local_time":"20181225142216","is_ascension_mode":false,"campfire_choices":[{"data":"Catalyst","floor":13.0,"key":"SMITH"},{"floor":15.0,"key":"RECALL"},{"floor":24.0,"key":"REST"},{"floor":28.0,"key":"REST"},{"data":"Catalyst","floor":32.0,"key":"SMITH"},{"data":"Bouncing Flask","floor":40.0,"key":"SMITH"}],"neow_cost":"NONE","seed_source_timestamp":0,"circlet_count":0,"master_deck":["Defend_G","Defend_G","Defend_G","Strike_G","Strike_G","Strike_G","Survivor","Neutralize","Bane","Noxious Fumes+1","Footwork","Backstab","Catalyst+1","Sucker Punch+1","Corpse Explosion","Riddle With Holes+1","Die Die Die+1","Catalyst+1","Deadly Poison","Caltrops","Deadly Poison+1","Poisoned Stab+1","Poisoned Stab+1","Writhe","Envenom","Noxious Fumes","Bouncing Flask+1"],"special_seed":0,"relics":["Ring of the Snake","Molten Egg 2","Snecko Eye","Snake Skull","Calipers","Pantograph","Empty Cage","Omamori","Happy Flower"],"potions_floor_usage":[],"damage_taken":[{"damage":3.0,"enemies":"Jaw Worm","floor":1.0,"turns":5.0},{"damage":1.0,"enemies":"Cultist","floor":3.0,"turns":4.0},{"damage":0.0,"enemies":"2 Louse","floor":5.0,"turns":3.0},{"damage":14.0,"enemies":"3 Sentries","floor":6.0,"turns":9.0},{"damage":16.0,"enemies":"Exordium Thugs","floor":7.0,"turns":6.0},{"damage":2.0,"enemies":"Looter","floor":8.0,"turns":4.0},{"damage":0.0,"enemies":"Blue Slaver","floor":11.0,"turns":3.0},{"damage":4.0,"enemies":"Gremlin Gang","floor":14.0,"turns":3.0},{"damage":2.0,"enemies":"Hexaghost","floor":16.0,"turns":8.0},{"damage":3.0,"enemies":"3 Byrds","floor":18.0,"turns":3.0},{"damage":19.0,"enemies":"2 Thieves","floor":20.0,"turns":4.0},{"damage":12.0,"enemies":"Snecko","floor":22.0,"turns":5.0},{"damage":29.0,"enemies":"Book of Stabbing","floor":23.0,"turns":5.0},{"damage":10.0,"enemies":"Sentry and Sphere","floor":25.0,"turns":3.0},{"damage":0.0,"enemies":"3 Cultists","floor":30.0,"turns":2.0},{"damage":7.0,"enemies":"Champ","floor":33.0,"turns":5.0},{"damage":8.0,"enemies":"3 Shapes","floor":35.0,"turns":3.0},{"damage":13.0,"enemies":"Orb Walker","floor":39.0,"turns":3.0},{"damage":37.0,"enemies":"Nemesis","floor":41.0,"turns":5.0},{"damage":16.0,"enemies":"Maw","floor":42.0,"turns":5.0},{"damage":6,"enemies":"Spire Growth","floor":44,"turns":1}],"seed_played":"-4345560968041405851","potions_obtained":[{"floor":8.0,"key":"Explosive Potion"},{"floor":10.0,"key":"LiquidBronze"},{"floor":10.0,"key":"SmokeBomb"},{"floor":11.0,"key":"AttackPotion"},{"floor":16.0,"key":"Swift Potion"},{"floor":23.0,"key":"SmokeBomb"},{"floor":30.0,"key":"Energy Potion"},{"floor":33.0,"key":"AttackPotion"}],"is_trial":false,"path_per_floor":["M","$","M","?","M","E","M","M","T","?","M","$","R","M","R","B",null,"M","?","M","$","M","E","R","M","T","$","R","$","M","?","R","B",null,"M","?","?","$","M","R","E","M","T","M"],"character_chosen":"THE_SILENT","items_purchased":["Noxious Fumes","Caltrops","Poisoned Stab+1","Poisoned Stab+1","Noxious Fumes"],"campfire_rested":2,"item_purchase_floors":[2,21,27,29,38],"current_hp_per_floor":[74,74,73,73,73,59,43,41,41,41,41,41,41,37,37,35,77,74,74,55,55,43,14,37,27,27,27,50,50,50,50,50,68,77,69,69,69,69,56,56,19,3,3,0],"gold":186,"neow_bonus":"TEN_PERCENT_HP_BONUS","is_prod":false,"is_daily":false,"chose_seed":false,"campfire_upgraded":3,"win_rate":0,"timestamp":1545744136,"path_taken":["M","$","M","?","?","E","M","M","T","?","?","$","R","M","R","BOSS","M","?","M","$","M","E","R","M","T","$","R","?","M","?","R","BOSS","M","?","?","$","M","R","E","?","T","M"],"build_version":"2018-12-20","purchased_purges":2,"victory":false,"max_hp_per_floor":[77,77,77,77,77,77,77,77,77,77,77,77,77,77,77,77,77,77,77,77,77,77,77,77,77,77,77,77,77,77,77,77,77,77,77,77,77,77,77,77,77,77,77,77],"card_choices":[{"not_picked":["Outmaneuver","Distraction"],"picked":"Bane","floor":1.0},{"not_picked":["Blade Dance","Flying Knee"],"picked":"Footwork","floor":3.0},{"not_picked":["Expertise","Dodge and Roll"],"picked":"Backstab","floor":5.0},{"not_picked":["Dagger Spray","All Out Attack"],"picked":"Catalyst","floor":6.0},{"not_picked":["Cloak And Dagger","Blade Dance","Slice+1"],"picked":"SKIP","floor":7.0},{"not_picked":["Terror","Leg Sweep"],"picked":"Sucker Punch+1","floor":8.0},{"not_picked":["Backflip","Sucker Punch+1"],"picked":"Corpse Explosion","floor":11.0},{"not_picked":["Slice+1","Outmaneuver"],"picked":"Riddle With Holes+1","floor":14.0},{"not_picked":["Storm of Steel","Corpse Explosion"],"picked":"Die Die Die+1","floor":16.0},{"not_picked":["Expertise","Outmaneuver"],"picked":"Catalyst","floor":18.0},{"not_picked":["Dagger Spray+1","Bane+1","Flying Knee+1"],"picked":"SKIP","floor":20.0},{"not_picked":["Adrenaline","Dagger Spray+1"],"picked":"Deadly Poison+1","floor":22.0},{"not_picked":["Tactician","Dagger Throw+1","Backflip"],"picked":"SKIP","floor":23.0},{"not_picked":["Quick Slash+1","Well Laid Plans","Deflect"],"picked":"SKIP","floor":25.0},{"not_picked":["Crippling Poison","Concentrate","Flying Knee+1"],"picked":"SKIP","floor":30.0},{"not_picked":["Unload+1","A Thousand Cuts"],"picked":"Envenom","floor":33.0},{"not_picked":["Expertise+1","Cloak And Dagger","Finisher+1"],"picked":"SKIP","floor":35.0},{"not_picked":["Blade Dance","Finisher+1"],"picked":"Bouncing Flask","floor":39.0},{"not_picked":["Flechettes+1","Acrobatics","Blur"],"picked":"SKIP","floor":41.0},{"not_picked":["Blade Dance","Terror+1","Masterful Stab+1"],"picked":"SKIP","floor":42.0}],"player_experience":222990,"relics_obtained":[{"floor":6.0,"key":"Molten Egg 2"},{"floor":23.0,"key":"Snake Skull"},{"floor":26.0,"key":"Calipers"},{"floor":41.0,"key":"Omamori"},{"floor":43.0,"key":"Happy Flower"}],"event_choices":[{"damage_healed":0.0,"max_hp_gain":0.0,"max_hp_loss":0.0,"gold_gain":0.0,"event_name":"Upgrade Shrine","player_choice":"Upgraded","floor":4.0,"gold_loss":0.0,"damage_taken":0.0,"cards_upgraded":["Noxious Fumes"]},{"damage_healed":0.0,"max_hp_gain":0.0,"max_hp_loss":0.0,"gold_gain":0.0,"event_name":"Lab","player_choice":"Got Potions","floor":10.0,"gold_loss":0.0,"damage_taken":0.0},{"damage_healed":0.0,"max_hp_gain":0.0,"max_hp_loss":0.0,"gold_gain":0.0,"event_name":"The Library","player_choice":"Read","floor":19.0,"gold_loss":0.0,"damage_taken":0.0,"cards_obtained":["Deadly Poison"]},{"damage_healed":0.0,"max_hp_gain":0.0,"max_hp_loss":0.0,"gold_gain":0.0,"event_name":"The Mausoleum","player_choice":"Opened","floor":31.0,"gold_loss":0.0,"damage_taken":0.0,"relics_obtained":["Pantograph"],"cards_obtained":["Writhe"]},{"damage_healed":0.0,"max_hp_gain":0.0,"max_hp_loss":0.0,"gold_gain":0.0,"event_name":"Mysterious Sphere","player_choice":"Ignored","floor":36.0,"gold_loss":0.0,"damage_taken":0.0},{"damage_healed":0.0,"max_hp_gain":0.0,"max_hp_loss":0.0,"gold_gain":0.0,"event_name":"SecretPortal","player_choice":"Ignored","floor":37.0,"gold_loss":0.0,"damage_taken":0.0}],"is_beta":false,"boss_relics":[{"not_picked":["Astrolabe","Cursed Key"],"picked":"Snecko Eye"},{"not_picked":["Lizard Tail","Black Star"],"picked":"Empty Cage"}],"items_purged_floors":[12,21],"is_endless":false,"potions_floor_spawned":[8,11,14,16,23,30,33,35],"killed_by":"Spire Growth","ascension_level":0}