{"gold_per_floor":[109,7,18,18,33,65,65,100,182,192,227,239,252,18,18,114,114,125,125,125,140,157,187,187,187,187,220,239,268,285,200,200,295,295,314,108,124,136,136,136,153,178,178,193,193,208,15,15,15,15],"floor_reached":50,"playtime":4944,"items_purged":["Defend_G"],"score":607,"play_id":"344e1933-6ec6-4aee-b333-22520ac2712c","local_time":"20181229152855","is_ascension_mode":true,"campfire_choices":[{"data":"Distraction","floor":7,"key":"SMITH"},{"floor":15,"key":"REST"},{"data":"Tools of the Trade","floor":24,"key":"SMITH"},{"data":"Tactician","floor":32,"key":"SMITH"},{"data":"Calculated Gamble","floor":40,"key":"SMITH"},{"floor":45,"key":"REST"},{"data":"Madness","floor":49,"key":"SMITH"}],"neow_cost":"PERCENT_DAMAGE","seed_source_timestamp":661398053490899,"circlet_count":0,"master_deck":["Defend_G+1","Defend_G+1","Defend_G+1","Strike_G+1","Strike_G+1","Strike_G+1","Strike_G+1","Strike_G+1","Survivor","Neutralize","Bandage Up","Good Instincts","Underhanded Strike","Deadly Poison","PiercingWail","Dodge and Roll","Distraction+1","Dagger Throw","PiercingWail","Calculated Gamble+1","Prepared","Dagger Throw","Masterful Stab","Tools of the Trade+1","Underhanded Strike","Flechettes","Caltrops","Acrobatics","Eviscerate+1","Distraction+1","Eviscerate","Eviscerate","Reflex+1","Tactician+1","Doppelganger","Dagger Throw","Blur","Well Laid Plans+1","Infinite Blades+1","Madness","Madness+1"],"relics":["Ring of the Snake","Thread and Needle","Bag of Marbles","Dodecahedron","Snake Skull","Toy Ornithopter","Orrery","Pen Nib","Bottled Tornado","Orichalcum","Ninja Scroll","Potion Belt","HoveringKite","TwistedFunnel","Omamori","StoneCalendar","Lee\u0027s Waffle"],"potions_floor_usage":[6,6,6,11,16,33,33,42,44,50,50],"damage_taken":[{"damage":1,"enemies":"2 Louse","floor":1,"turns":4},{"damage":0,"enemies":"Cultist","floor":3,"turns":4},{"damage":4,"enemies":"Jaw Worm","floor":5,"turns":5},{"damage":15,"enemies":"Gremlin Nob","floor":6,"turns":4},{"damage":5,"enemies":"3 Sentries","floor":8,"turns":11},{"damage":6,"enemies":"2 Fungi Beasts","floor":10,"turns":3},{"damage":23,"enemies":"Gremlin Nob","floor":11,"turns":5},{"damage":0,"enemies":"Blue Slaver","floor":12,"turns":2},{"damage":0,"enemies":"Red Slaver","floor":13,"turns":3},{"damage":24,"enemies":"Hexaghost","floor":16,"turns":9},{"damage":6,"enemies":"Shell Parasite","floor":18,"turns":4},{"damage":0,"enemies":"3 Byrds","floor":21,"turns":4},{"damage":14,"enemies":"Snake Plant","floor":22,"turns":4},{"damage":5,"enemies":"Book of Stabbing","floor":23,"turns":4},{"damage":3,"enemies":"Gremlin Leader","floor":27,"turns":6},{"damage":11,"enemies":"Centurion and Healer","floor":28,"turns":5},{"damage":7,"enemies":"Book of Stabbing","floor":29,"turns":3},{"damage":0,"enemies":"3 Cultists","floor":30,"turns":2},{"damage":41,"enemies":"Collector","floor":33,"turns":10},{"damage":0,"enemies":"3 Darklings","floor":35,"turns":2},{"damage":8,"enemies":"3 Shapes","floor":37,"turns":3},{"damage":3,"enemies":"Transient","floor":38,"turns":5},{"damage":5,"enemies":"Sphere and 2 Shapes","floor":41,"turns":6},{"damage":95,"enemies":"Giant Head","floor":42,"turns":9},{"damage":2,"enemies":"3 Darklings","floor":44,"turns":4},{"damage":30,"enemies":"Jaw Worm Horde","floor":46,"turns":3},{"damage":89,"enemies":"Donu and Deca","floor":50,"turns":6}],"seed_played":"8018992981451108686","potions_obtained":[{"floor":5,"key":"EntropicBrew"},{"floor":6,"key":"Weak Potion"},{"floor":10,"key":"FairyPotion"},{"floor":12,"key":"LiquidBronze"},{"floor":16,"key":"Swift Potion"},{"floor":22,"key":"AttackPotion"},{"floor":25,"key":"SneckoOil"},{"floor":25,"key":"GhostInAJar"},{"floor":33,"key":"EssenceOfSteel"},{"floor":35,"key":"SpeedPotion"},{"floor":38,"key":"Energy Potion"},{"floor":41,"key":"AttackPotion"}],"is_trial":false,"path_per_floor":["M","$","M","?","M","E","R","E","T","M","E","M","M","$","R","B",null,"M","?","?","M","M","E","R","?","T","E","M","E","M","?","R","B",null,"M","$","M","M","$","R","M","E","T","M","R","M","$","?","R","B"],"character_chosen":"THE_SILENT","items_purchased":["Deadly Poison","Masterful Stab","Toy Ornithopter","TwistedFunnel","Lee\u0027s Waffle"],"campfire_rested":2,"item_purchase_floors":[2,14,14,36,47],"current_hp_per_floor":[52,52,56,56,56,45,45,44,44,42,23,27,27,27,48,33,70,64,64,64,68,54,53,53,53,53,54,47,44,44,44,44,17,70,70,70,62,63,63,63,62,7,7,14,35,5,77,67,67,0],"gold":15,"neow_bonus":"RANDOM_COLORLESS_2","is_prod":false,"is_daily":false,"chose_seed":false,"campfire_upgraded":5,"win_rate":0,"timestamp":1546109935,"path_taken":["M","$","M","?","M","E","R","E","T","M","E","M","?","$","R","BOSS","M","?","?","M","M","E","R","?","T","E","?","E","M","?","R","BOSS","M","$","M","M","$","R","M","E","T","M","R","M","$","?","R","BOSS"],"build_version":"2018-12-20","purchased_purges":1,"victory":false,"max_hp_per_floor":[70,70,70,70,70,70,70,70,70,70,70,70,70,70,70,70,70,70,70,70,70,70,70,70,70,70,70,70,70,70,70,70,70,70,70,70,70,70,70,70,70,70,70,70,70,70,77,77,77,77],"card_choices":[{"not_picked":["Poisoned Stab","Calculated Gamble"],"picked":"Underhanded Strike","floor":1},{"not_picked":["Riddle With Holes","Backflip"],"picked":"PiercingWail","floor":3},{"not_picked":["Calculated Gamble","Outmaneuver"],"picked":"Dodge and Roll","floor":5},{"not_picked":["Quick Slash","Poisoned Stab"],"picked":"Distraction","floor":6},{"not_picked":["Infinite Blades","Crippling Poison"],"picked":"Dagger Throw","floor":8},{"not_picked":["Phantasmal Killer","Skewer"],"picked":"PiercingWail","floor":10},{"not_picked":["Skewer","Underhanded Strike"],"picked":"Calculated Gamble","floor":11},{"not_picked":["Bane","Acrobatics"],"picked":"Prepared","floor":12},{"not_picked":["Leg Sweep","Calculated Gamble"],"picked":"Dagger Throw","floor":13},{"not_picked":["Phantasmal Killer","Storm of Steel"],"picked":"Tools of the Trade","floor":16},{"not_picked":["PiercingWail","Dagger Throw"],"picked":"Underhanded Strike","floor":17},{"not_picked":["Predator","Dagger Throw"],"picked":"Flechettes","floor":17},{"not_picked":["Backflip","PiercingWail"],"picked":"Caltrops","floor":17},{"not_picked":["Dagger Throw","Underhanded Strike"],"picked":"Acrobatics","floor":17},{"not_picked":["Cloak And Dagger","Well Laid Plans"],"picked":"Eviscerate+1","floor":18},{"not_picked":["Slice","Dodge and Roll"],"picked":"Distraction+1","floor":21},{"not_picked":["Phantasmal Killer","Slice"],"picked":"Eviscerate","floor":22},{"not_picked":["Quick Slash","Catalyst","Envenom"],"picked":"SKIP","floor":23},{"not_picked":["Dagger Throw","All Out Attack"],"picked":"Eviscerate","floor":27},{"not_picked":["Dash","Outmaneuver","Bouncing Flask"],"picked":"SKIP","floor":28},{"not_picked":["Backflip+1","Flechettes"],"picked":"Reflex+1","floor":29},{"not_picked":["Backflip","Flechettes"],"picked":"Tactician","floor":30},{"not_picked":["Malaise","Wraith Form v2"],"picked":"Doppelganger","floor":33},{"not_picked":["Calculated Gamble","Deflect"],"picked":"Dagger Throw","floor":35},{"not_picked":["Skewer+1","Bane","Cloak And Dagger"],"picked":"SKIP","floor":37},{"not_picked":["Deadly Poison+1","Blade Dance"],"picked":"Blur","floor":38},{"not_picked":["Riddle With Holes+1","Storm of Steel"],"picked":"Well Laid Plans+1","floor":41},{"not_picked":["Dodge and Roll","Endless Agony+1"],"picked":"Infinite Blades+1","floor":42},{"not_picked":["Dagger Spray+1","Accuracy","Prepared"],"picked":"SKIP","floor":44},{"not_picked":["PiercingWail","Blade Dance+1","Infinite Blades"],"picked":"SKIP","floor":46}],"player_experience":100219,"relics_obtained":[{"floor":6,"key":"Thread and Needle"},{"floor":8,"key":"Bag of Marbles"},{"floor":9,"key":"Dodecahedron"},{"floor":11,"key":"Snake Skull"},{"floor":23,"key":"Pen Nib"},{"floor":26,"key":"Bottled Tornado"},{"floor":27,"key":"Orichalcum"},{"floor":29,"key":"Ninja Scroll"},{"floor":42,"key":"Omamori"},{"floor":43,"key":"StoneCalendar"}],"event_choices":[{"cards_removed":["Defend_G"],"damage_healed":0,"gold_gain":0,"player_choice":"Card Removal","damage_taken":0,"max_hp_gain":0,"max_hp_loss":0,"event_name":"Wheel of Change","floor":4,"gold_loss":0},{"damage_healed":0,"gold_gain":0,"player_choice":"Simplicity","damage_taken":0,"max_hp_gain":0,"max_hp_loss":0,"event_name":"Back to Basics","floor":19,"gold_loss":0,"cards_upgraded":["Defend_G","Defend_G","Defend_G","Strike_G","Strike_G","Strike_G","Strike_G","Strike_G"]},{"damage_healed":0,"gold_gain":0,"player_choice":"Ignored","damage_taken":0,"max_hp_gain":0,"max_hp_loss":0,"event_name":"Vampires","floor":20,"gold_loss":0},{"damage_healed":0,"gold_gain":0,"player_choice":"Got Potions","damage_taken":0,"max_hp_gain":0,"max_hp_loss":0,"event_name":"Lab","floor":25,"gold_loss":0},{"damage_healed":0,"gold_gain":0,"player_choice":"Obtained Relic","damage_taken":0,"relics_obtained":["Potion Belt"],"max_hp_gain":0,"max_hp_loss":0,"event_name":"Addict","floor":31,"gold_loss":85},{"damage_healed":0,"gold_gain":0,"player_choice":"Embrace Madness","damage_taken":10,"max_hp_gain":0,"max_hp_loss":0,"event_name":"Winding Halls","floor":48,"gold_loss":0,"cards_obtained":["Madness","Madness"]}],"is_beta":false,"boss_relics":[{"not_picked":["Fusion Hammer","Busted Crown"],"picked":"Orrery"},{"not_picked":["Sozu","Runic Dome"],"picked":"HoveringKite"}],"items_purged_floors":[2],"is_endless":false,"potions_floor_spawned":[5,6,10,12,16,22,23,28,29,33,35,38,41],"killed_by":"Donu and Deca","ascension_level":1}