{"gold_per_floor":[118,133,133,148,159,190,190,217,243,19,34,34,48,83,83,185,185,196,196,207,207,107,107,118,175,175,175,189,39,39,57,57,158,158,172,190,210,220,320,320,355,355,427,427,440,440,44,44,44,44],"floor_reached":51,"playtime":2148,"items_purged":["Strike_B","Decay"],"score":817,"play_id":"2daff6ed-9a7d-43d0-b126-da42cb6fa561","local_time":"20190112150505","is_ascension_mode":true,"campfire_choices":[{"floor":7,"key":"REST"},{"floor":12,"key":"REST"},{"floor":15,"key":"REST"},{"data":"Static Discharge","floor":23,"key":"SMITH"},{"floor":30,"key":"REST"},{"floor":32,"key":"REST"},{"floor":40,"key":"REST"},{"floor":42,"key":"REST"},{"floor":46,"key":"REST"},{"data":"Consume","floor":49,"key":"SMITH"}],"neow_cost":"NONE","seed_source_timestamp":12952569086204,"circlet_count":0,"master_deck":["Strike_B","Strike_B","Defend_B","Defend_B","Defend_B","Zap","Dualcast","Static Discharge+1","Coolheaded","Go for the Eyes","Reinforced Body","Leap","Loop","Melter","Stack","Amplify","Lockon+1","Glacier","Coolheaded+1","Beam Cell","Biased Cognition","Compile Driver+1","Consume+1","Creative AI","Self Repair+1","Electrodynamics","Beam Cell+1","Leap+1"],"relics":["Cracked Core","Bag of Preparation","DataDisk","PreservedInsect","Strawberry","Dream Catcher","Philosopher\u0027s Stone","Tiny Chest","Juzu Bracelet","Art of War","Inserter","Calipers","Bag of Marbles","Kunai","The Courier","OrangePellets","Lantern","Anchor"],"potions_floor_usage":[25,31,37,41],"damage_taken":[{"damage":2,"enemies":"Jaw Worm","floor":1,"turns":4},{"damage":0,"enemies":"Cultist","floor":2,"turns":4},{"damage":2,"enemies":"2 Louse","floor":4,"turns":3},{"damage":11,"enemies":"Exordium Thugs","floor":5,"turns":5},{"damage":56,"enemies":"Gremlin Nob","floor":6,"turns":5},{"damage":15,"enemies":"Lagavulin","floor":8,"turns":7},{"damage":15,"enemies":"Lots of Slimes","floor":11,"turns":3},{"damage":0,"enemies":"Exordium Wildlife","floor":13,"turns":4},{"damage":27,"enemies":"3 Sentries","floor":14,"turns":7},{"damage":28,"enemies":"The Guardian","floor":16,"turns":14},{"damage":22,"enemies":"3 Byrds","floor":18,"turns":3},{"damage":0,"enemies":"Spheric Guardian","floor":20,"turns":4},{"damage":54,"enemies":"Cultist and Chosen","floor":24,"turns":7},{"damage":1,"enemies":"Book of Stabbing","floor":25,"turns":5},{"damage":14,"enemies":"Snecko","floor":28,"turns":8},{"damage":1,"enemies":"Sentry and Sphere","floor":31,"turns":6},{"damage":28,"enemies":"Collector","floor":33,"turns":10},{"damage":13,"enemies":"3 Shapes","floor":35,"turns":4},{"damage":7,"enemies":"Orb Walker","floor":36,"turns":4},{"damage":32,"enemies":"3 Darklings","floor":37,"turns":6},{"damage":48,"enemies":"Jaw Worm Horde","floor":38,"turns":6},{"damage":2,"enemies":"Mind Bloom Boss Battle","floor":39,"turns":6},{"damage":38,"enemies":"Nemesis","floor":41,"turns":9},{"damage":12,"enemies":"4 Shapes","floor":45,"turns":2},{"damage":42,"enemies":"Donu and Deca","floor":50,"turns":9}],"seed_played":"-3379296858864409286","potions_obtained":[{"floor":1,"key":"GamblersBrew"},{"floor":3,"key":"FairyPotion"},{"floor":3,"key":"Dexterity Potion"},{"floor":3,"key":"Regen Potion"},{"floor":14,"key":"EssenceOfSteel"},{"floor":16,"key":"Block Potion"},{"floor":20,"key":"Regen Potion"},{"floor":28,"key":"Fire Potion"},{"floor":35,"key":"EntropicBrew"},{"floor":39,"key":"EssenceOfSteel"}],"is_trial":false,"path_per_floor":["M","M","?","M","M","E","R","E","T","$","M","R","M","E","R","B",null,"M","?","M","?","$","R","M","E","T","?","M","$","R","M","R","B",null,"M","M","M","M","?","R","E","R","T","T","M","R","$","?","R","B",null],"character_chosen":"DEFECT","items_purchased":["Strawberry","Art of War","OrangePellets","Lantern","Anchor"],"campfire_rested":8,"item_purchase_floors":[10,29,47,47,47],"current_hp_per_floor":[80,80,80,78,67,11,35,20,20,27,12,38,38,11,37,9,89,67,67,67,67,67,67,13,26,26,26,12,12,38,52,78,50,89,76,79,57,19,27,53,25,51,51,51,49,75,75,75,75,43],"gold":44,"neow_bonus":"TEN_PERCENT_HP_BONUS","is_prod":false,"is_daily":false,"chose_seed":false,"campfire_upgraded":2,"win_rate":0,"timestamp":1547301905,"path_taken":["M","M","?","M","M","E","R","E","T","$","M","R","?","E","R","BOSS","M","?","M","?","$","R","M","E","T","?","M","?","R","M","R","BOSS","M","M","M","M","?","R","E","R","T","?","M","R","$","?","R","BOSS"],"build_version":"2019-01-10","purchased_purges":2,"victory":true,"max_hp_per_floor":[82,82,82,82,82,82,82,82,82,89,89,89,89,89,89,89,89,89,89,89,89,89,89,89,89,89,89,89,89,89,89,89,89,89,89,89,89,89,89,89,89,89,89,89,89,89,89,89,89,89],"card_choices":[{"not_picked":["Defragment","Glacier"],"picked":"Static Discharge","floor":1},{"not_picked":["Blizzard","Compile Driver","Hologram"],"picked":"SKIP","floor":2},{"not_picked":["Glacier","Barrage"],"picked":"Coolheaded","floor":4},{"not_picked":["Fusion","Turbo","Rebound"],"picked":"SKIP","floor":5},{"not_picked":["Consume","Hologram"],"picked":"Go for the Eyes","floor":6},{"not_picked":["Reboot","Steam"],"picked":"Reinforced Body","floor":8},{"not_picked":["Glacier","Redo"],"picked":"Leap","floor":11},{"not_picked":["Rip and Tear","Coolheaded"],"picked":"Loop","floor":13},{"not_picked":["Streamline","Turbo"],"picked":"Melter","floor":14},{"not_picked":["Chaos","Gash"],"picked":"Stack","floor":15},{"not_picked":["Biased Cognition","Hyperbeam"],"picked":"Amplify","floor":16},{"not_picked":["Skim","Streamline"],"picked":"Lockon+1","floor":18},{"not_picked":["Steam","Stack"],"picked":"Coolheaded+1","floor":20},{"not_picked":["Ball Lightning","Static Discharge"],"picked":"Beam Cell","floor":24},{"not_picked":["Redo","Thunder Strike"],"picked":"Biased Cognition","floor":25},{"not_picked":["Darkness","Cold Snap"],"picked":"Compile Driver+1","floor":28},{"not_picked":["Go for the Eyes","Aggregate","Rip and Tear"],"picked":"SKIP","floor":31},{"not_picked":["Sunder","Conserve Battery"],"picked":"Consume","floor":32},{"not_picked":["Echo Form","Fission"],"picked":"Creative AI","floor":33},{"not_picked":["Go for the Eyes+1","Glacier+1"],"picked":"Self Repair+1","floor":35},{"not_picked":["Barrage","Gash+1","Turbo+1"],"picked":"SKIP","floor":36},{"not_picked":["Stack","Force Field+1"],"picked":"Electrodynamics","floor":37},{"not_picked":["Turbo+1","Coolheaded+1"],"picked":"Beam Cell+1","floor":38},{"not_picked":["Self Repair","Beam Cell"],"picked":"Leap+1","floor":39},{"not_picked":["Undo","Tempest+1","FTL"],"picked":"SKIP","floor":41},{"not_picked":["Turbo+1","Sweeping Beam","Steam Power"],"picked":"SKIP","floor":45}],"player_experience":196307,"relics_obtained":[{"floor":6,"key":"Bag of Preparation"},{"floor":8,"key":"DataDisk"},{"floor":9,"key":"PreservedInsect"},{"floor":14,"key":"Dream Catcher"},{"floor":25,"key":"Tiny Chest"},{"floor":26,"key":"Juzu Bracelet"},{"floor":39,"key":"Calipers"},{"floor":41,"key":"Bag of Marbles"},{"floor":43,"key":"Kunai"},{"floor":44,"key":"The Courier"}],"event_choices":[{"damage_healed":0,"gold_gain":0,"player_choice":"Got Potions","damage_taken":0,"max_hp_gain":0,"max_hp_loss":0,"event_name":"Lab","floor":3,"gold_loss":0},{"damage_healed":0,"gold_gain":0,"player_choice":"Read","damage_taken":0,"max_hp_gain":0,"max_hp_loss":0,"event_name":"The Library","floor":19,"gold_loss":0,"cards_obtained":["Glacier"]},{"damage_healed":0,"gold_gain":0,"player_choice":"Cursed","damage_taken":0,"max_hp_gain":0,"max_hp_loss":0,"event_name":"Wheel of Change","floor":21,"gold_loss":0,"cards_obtained":["Decay"]},{"cards_removed":["Strike_B"],"damage_healed":0,"gold_gain":0,"player_choice":"Purged","damage_taken":0,"max_hp_gain":0,"max_hp_loss":0,"event_name":"Purifier","floor":27,"gold_loss":0},{"damage_healed":0,"gold_gain":0,"player_choice":"Fight","damage_taken":0,"max_hp_gain":0,"max_hp_loss":0,"event_name":"MindBloom","floor":39,"gold_loss":0},{"cards_removed":["Defend_B"],"damage_healed":0,"gold_gain":0,"player_choice":"Removed Skill","damage_taken":0,"max_hp_gain":0,"max_hp_loss":0,"event_name":"Falling","floor":48,"gold_loss":0}],"is_beta":false,"boss_relics":[{"not_picked":["Tiny House","Pandora\u0027s Box"],"picked":"Philosopher\u0027s Stone"},{"not_picked":["Lizard Tail","FrozenCore"],"picked":"Inserter"}],"items_purged_floors":[10,22],"is_endless":false,"potions_floor_spawned":[1,4,14,16,20,24,28,35,39],"ascension_level":3}