{"gold_per_floor":[115,115,115,115,134,162,162,182,182,207,222,322,104,117,117,222,222,238,258,228,248,267,294,294,323,347,360,360,391,409,56,56,152,152,170,170,170,2,102,102,102],"floor_reached":41,"playtime":3094,"items_purged":["Shame","Writhe"],"score":484,"play_id":"c6ff6f44-702d-492f-ab95-6e057ef70590","local_time":"20181204231653","is_ascension_mode":false,"campfire_choices":[{"data":"Deflect","floor":7,"key":"SMITH"},{"floor":15,"key":"REST"},{"floor":24,"key":"REST"},{"floor":28,"key":"REST"},{"floor":32,"key":"REST"},{"floor":40,"key":"REST"}],"neow_cost":"NONE","seed_source_timestamp":1733259592187709,"circlet_count":0,"master_deck":["Defend_G","Defend_G","Defend_G","Defend_G","Defend_G","Strike_G","Strike_G","Strike_G","Strike_G","Strike_G","Survivor","Neutralize+1","Flying Knee","Deflect+1","Skewer","Caltrops","Backstab","Adrenaline","Footwork","Terror","Noxious Fumes","Terror","Masterful Stab+1","Well Laid Plans","Caltrops","Infinite Blades"],"relics":["Ring of the Snake","NeowsBlessing","Mummified Hand","Strawberry","Potion Belt","Bronze Scales","Cursed Key","Orichalcum","Happy Flower","Anchor","Blue Candle","DollysMirror","Sozu","FossilizedHelix"],"potions_floor_usage":[10,16,21,22,23,25,29,29,33,33],"damage_taken":[{"damage":0,"enemies":"Cultist","floor":1,"turns":1},{"damage":0,"enemies":"Jaw Worm","floor":5,"turns":1},{"damage":0,"enemies":"Lagavulin","floor":6,"turns":1},{"damage":3,"enemies":"Small Slimes","floor":8,"turns":3},{"damage":24,"enemies":"3 Sentries","floor":10,"turns":10},{"damage":9,"enemies":"2 Fungi Beasts","floor":11,"turns":3},{"damage":6,"enemies":"Lots of Slimes","floor":14,"turns":2},{"damage":19,"enemies":"Hexaghost","floor":16,"turns":11},{"damage":16,"enemies":"Chosen","floor":18,"turns":4},{"damage":0,"enemies":"3 Byrds","floor":19,"turns":2},{"damage":14,"enemies":"Snecko","floor":21,"turns":8},{"damage":21,"enemies":"Centurion and Healer","floor":22,"turns":7},{"damage":4,"enemies":"Gremlin Leader","floor":23,"turns":5},{"damage":7,"enemies":"Book of Stabbing","floor":25,"turns":5},{"damage":20,"enemies":"Snake Plant","floor":27,"turns":4},{"damage":5,"enemies":"Slavers","floor":29,"turns":4},{"damage":19,"enemies":"Sentry and Sphere","floor":30,"turns":6},{"damage":86,"enemies":"Champ","floor":33,"turns":13},{"damage":3,"enemies":"Orb Walker","floor":35,"turns":3},{"damage":36,"enemies":"Mind Bloom Boss Battle","floor":39,"turns":7},{"damage":85,"enemies":"Reptomancer","floor":41,"turns":4}],"seed_played":"21339664359187412","potions_obtained":[{"floor":6,"key":"Fruit Juice"},{"floor":10,"key":"SteroidPotion"},{"floor":14,"key":"EssenceOfSteel"},{"floor":16,"key":"Weak Potion"},{"floor":18,"key":"Strength Potion"},{"floor":20,"key":"Regen Potion"},{"floor":20,"key":"Regen Potion"},{"floor":21,"key":"Dexterity Potion"},{"floor":27,"key":"Swift Potion"},{"floor":29,"key":"Block Potion"},{"floor":30,"key":"FairyPotion"}],"is_trial":false,"path_per_floor":["M","?","?","?","M","E","R","M","T","E","M","?","$","M","R","B",null,"M","M","?","M","M","E","R","E","T","M","R","E","M","$","R","B",null,"M","?","?","$","?","R","E"],"character_chosen":"THE_SILENT","items_purchased":["Bronze Scales","Caltrops","DollysMirror","Well Laid Plans","Infinite Blades"],"campfire_rested":5,"item_purchase_floors":[13,13,31,31,38],"current_hp_per_floor":[70,70,70,70,70,70,70,67,74,55,46,46,46,40,64,45,82,66,66,66,57,51,47,71,64,64,44,68,63,44,44,68,8,82,79,79,82,82,46,70,0],"gold":102,"neow_bonus":"THREE_ENEMY_KILL","is_prod":false,"is_daily":false,"chose_seed":false,"campfire_upgraded":1,"win_rate":0,"timestamp":1543961813,"path_taken":["M","?","?","?","M","E","R","M","T","E","M","?","$","M","R","BOSS","M","?","?","M","?","E","R","E","T","M","R","E","M","$","R","BOSS","M","?","?","$","?","R","E"],"build_version":"2018-11-15","purchased_purges":2,"victory":false,"max_hp_per_floor":[70,70,70,70,70,70,70,70,77,82,82,82,82,82,82,82,82,82,82,82,82,82,82,82,82,82,82,82,82,82,82,82,82,82,82,82,82,82,82,82,82],"card_choices":[{"not_picked":["Dagger Spray","Choke","Heel Hook"],"picked":"SKIP","floor":1},{"not_picked":["Tactician","Quick Slash"],"picked":"Flying Knee","floor":5},{"not_picked":["Expertise","Riddle With Holes"],"picked":"Deflect","floor":6},{"not_picked":["Dagger Spray","Dodge and Roll"],"picked":"Skewer","floor":8},{"not_picked":["Sucker Punch","PiercingWail"],"picked":"All Out Attack","floor":10},{"not_picked":["Cloak And Dagger","Tactician","Riddle With Holes"],"picked":"SKIP","floor":11},{"not_picked":["Prepared","Tactician"],"picked":"Backstab","floor":14},{"not_picked":["A Thousand Cuts","Wraith Form v2"],"picked":"Adrenaline","floor":16},{"not_picked":["Riddle With Holes","Deflect","Blade Dance+1"],"picked":"SKIP","floor":18},{"not_picked":["Blur","Tactician"],"picked":"Footwork","floor":19},{"not_picked":["Calculated Gamble+1","Well Laid Plans+1"],"picked":"Terror","floor":21},{"not_picked":["PiercingWail","Backflip","Deflect"],"picked":"SKIP","floor":22},{"not_picked":["Backflip","Masterful Stab"],"picked":"Noxious Fumes","floor":23},{"not_picked":["Flying Knee","Bane","Acrobatics"],"picked":"SKIP","floor":25},{"not_picked":["Wraith Form v2","Prepared"],"picked":"Terror","floor":27},{"not_picked":["Heel Hook","Dagger Throw"],"picked":"Masterful Stab+1","floor":29},{"not_picked":["Blade Dance+1","Underhanded Strike","Quick Slash"],"picked":"SKIP","floor":30},{"not_picked":["Flechettes+1","Deadly Poison","Predator+1"],"picked":"SKIP","floor":35}],"player_experience":138359,"relics_obtained":[{"floor":6,"key":"Mummified Hand"},{"floor":9,"key":"Strawberry"},{"floor":10,"key":"Potion Belt"},{"floor":23,"key":"Orichalcum"},{"floor":25,"key":"Happy Flower"},{"floor":26,"key":"Anchor"},{"floor":29,"key":"Blue Candle"},{"floor":39,"key":"FossilizedHelix"}],"event_choices":[{"damage_healed":0,"gold_gain":0,"player_choice":"Leave","damage_taken":0,"max_hp_gain":0,"max_hp_loss":0,"event_name":"The Cleric","floor":2,"gold_loss":0},{"damage_healed":0,"gold_gain":0,"player_choice":"Grow","damage_taken":0,"max_hp_gain":0,"max_hp_loss":0,"event_name":"Living Wall","floor":3,"gold_loss":0,"cards_upgraded":["Neutralize"]},{"damage_healed":0,"gold_gain":0,"player_choice":"Ignored","damage_taken":0,"max_hp_gain":0,"max_hp_loss":0,"event_name":"Liars Game","floor":4,"gold_loss":0},{"damage_healed":0,"gold_gain":100,"player_choice":"Pray","damage_taken":0,"max_hp_gain":0,"max_hp_loss":0,"event_name":"Golden Shrine","floor":12,"gold_loss":0},{"damage_healed":0,"gold_gain":0,"player_choice":"Bought 2 Potions","damage_taken":0,"max_hp_gain":0,"max_hp_loss":0,"event_name":"The Woman in Blue","floor":20,"gold_loss":0},{"cards_removed":["All Out Attack"],"damage_healed":0,"gold_gain":0,"player_choice":"Removed Attack","damage_taken":0,"max_hp_gain":0,"max_hp_loss":0,"event_name":"Falling","floor":36,"gold_loss":0},{"damage_healed":21,"gold_gain":0,"player_choice":"Writhe","damage_taken":0,"max_hp_gain":0,"max_hp_loss":0,"event_name":"Winding Halls","floor":37,"gold_loss":0,"cards_obtained":["Writhe"]},{"damage_healed":0,"gold_gain":0,"player_choice":"Fight","damage_taken":0,"max_hp_gain":0,"max_hp_loss":0,"event_name":"MindBloom","floor":39,"gold_loss":0}],"is_beta":false,"boss_relics":[{"not_picked":["Snecko Eye","Calling Bell"],"picked":"Cursed Key"},{"not_picked":["Runic Dome","Empty Cage"],"picked":"Sozu"}],"items_purged_floors":[31,38],"is_endless":false,"potions_floor_spawned":[6,10,14,16,18,21,27,29,30,39],"killed_by":"Reptomancer","ascension_level":0}