{"gold_per_floor":[110,110,110,134,155,155,198,228],"floor_reached":8,"playtime":327,"items_purged":[],"score":64,"play_id":"7b627dee-72f0-443a-acda-93c7d6131873","local_time":"20190130175423","is_ascension_mode":true,"campfire_choices":[{"data":"Footwork","floor":6,"key":"SMITH"}],"neow_cost":"NONE","seed_source_timestamp":917046255772903,"circlet_count":0,"master_deck":["Defend_G","Defend_G","Defend_G","Defend_G","Defend_G","Strike_G","Strike_G","Strike_G","Strike_G","Strike_G","Survivor","Neutralize+1","Backstab","Escape Plan","Footwork+1","Burst"],"relics":["Black Star","Golden Idol","Art of War","Matryoshka"],"potions_floor_usage":[7],"damage_taken":[{"damage":0,"enemies":"2 Louse","floor":1,"turns":3},{"damage":0,"enemies":"Small Slimes","floor":4,"turns":4},{"damage":0,"enemies":"Cultist","floor":5,"turns":4},{"damage":44,"enemies":"Lagavulin","floor":7,"turns":9},{"damage":47,"enemies":"Gremlin Nob","floor":8,"turns":4}],"seed_played":"-703008650396641155","potions_obtained":[{"floor":5,"key":"AttackPotion"},{"floor":7,"key":"Fire Potion"}],"is_trial":false,"path_per_floor":["M","?","?","M","M","R","E","?"],"character_chosen":"THE_SILENT","items_purchased":[],"campfire_rested":0,"item_purchase_floors":[],"current_hp_per_floor":[70,65,65,65,65,65,21,0],"gold":228,"neow_bonus":"BOSS_RELIC","is_prod":false,"is_daily":false,"chose_seed":false,"campfire_upgraded":1,"win_rate":0,"timestamp":1548888863,"path_taken":["M","?","?","M","?","R","E","?"],"build_version":"2019-01-23","purchased_purges":0,"victory":false,"max_hp_per_floor":[70,65,65,65,65,65,65,65],"card_choices":[{"not_picked":["Bane","Slice"],"picked":"Backstab","floor":1},{"not_picked":["Underhanded Strike","Deflect"],"picked":"Escape Plan","floor":4},{"not_picked":["Flechettes","Outmaneuver"],"picked":"Footwork","floor":5},{"not_picked":["Expertise","Blur"],"picked":"Burst","floor":7}],"player_experience":127752,"relics_obtained":[{"floor":7,"key":"Art of War"},{"floor":7,"key":"Matryoshka"}],"event_choices":[{"damage_healed":0,"gold_gain":0,"player_choice":"Lose Max HP","damage_taken":0,"relics_obtained":["Golden Idol"],"max_hp_gain":0,"max_hp_loss":5,"event_name":"Golden Idol","floor":2,"gold_loss":0},{"damage_healed":0,"gold_gain":0,"player_choice":"Upgraded","damage_taken":0,"max_hp_gain":0,"max_hp_loss":0,"event_name":"Upgrade Shrine","floor":3,"gold_loss":0,"cards_upgraded":["Neutralize"]},{"damage_healed":0,"gold_gain":30,"player_choice":"Searched \u00273\u0027 times","damage_taken":0,"max_hp_gain":0,"max_hp_loss":0,"event_name":"Dead Adventurer","floor":8,"gold_loss":0}],"is_beta":false,"boss_relics":[],"items_purged_floors":[],"is_endless":false,"potions_floor_spawned":[5,7],"killed_by":"Gremlin Nob","ascension_level":3}