{"gold_per_floor":[214,214,289,300,41,75,75,107,107,18,38,38,38,51,51,152,202,219,219,109,109,34],"floor_reached":22,"playtime":1409,"items_purged":[],"score":200,"play_id":"b05308b5-75b4-4b21-a4c9-ec39d84452ba","local_time":"20181113222208","is_ascension_mode":true,"campfire_choices":[{"floor":7,"key":"REST"},{"floor":12,"key":"REST"},{"floor":15,"key":"REST"}],"neow_cost":"NONE","seed_source_timestamp":545154430165585,"circlet_count":0,"master_deck":["Defend_G","Defend_G","Defend_G","Defend_G+1","Defend_G","Strike_G","Strike_G","Strike_G","Strike_G","Strike_G+1","Survivor","Neutralize","Poisoned Stab","Bouncing Flask","PiercingWail","Quick Slash","Noxious Fumes","Skewer","Footwork","Venomology","Crippling Poison","Bane+1","Choke+1","Deadly Poison+1","Unload+1","Caltrops","PiercingWail","Cloak And Dagger","Escape Plan","Blur"],"relics":["Ring of the Snake","Ninja Scroll","Bottled Lightning","Kunai","Molten Egg 2","Tiny House"],"potions_floor_usage":[6,8,16,16,18,21,21,22],"damage_taken":[{"damage":0,"enemies":"Cultist","floor":1,"turns":6},{"damage":0,"enemies":"2 Louse","floor":4,"turns":3},{"damage":20,"enemies":"Gremlin Nob","floor":6,"turns":4},{"damage":15,"enemies":"3 Sentries","floor":8,"turns":7},{"damage":3,"enemies":"Jaw Worm","floor":11,"turns":2},{"damage":6,"enemies":"2 Fungi Beasts","floor":14,"turns":3},{"damage":12,"enemies":"Hexaghost","floor":16,"turns":8},{"damage":14,"enemies":"3 Byrds","floor":18,"turns":6},{"damage":17,"enemies":"Colosseum Slavers","floor":21,"turns":7},{"damage":20,"enemies":"Colosseum Nobs","floor":21,"turns":3},{"damage":22,"enemies":"2 Thieves","floor":22,"turns":5}],"seed_played":"893926318202190026","potions_obtained":[{"floor":4,"key":"GhostInAJar"},{"floor":6,"key":"Block Potion"},{"floor":8,"key":"Dexterity Potion"},{"floor":11,"key":"GhostInAJar"},{"floor":17,"key":"SmokeBomb"},{"floor":18,"key":"Fire Potion"}],"is_trial":false,"path_per_floor":["M","?","?","M","$","E","R","E","T","$","M","R","?","M","R","B",null,"M","?","$","?","M"],"character_chosen":"THE_SILENT","items_purchased":["PiercingWail","Quick Slash","Weak Potion","Noxious Fumes","Skewer","Crippling Poison","Bane+1","Escape Plan","Blur"],"campfire_rested":3,"item_purchase_floors":[5,5,5,5,5,10,10,20,20],"current_hp_per_floor":[70,63,52,52,52,32,53,38,38,38,35,56,42,36,57,45,75,61,61,61,24,2],"gold":34,"neow_bonus":"HUNDRED_GOLD","is_prod":false,"is_daily":false,"chose_seed":false,"campfire_upgraded":0,"win_rate":0,"timestamp":1542176528,"path_taken":["M","?","?","M","$","E","R","E","T","?","M","R","?","M","R","BOSS","M","?","$","?","M"],"build_version":"2018-11-08","purchased_purges":0,"victory":false,"max_hp_per_floor":[70,70,70,70,70,70,70,70,70,70,70,70,70,70,70,70,75,75,75,75,75,75],"card_choices":[{"not_picked":["Acrobatics","Dagger Throw"],"picked":"Poisoned Stab","floor":1},{"not_picked":["Quick Slash","Predator"],"picked":"Bouncing Flask","floor":4},{"not_picked":["Outmaneuver","Underhanded Strike"],"picked":"Footwork","floor":6},{"not_picked":["Finisher","Deflect"],"picked":"Venomology","floor":8},{"not_picked":["Underhanded Strike+1","Dagger Throw+1"],"picked":"Choke+1","floor":11},{"not_picked":["Catalyst","Caltrops"],"picked":"Deadly Poison","floor":14},{"not_picked":["Wraith Form v2","Storm of Steel"],"picked":"Unload+1","floor":16},{"not_picked":["Acrobatics","Sucker Punch+1"],"picked":"Caltrops","floor":17},{"not_picked":["Acrobatics","Outmaneuver"],"picked":"PiercingWail","floor":18}],"player_experience":42217,"relics_obtained":[{"floor":6,"key":"Bottled Lightning"},{"floor":8,"key":"Kunai"},{"floor":9,"key":"Molten Egg 2"}],"event_choices":[{"damage_healed":0,"gold_gain":0,"player_choice":"Success","damage_taken":7,"relics_obtained":["Ninja Scroll"],"max_hp_gain":0,"max_hp_loss":0,"event_name":"Scrap Ooze","floor":2,"gold_loss":0},{"damage_healed":0,"gold_gain":75,"player_choice":"Gather Gold","damage_taken":11,"max_hp_gain":0,"max_hp_loss":0,"event_name":"World of Goop","floor":3,"gold_loss":0},{"damage_healed":0,"gold_gain":0,"player_choice":"Entered Light","damage_taken":14,"max_hp_gain":0,"max_hp_loss":0,"event_name":"Shining Light","floor":13,"gold_loss":0,"cards_upgraded":["Defend_G","Strike_G"]},{"damage_healed":0,"gold_gain":0,"player_choice":"Read","damage_taken":0,"max_hp_gain":0,"max_hp_loss":0,"event_name":"The Library","floor":19,"gold_loss":0,"cards_obtained":["Cloak And Dagger"]},{"damage_healed":0,"gold_gain":0,"player_choice":"Fight","damage_taken":0,"max_hp_gain":0,"max_hp_loss":0,"event_name":"Colosseum","floor":21,"gold_loss":0},{"damage_healed":0,"gold_gain":0,"player_choice":"Fought Nobs","damage_taken":0,"max_hp_gain":0,"max_hp_loss":0,"event_name":"Colosseum","floor":21,"gold_loss":0}],"is_beta":false,"boss_relics":[{"not_picked":["Runic Dome","Calling Bell"],"picked":"Tiny House"}],"items_purged_floors":[],"is_endless":false,"potions_floor_spawned":[4,6,8,11,18,21],"killed_by":"2 Thieves","ascension_level":1}