{"gold_per_floor":[118,118,118,129,76,76,107,120,144,160,160,160,160,13,13,112,112,132,132,143,89,89,89],"floor_reached":23,"playtime":957,"items_purged":["Zap+1"],"score":212,"play_id":"b1a7c0cf-eab9-40d6-a1e3-7437d50f60d4","local_time":"20190123143158","is_ascension_mode":false,"campfire_choices":[{"data":"Gash","floor":6,"key":"SMITH"},{"data":"Gash","floor":12,"key":"SMITH"},{"data":"Capacitor","floor":15,"key":"SMITH"}],"neow_cost":"NONE","seed_source_timestamp":156157082371525,"circlet_count":0,"master_deck":["Strike_B","Strike_B+1","Strike_B","Strike_B+1","Defend_B","Defend_B","Defend_B","Defend_B","Dualcast","Leap","Self Repair","Gash+1","Cold Snap","Cold Snap","Gash+1","Capacitor+1","Seek","Coolheaded+1","Gash","Gash","Cold Snap","Writhe"],"relics":["Cracked Core","Anchor","Whetstone","Blood Vial","Black Star","Bird Faced Urn"],"potions_floor_usage":[7,16,16],"damage_taken":[{"damage":3,"enemies":"2 Louse","floor":1,"turns":2},{"damage":0,"enemies":"Small Slimes","floor":4,"turns":3},{"damage":32,"enemies":"Lagavulin","floor":7,"turns":7},{"damage":0,"enemies":"Jaw Worm","floor":8,"turns":3},{"damage":3,"enemies":"Exordium Thugs","floor":10,"turns":6},{"damage":20,"enemies":"Slime Boss","floor":16,"turns":15},{"damage":12,"enemies":"Shell Parasite","floor":18,"turns":7},{"damage":11,"enemies":"Spheric Guardian","floor":20,"turns":5},{"damage":90,"enemies":"Gremlin Leader","floor":23,"turns":10}],"seed_played":"7282225503722243128","potions_obtained":[{"floor":1,"key":"SkillPotion"},{"floor":8,"key":"PowerPotion"},{"floor":10,"key":"Weak Potion"},{"floor":20,"key":"LiquidBronze"}],"is_trial":false,"path_per_floor":["M","?","?","M","$","R","E","M","T","M","?","R","?","$","R","B",null,"M","?","M","$","?","E"],"character_chosen":"DEFECT","items_purchased":["Gash","Capacitor","Cold Snap"],"campfire_rested":0,"item_purchase_floors":[5,14,21],"current_hp_per_floor":[79,79,79,79,79,79,54,61,61,65,62,62,62,62,62,51,82,77,77,75,75,75,0],"gold":89,"neow_bonus":"TEN_PERCENT_HP_BONUS","is_prod":false,"is_daily":false,"chose_seed":false,"campfire_upgraded":3,"win_rate":0,"timestamp":1548250318,"path_taken":["M","?","?","M","$","R","E","M","T","M","?","R","?","?","R","BOSS","M","?","M","$","?","E"],"build_version":"2019-01-17v2","purchased_purges":1,"victory":false,"max_hp_per_floor":[82,82,82,82,82,82,82,82,82,82,82,82,82,82,82,82,82,82,82,82,82,82,82],"card_choices":[{"not_picked":["Darkness","Steam Power"],"picked":"Leap","floor":1},{"not_picked":["Leap","Rebound"],"picked":"Self Repair","floor":4},{"not_picked":["Double Energy","Go for the Eyes"],"picked":"Cold Snap","floor":7},{"not_picked":["Redo","Leap"],"picked":"Cold Snap","floor":8},{"not_picked":["Coolheaded","Genetic Algorithm"],"picked":"Gash","floor":10},{"not_picked":["Multi-Cast","Meteor Strike"],"picked":"Seek","floor":16},{"not_picked":["Turbo+1","Compile Driver"],"picked":"Coolheaded+1","floor":18},{"not_picked":["Stack","Go for the Eyes"],"picked":"Gash","floor":20}],"player_experience":426756,"relics_obtained":[{"floor":7,"key":"Anchor"},{"floor":9,"key":"Whetstone"}],"event_choices":[{"damage_healed":0,"gold_gain":0,"player_choice":"Grow","damage_taken":0,"max_hp_gain":0,"max_hp_loss":0,"event_name":"Living Wall","floor":2,"gold_loss":0,"cards_upgraded":["Zap"]},{"damage_healed":0,"gold_gain":0,"player_choice":"Ignored","damage_taken":0,"max_hp_gain":0,"max_hp_loss":0,"event_name":"Golden Wing","floor":3,"gold_loss":0},{"damage_healed":0,"gold_gain":0,"player_choice":"Success","damage_taken":3,"relics_obtained":["Blood Vial"],"max_hp_gain":0,"max_hp_loss":0,"event_name":"Scrap Ooze","floor":11,"gold_loss":0},{"damage_healed":0,"gold_gain":0,"player_choice":"Searched \u00270\u0027 times","damage_taken":0,"max_hp_gain":0,"max_hp_loss":0,"event_name":"Dead Adventurer","floor":13,"gold_loss":0},{"damage_healed":0,"gold_gain":0,"player_choice":"Read","damage_taken":0,"max_hp_gain":0,"max_hp_loss":0,"event_name":"The Library","floor":19,"gold_loss":0,"cards_obtained":["Gash"]},{"damage_healed":0,"gold_gain":0,"player_choice":"Opened","damage_taken":0,"relics_obtained":["Bird Faced Urn"],"max_hp_gain":0,"max_hp_loss":0,"event_name":"The Mausoleum","floor":22,"gold_loss":0,"cards_obtained":["Writhe"]}],"is_beta":false,"boss_relics":[{"not_picked":["White Beast Statue","Pandora\u0027s Box"],"picked":"Black Star"}],"items_purged_floors":[14],"is_endless":false,"potions_floor_spawned":[1,8,10,20],"killed_by":"Gremlin Leader","ascension_level":0}