{"gold_per_floor":[110,120,45,57,72,101,101,101,101,101,117,151,8,20,20,118,118,135,147,163,163,177,204,204,22,47,0,32,44,71,114,126,234,246,277,289,80,80,180,215,215,232,232,243,243,243,276,28,28,28],"floor_reached":51,"playtime":1757,"items_purged":["Strike_B"],"score":961,"play_id":"68b7e046-9b76-4253-830a-20f1d7a889c9","local_time":"20190112142855","is_ascension_mode":true,"campfire_choices":[{"floor":8.0,"key":"REST"},{"data":"Auto Shields","floor":10.0,"key":"SMITH"},{"floor":15.0,"key":"REST"},{"floor":24.0,"key":"REST"},{"floor":29.0,"key":"REST"},{"floor":32.0,"key":"REST"},{"data":"Thunder Strike","floor":41,"key":"SMITH"},{"data":"BootSequence","floor":45,"key":"SMITH"},{"data":"Enlightenment","floor":49,"key":"SMITH"}],"neow_cost":"NONE","seed_source_timestamp":11147277706079,"circlet_count":0,"master_deck":["Strike_B","Strike_B","Defend_B","Defend_B","Defend_B","Defend_B+1","Zap+1","Dualcast","Cold Snap","Steam","Ball Lightning","Leap","Auto Shields+1","Hyperbeam","Defragment+1","BootSequence+1","Buffer+1","Skim+1","Storm+1","Capacitor+1","Defragment+1","Thunder Strike+1","Loop+1","Echo Form+1","Conserve Battery+1","Self Repair+1","Hello World+1","Echo Form+1","Enlightenment+1"],"special_seed":0,"relics":["Cracked Core","Frozen Egg 2","Gremlin Horn","Darkstone Periapt","DataDisk","Sozu","War Paint","Oddly Smooth Stone","MawBank","Pen Nib","Philosopher\u0027s Stone","Anchor","Mango","Potion Belt","Shuriken","Ancient Tea Set","Sundial"],"potions_floor_usage":[33],"damage_taken":[{"damage":9.0,"enemies":"2 Louse","floor":1.0,"turns":4.0},{"damage":0.0,"enemies":"Cultist","floor":2.0,"turns":3.0},{"damage":0.0,"enemies":"Jaw Worm","floor":4.0,"turns":3.0},{"damage":5.0,"enemies":"Exordium Wildlife","floor":5.0,"turns":4.0},{"damage":28.0,"enemies":"Gremlin Nob","floor":6.0,"turns":5.0},{"damage":0.0,"enemies":"Blue Slaver","floor":11.0,"turns":4.0},{"damage":14.0,"enemies":"Lagavulin","floor":12.0,"turns":9.0},{"damage":2.0,"enemies":"Looter","floor":14.0,"turns":2.0},{"damage":37.0,"enemies":"Hexaghost","floor":16.0,"turns":12.0},{"damage":1.0,"enemies":"Chosen","floor":18.0,"turns":4.0},{"damage":13.0,"enemies":"3 Byrds","floor":19.0,"turns":4.0},{"damage":21.0,"enemies":"3 Cultists","floor":20.0,"turns":5.0},{"damage":27.0,"enemies":"Snecko","floor":22.0,"turns":5.0},{"damage":0.0,"enemies":"Book of Stabbing","floor":23.0,"turns":5.0},{"damage":0.0,"enemies":"Sentry and Sphere","floor":28.0,"turns":4.0},{"damage":12.0,"enemies":"Centurion and Healer","floor":30.0,"turns":5.0},{"damage":0.0,"enemies":"Slavers","floor":31.0,"turns":4.0},{"damage":12,"enemies":"Collector","floor":33,"turns":8},{"damage":18,"enemies":"3 Darklings","floor":35,"turns":4},{"damage":30,"enemies":"Mind Bloom Boss Battle","floor":39,"turns":6},{"damage":0,"enemies":"Nemesis","floor":40,"turns":5},{"damage":0,"enemies":"Orb Walker","floor":42,"turns":3},{"damage":5,"enemies":"4 Shapes","floor":44,"turns":3},{"damage":0,"enemies":"Giant Head","floor":47,"turns":7},{"damage":9,"enemies":"Donu and Deca","floor":50,"turns":6}],"seed_played":"-1447671963508385043","potions_obtained":[{"floor":2.0,"key":"Poison Potion"},{"floor":5.0,"key":"SkillPotion"},{"floor":6.0,"key":"PowerPotion"}],"is_trial":false,"path_per_floor":["M","M","$","M","M","E","?","R","T","R","M","E","$","M","R","B",null,"M","M","M","?","M","E","R","$","T","?","M","R","M","E","R","B",null,"M","?","$","?","?","E","R","M","T","M","R","?","E","$","R","B",null],"character_chosen":"DEFECT","items_purchased":["DataDisk","Oddly Smooth Stone","Loop+1","Self Repair+1","Anchor","Sundial"],"campfire_rested":5,"item_purchase_floors":[13,25,25,37,37,48],"current_hp_per_floor":[73,73,73,73,68,40,40,64,64,64,64,50,50,48,72,35,82,81,68,47,47,20,20,44,44,44,44,44,68,56,56,80,68,82,64,64,64,64,58,78,78,78,78,83,83,83,93,93,93,94],"gold":28,"neow_bonus":"TEN_PERCENT_HP_BONUS","is_prod":false,"is_daily":false,"chose_seed":false,"campfire_upgraded":4,"win_rate":0,"timestamp":1547299735,"path_taken":["M","M","$","M","M","E","?","R","T","R","M","E","$","M","R","BOSS","M","M","M","?","M","E","R","?","T","?","M","R","?","E","R","BOSS","M","?","$","?","?","E","R","?","T","M","R","?","E","?","R","BOSS"],"build_version":"2019-01-10","purchased_purges":1,"victory":true,"max_hp_per_floor":[82,82,82,82,82,82,82,82,82,82,82,82,82,82,82,82,82,82,82,82,82,82,82,82,82,82,82,82,82,82,82,82,82,82,82,82,82,82,96,96,96,96,96,96,96,96,96,96,96,96],"card_choices":[{"not_picked":["Streamline","Doom and Gloom"],"picked":"Cold Snap","floor":1.0},{"not_picked":["Double Energy","Stack"],"picked":"Steam","floor":2.0},{"not_picked":["Coolheaded","Cold Snap"],"picked":"Ball Lightning","floor":4.0},{"not_picked":["Rebound","Loop"],"picked":"Leap","floor":5.0},{"not_picked":["Beam Cell","Rip and Tear"],"picked":"Auto Shields","floor":6.0},{"not_picked":["Recycle","Aggregate"],"picked":"Hyperbeam","floor":11.0},{"not_picked":["Capacitor+1","Steam"],"picked":"Defragment+1","floor":12.0},{"not_picked":["Melter","Cold Snap"],"picked":"BootSequence","floor":14.0},{"not_picked":["Amplify","Biased Cognition+1"],"picked":"Buffer+1","floor":16.0},{"not_picked":["Rebound+1","Gash"],"picked":"Skim+1","floor":18.0},{"not_picked":["Sweeping Beam","Leap"],"picked":"Storm+1","floor":19.0},{"not_picked":["Gash+1","Hologram+1"],"picked":"Capacitor+1","floor":20.0},{"not_picked":["Turbo+1","Conserve Battery"],"picked":"Thunder Strike","floor":22.0},{"not_picked":["Leap","Undo","Ball Lightning"],"picked":"SKIP","floor":23.0},{"not_picked":["Rebound+1","Reprogram","Rip and Tear"],"picked":"SKIP","floor":28.0},{"not_picked":["Genetic Algorithm","BootSequence","Skim+1"],"picked":"SKIP","floor":30.0},{"not_picked":["Rainbow","Turbo","Compile Driver"],"picked":"SKIP","floor":31.0},{"not_picked":["Multi-Cast","Thunder Strike"],"picked":"Echo Form+1","floor":33},{"not_picked":["Tempest+1","Coolheaded"],"picked":"Conserve Battery+1","floor":35},{"not_picked":["Turbo+1","Reprogram"],"picked":"Hello World+1","floor":39},{"not_picked":["Sweeping Beam+1","Aggregate+1"],"picked":"Echo Form+1","floor":40},{"not_picked":["Sweeping Beam","Barrage+1","Conserve Battery+1"],"picked":"SKIP","floor":42},{"not_picked":["Sunder","Conserve Battery+1","Barrage"],"picked":"SKIP","floor":44},{"not_picked":["Purity","Forethought"],"picked":"Enlightenment","floor":46},{"not_picked":["Beam Cell","Tempest+1","Glacier"],"picked":"SKIP","floor":47}],"player_experience":194550,"relics_obtained":[{"floor":6.0,"key":"Frozen Egg 2"},{"floor":9.0,"key":"Gremlin Horn"},{"floor":12.0,"key":"Darkstone Periapt"},{"floor":23.0,"key":"War Paint"},{"floor":26.0,"key":"MawBank"},{"floor":31.0,"key":"Pen Nib"},{"floor":39,"key":"Mango"},{"floor":40,"key":"Potion Belt"},{"floor":43,"key":"Shuriken"},{"floor":47,"key":"Ancient Tea Set"}],"event_choices":[{"damage_healed":0.0,"max_hp_gain":0.0,"max_hp_loss":0.0,"gold_gain":0.0,"event_name":"Dead Adventurer","player_choice":"Searched \u00271\u0027 times","floor":7.0,"gold_loss":0.0,"damage_taken":0.0},{"damage_healed":0.0,"max_hp_gain":0.0,"max_hp_loss":0.0,"gold_gain":0.0,"event_name":"Duplicator","player_choice":"Copied","floor":21.0,"gold_loss":0.0,"damage_taken":0.0,"cards_obtained":["Defragment"]},{"damage_healed":0.0,"max_hp_gain":0.0,"max_hp_loss":0.0,"gold_gain":0.0,"event_name":"Masked Bandits","player_choice":"Paid Fearfully","floor":27.0,"gold_loss":59.0,"damage_taken":0.0},{"damage_healed":0,"gold_gain":0,"player_choice":"Ignored","damage_taken":0,"max_hp_gain":0,"max_hp_loss":0,"event_name":"Tomb of Lord Red Mask","floor":36,"gold_loss":0},{"cards_removed":["Strike_B"],"damage_healed":0,"gold_gain":0,"player_choice":"Removed Attack","damage_taken":0,"max_hp_gain":0,"max_hp_loss":0,"event_name":"Falling","floor":38,"gold_loss":0},{"damage_healed":0,"gold_gain":0,"player_choice":"Fight","damage_taken":0,"max_hp_gain":0,"max_hp_loss":0,"event_name":"MindBloom","floor":39,"gold_loss":0},{"damage_healed":0,"gold_gain":0,"player_choice":"Memory 1","damage_taken":0,"max_hp_gain":0,"max_hp_loss":0,"event_name":"SensoryStone","floor":46,"gold_loss":0}],"is_beta":false,"boss_relics":[{"not_picked":["Busted Crown","Astrolabe"],"picked":"Sozu"},{"not_picked":["Tiny House","Eternal Feather"],"picked":"Philosopher\u0027s Stone"}],"items_purged_floors":[3],"is_endless":false,"potions_floor_spawned":[2,5,6,16,19,20,30,31,40,42,47],"ascension_level":2}