{"gold_per_floor":[113,123,137,137,137,164,164,164,164,164,111,111,72,92,92,92],"floor_reached":16,"playtime":338,"items_purged":[],"score":118,"play_id":"b23f9e56-98f4-4b6f-8a7f-909e3e735f06","local_time":"20190111165757","is_ascension_mode":true,"campfire_choices":[{"data":"Bash","floor":7,"key":"SMITH"},{"floor":10,"key":"RECALL"},{"data":"Pommel Strike","floor":12,"key":"SMITH"},{"floor":15,"key":"REST"}],"neow_cost":"NONE","seed_source_timestamp":4641150204500,"circlet_count":0,"master_deck":["Strike_R+1","Strike_R","Strike_R+1","Strike_R","Strike_R","Defend_R","Defend_R","Defend_R","Defend_R","Bash+1","Pommel Strike+1","Shockwave","Shrug It Off","Disarm","True Grit"],"relics":["Burning Blood","NeowsBlessing","Singing Bowl","Dream Catcher","Blood Vial"],"potions_floor_usage":[],"damage_taken":[{"damage":0,"enemies":"Cultist","floor":1,"turns":1},{"damage":0,"enemies":"Jaw Worm","floor":2,"turns":1},{"damage":0,"enemies":"Small Slimes","floor":3,"turns":1},{"damage":54,"enemies":"Lagavulin","floor":6,"turns":8},{"damage":6,"enemies":"Blue Slaver","floor":14,"turns":4},{"damage":46,"enemies":"Slime Boss","floor":16,"turns":8}],"seed_played":"3364077473913492900","potions_obtained":[{"floor":2,"key":"GamblersBrew"},{"floor":3,"key":"LiquidBronze"}],"is_trial":false,"path_per_floor":["M","M","M","?","?","E","R","T","T","R","$","R","$","M","R","B"],"character_chosen":"IRONCLAD","items_purchased":["Shrug It Off","Disarm"],"campfire_rested":1,"item_purchase_floors":[11,13],"current_hp_per_floor":[80,80,80,64,57,9,9,9,9,9,9,9,9,11,37,0],"gold":92,"neow_bonus":"THREE_ENEMY_KILL","is_prod":false,"is_daily":false,"chose_seed":false,"campfire_upgraded":2,"win_rate":0,"timestamp":1547225877,"path_taken":["M","M","?","?","?","E","R","?","T","R","$","R","?","M","R","BOSS"],"build_version":"2019-01-10","purchased_purges":0,"victory":false,"max_hp_per_floor":[80,80,80,80,80,80,80,80,80,80,80,80,80,80,82,82],"card_choices":[{"not_picked":["Perfected Strike","Whirlwind"],"picked":"Pommel Strike","floor":1},{"not_picked":["Cleave","Sever Soul","Evolve"],"picked":"SKIP","floor":2},{"not_picked":["Heavy Blade","Iron Wave","Sentinel"],"picked":"SKIP","floor":3},{"not_picked":["Heavy Blade","Iron Wave","Sentinel"],"picked":"SKIP","floor":3},{"not_picked":["Clash","Fire Breathing"],"picked":"Shockwave","floor":6},{"not_picked":["Thunderclap","Carnage"],"picked":"True Grit","floor":14},{"not_picked":["Havoc","Dark Embrace","Sword Boomerang"],"picked":"Singing Bowl","floor":15}],"player_experience":84601,"relics_obtained":[{"floor":6,"key":"Dream Catcher"},{"floor":9,"key":"Blood Vial"}],"event_choices":[{"damage_healed":0,"gold_gain":0,"player_choice":"Entered Light","damage_taken":16,"max_hp_gain":0,"max_hp_loss":0,"event_name":"Shining Light","floor":4,"gold_loss":0,"cards_upgraded":["Strike_R","Strike_R"]},{"damage_healed":0,"gold_gain":0,"player_choice":"Success","damage_taken":7,"relics_obtained":["Singing Bowl"],"max_hp_gain":0,"max_hp_loss":0,"event_name":"Scrap Ooze","floor":5,"gold_loss":0}],"is_beta":false,"boss_relics":[],"items_purged_floors":[],"is_endless":false,"potions_floor_spawned":[2,3],"killed_by":"Slime Boss","ascension_level":4}