{"gold_per_floor":[113,38,38,57,75,75,95,128,128,155,105,125,125,157,157,254,254,272,34,34,53,53,88,88,117,166,166,496,512,523,533,533,630,630,649,668,199,211,221,221,221,255,255,289,289,289,319,329,329,329,329,329,22,55,55],"floor_reached":56,"playtime":4227,"items_purged":["Strike_G","Strike_G"],"score":1499,"play_id":"f0c042e4-036a-48ab-860a-29f811b02a7d","local_time":"20190120172126","is_ascension_mode":true,"campfire_choices":[{"data":"Eviscerate","floor":6.0,"key":"SMITH"},{"data":"Burst","floor":13.0,"key":"SMITH"},{"data":"Footwork","floor":15.0,"key":"SMITH"},{"floor":24.0,"key":"RECALL"},{"floor":27.0,"key":"REST"},{"data":"Dash","floor":32.0,"key":"SMITH"},{"data":"Outmaneuver","floor":40.0,"key":"SMITH"},{"floor":45.0,"key":"REST"},{"data":"Dash","floor":49.0,"key":"SMITH"},{"data":"Neutralize","floor":52.0,"key":"SMITH"}],"neow_cost":"NONE","seed_source_timestamp":0,"circlet_count":0,"master_deck":["Defend_G","Defend_G","Defend_G","Defend_G","Defend_G","Survivor","Neutralize+1","Eviscerate+1","Crippling Poison","Dash+1","Well Laid Plans","Blur","Outmaneuver+1","Burst+1","Footwork+1","Sucker Punch+1","Corpse Explosion","Footwork+1","Dash+1","Night Terror","Doubt","Shame","Clumsy","PiercingWail+1","Parasite","Crippling Poison+1","A Thousand Cuts+1","Footwork+1"],"special_seed":0,"relics":["Snecko Eye","Darkstone Periapt","Dead Branch","Unceasing Top","Bird Faced Urn","Regal Pillow","Sozu","Shuriken","Anchor","Sundial","Ancient Tea Set","Old Coin","Calling Bell","Pen Nib","Mummified Hand","Calipers","Bottled Flame","Strawberry","Bottled Lightning","Frozen Egg 2","Molten Egg 2","DollysMirror","Bag of Preparation"],"potions_floor_usage":[55],"damage_taken":[{"damage":4.0,"enemies":"2 Louse","floor":1.0,"turns":4.0},{"damage":2.0,"enemies":"Small Slimes","floor":4.0,"turns":4.0},{"damage":0.0,"enemies":"Jaw Worm","floor":5.0,"turns":2.0},{"damage":0.0,"enemies":"Looter","floor":7.0,"turns":3.0},{"damage":3.0,"enemies":"Lagavulin","floor":8.0,"turns":5.0},{"damage":4.0,"enemies":"3 Sentries","floor":10.0,"turns":6.0},{"damage":0.0,"enemies":"Lots of Slimes","floor":12.0,"turns":2.0},{"damage":3.0,"enemies":"Lagavulin","floor":14.0,"turns":8.0},{"damage":8.0,"enemies":"The Guardian","floor":16.0,"turns":16.0},{"damage":16.0,"enemies":"Spheric Guardian","floor":18.0,"turns":4.0},{"damage":0.0,"enemies":"Chosen","floor":21.0,"turns":7.0},{"damage":0.0,"enemies":"Book of Stabbing","floor":23.0,"turns":4.0},{"damage":20.0,"enemies":"Gremlin Leader","floor":25.0,"turns":8.0},{"damage":1.0,"enemies":"Slavers","floor":28.0,"turns":4.0},{"damage":0.0,"enemies":"Centurion and Healer","floor":29.0,"turns":4.0},{"damage":4.0,"enemies":"Cultist and Chosen","floor":30.0,"turns":5.0},{"damage":8.0,"enemies":"Sentry and Sphere","floor":31.0,"turns":6.0},{"damage":4.0,"enemies":"Champ","floor":33.0,"turns":15.0},{"damage":0.0,"enemies":"3 Shapes","floor":35.0,"turns":4.0},{"damage":0.0,"enemies":"Orb Walker","floor":36.0,"turns":4.0},{"damage":0.0,"enemies":"Sphere and 2 Shapes","floor":38.0,"turns":3.0},{"damage":7.0,"enemies":"Writhing Mass","floor":39.0,"turns":11.0},{"damage":17.0,"enemies":"Reptomancer","floor":42.0,"turns":7.0},{"damage":52.0,"enemies":"Giant Head","floor":44.0,"turns":13.0},{"damage":26.0,"enemies":"Reptomancer","floor":47.0,"turns":6.0},{"damage":0.0,"enemies":"Spire Growth","floor":48.0,"turns":6.0},{"damage":25.0,"enemies":"Awakened One","floor":50.0,"turns":22.0},{"damage":9,"enemies":"Shield and Spear","floor":54,"turns":7},{"damage":0,"enemies":"The Heart","floor":55,"turns":11}],"seed_played":"8184311904901380033","potions_obtained":[{"floor":7.0,"key":"Explosive Potion"},{"floor":8.0,"key":"Swift Potion"},{"floor":10.0,"key":"Dexterity Potion"},{"floor":12.0,"key":"Energy Potion"}],"is_trial":false,"path_per_floor":["M","$","?","M","M","R","M","E","T","E","?","M","R","E","R","B",null,"M","$","?","M","?","E","R","E","T","R","E","M","M","M","R","B",null,"M","M","$","M","M","R","?","E","T","E","R","?","E","M","R","B",null,"R","$","E","B",null],"character_chosen":"THE_SILENT","items_purchased":["Crippling Poison","Shuriken","Bottled Flame","Strawberry","DollysMirror"],"campfire_rested":2,"item_purchase_floors":[2,19,37,37,53],"current_hp_per_floor":[66,66,63,61,61,61,61,58,58,54,54,54,54,53,53,49,70,54,54,54,62,55,61,61,45,45,70,69,70,68,62,62,64,88,88,88,95,95,96,96,96,81,81,37,80,80,60,74,74,65,96,96,96,93,96],"gold":55,"neow_bonus":"BOSS_RELIC","is_prod":false,"is_daily":false,"chose_seed":false,"campfire_upgraded":7,"win_rate":0,"timestamp":1548022886,"path_taken":["M","$","?","M","M","R","M","E","T","E","?","M","R","E","R","BOSS","M","$","?","M","?","E","R","E","T","R","E","M","M","M","R","BOSS","M","?","$","M","M","R","?","E","T","E","R","?","E","M","R","BOSS","R","$","E","BOSS"],"build_version":"2019-01-17v2","purchased_purges":2,"victory":true,"max_hp_per_floor":[70,70,70,70,70,70,70,70,70,70,70,70,70,70,70,70,70,70,70,70,70,70,70,70,70,70,70,70,70,70,70,70,70,88,88,88,95,95,101,101,96,96,96,96,96,96,96,96,96,96,96,96,96,96,96],"card_choices":[{"not_picked":["Prepared","Catalyst"],"picked":"Eviscerate","floor":1.0},{"not_picked":["Dagger Throw","Outmaneuver"],"picked":"Dash","floor":4.0},{"not_picked":["Prepared","Flechettes"],"picked":"Well Laid Plans","floor":5.0},{"not_picked":["Dagger Throw","Dodge and Roll"],"picked":"Blur","floor":7.0},{"not_picked":["Backstab","Slice"],"picked":"Outmaneuver","floor":8.0},{"not_picked":["Backflip","Dodge and Roll"],"picked":"Burst","floor":10.0},{"not_picked":["Quick Slash","Prepared","Distraction"],"picked":"SKIP","floor":12.0},{"not_picked":["Flying Knee","Distraction"],"picked":"Footwork","floor":14.0},{"not_picked":["Deflect+1","Sucker Punch","Catalyst"],"picked":"SKIP","floor":18.0},{"not_picked":["Endless Agony","Flying Knee","Slice+1"],"picked":"SKIP","floor":21.0},{"not_picked":["Dagger Spray","Slice"],"picked":"Sucker Punch+1","floor":23.0},{"not_picked":["Outmaneuver","Finisher"],"picked":"Corpse Explosion","floor":25.0},{"not_picked":["Expertise","Terror","Caltrops"],"picked":"SKIP","floor":28.0},{"not_picked":["Cloak And Dagger","Poisoned Stab","Backflip+1"],"picked":"SKIP","floor":29.0},{"not_picked":["Noxious Fumes+1","Prepared+1"],"picked":"Footwork+1","floor":30.0},{"not_picked":["Cloak And Dagger+1","Finisher"],"picked":"Dash","floor":31.0},{"not_picked":["Tools of the Trade","Unload"],"picked":"Night Terror","floor":33.0},{"not_picked":["Dodge and Roll","Deadly Poison+1"],"picked":"PiercingWail+1","floor":35.0},{"not_picked":["Backflip","Endless Agony+1","Prepared+1"],"picked":"SKIP","floor":36.0},{"not_picked":["Accuracy+1","Deadly Poison","Outmaneuver"],"picked":"SKIP","floor":38.0},{"not_picked":["Slice","Flying Knee+1","Deadly Poison"],"picked":"SKIP","floor":39.0},{"not_picked":["Slice","Flying Knee+1","Deadly Poison"],"picked":"SKIP","floor":39.0},{"not_picked":["Terror","Dagger Spray","Crippling Poison+1"],"picked":"SKIP","floor":42.0},{"not_picked":["Terror","Dagger Spray"],"picked":"Crippling Poison+1","floor":42.0},{"not_picked":["Concentrate","Deflect","Expertise+1"],"picked":"SKIP","floor":44.0},{"not_picked":["Prepared","Flechettes"],"picked":"A Thousand Cuts+1","floor":47.0},{"not_picked":["Flying Knee+1","Concentrate","Deflect+1"],"picked":"SKIP","floor":48.0},{"not_picked":["Acrobatics","Poisoned Stab+1","Bane+1"],"picked":"SKIP","floor":54}],"player_experience":84974,"relics_obtained":[{"floor":8.0,"key":"Dead Branch"},{"floor":9.0,"key":"Unceasing Top"},{"floor":10.0,"key":"Bird Faced Urn"},{"floor":14.0,"key":"Regal Pillow"},{"floor":23.0,"key":"Anchor"},{"floor":25.0,"key":"Sundial"},{"floor":26.0,"key":"Ancient Tea Set"},{"floor":28.0,"key":"Old Coin"},{"floor":34.0,"key":"Pen Nib"},{"floor":34.0,"key":"Mummified Hand"},{"floor":34.0,"key":"Calipers"},{"floor":42.0,"key":"Bottled Lightning"},{"floor":44.0,"key":"Frozen Egg 2"},{"floor":47.0,"key":"Molten Egg 2"},{"floor":54,"key":"Bag of Preparation"}],"event_choices":[{"damage_healed":0.0,"max_hp_gain":0.0,"max_hp_loss":0.0,"gold_gain":0.0,"event_name":"Scrap Ooze","player_choice":"Success","floor":3.0,"gold_loss":0.0,"damage_taken":3.0,"relics_obtained":["Darkstone Periapt"]},{"cards_removed":["Strike_G"],"damage_healed":0.0,"max_hp_gain":0.0,"max_hp_loss":0.0,"gold_gain":0.0,"event_name":"The Cleric","player_choice":"Card Removal","floor":11.0,"gold_loss":50.0,"damage_taken":0.0},{"cards_removed":["Strike_G"],"damage_healed":0.0,"max_hp_gain":0.0,"max_hp_loss":0.0,"gold_gain":0.0,"event_name":"Back to Basics","player_choice":"Elegance","floor":20.0,"gold_loss":0.0,"damage_taken":0.0},{"damage_healed":0.0,"max_hp_gain":0.0,"max_hp_loss":0.0,"gold_gain":0.0,"event_name":"Knowing Skull","player_choice":"","floor":22.0,"potions_obtained":[],"gold_loss":0.0,"damage_taken":7.0,"cards_obtained":[]},{"damage_healed":0.0,"max_hp_gain":0.0,"max_hp_loss":5.0,"gold_gain":0.0,"event_name":"Winding Halls","player_choice":"Max HP","floor":41.0,"gold_loss":0.0,"damage_taken":0.0},{"cards_removed":["Strike_G"],"damage_healed":0.0,"max_hp_gain":0.0,"max_hp_loss":0.0,"gold_gain":0.0,"event_name":"Falling","player_choice":"Removed Attack","floor":46.0,"gold_loss":0.0,"damage_taken":0.0}],"is_beta":false,"boss_relics":[{"not_picked":["Runic Pyramid","HoveringKite"],"picked":"Sozu"},{"not_picked":["White Beast Statue","Runic Dome"],"picked":"Calling Bell"}],"items_purged_floors":[37,53],"is_endless":false,"potions_floor_spawned":[7,8,10,12,18,21,29,30,35,38,39,47],"ascension_level":2}