{"gold_per_floor":[118,118,118,118,137,137,169,244,296,173,138,168,168,179,179,179],"floor_reached":16,"playtime":578,"items_purged":[],"score":159,"play_id":"21f91b59-f3c5-4322-a1cb-f794c7ba9915","local_time":"20190130174536","is_ascension_mode":true,"campfire_choices":[{"data":"Bash","floor":6,"key":"SMITH"},{"data":"Whirlwind","floor":13,"key":"SMITH"},{"data":"Entrench","floor":15,"key":"SMITH"}],"neow_cost":"TEN_PERCENT_HP_LOSS","seed_source_timestamp":508669001250700,"circlet_count":0,"master_deck":["AscendersBane","Strike_R","Strike_R","Defend_R","Defend_R","Defend_R","Defend_R","Bash+1","Sentinel","Entrench+1","Headbutt","Whirlwind+1","Thunderclap","Shrug It Off"],"relics":["Burning Blood","Mercury Hourglass","Blood Vial","Question Card"],"potions_floor_usage":[12],"damage_taken":[{"damage":9,"enemies":"Jaw Worm","floor":1,"turns":4},{"damage":6,"enemies":"Small Slimes","floor":5,"turns":6},{"damage":45,"enemies":"3 Sentries","floor":7,"turns":18},{"damage":16,"enemies":"Gremlin Nob","floor":12,"turns":3},{"damage":2,"enemies":"2 Louse","floor":14,"turns":2},{"damage":39,"enemies":"Hexaghost","floor":16,"turns":9}],"seed_played":"2844969237184987584","potions_obtained":[{"floor":1,"key":"SteroidPotion"},{"floor":7,"key":"Energy Potion"}],"is_trial":false,"path_per_floor":["M","$","?","?","M","R","E","?","T","$","?","E","R","M","R","B"],"character_chosen":"IRONCLAD","items_purchased":["Whirlwind","AttackPotion"],"campfire_rested":0,"item_purchase_floors":[10,10],"current_hp_per_floor":[69,69,74,67,67,67,28,17,17,17,36,28,28,34,34,0],"gold":179,"neow_bonus":"REMOVE_TWO","is_prod":false,"is_daily":false,"chose_seed":false,"campfire_upgraded":3,"win_rate":0,"timestamp":1548870336,"path_taken":["M","$","?","?","M","R","E","?","T","$","?","E","R","M","R","BOSS"],"build_version":"2019-01-23","purchased_purges":0,"victory":false,"max_hp_per_floor":[72,72,77,77,77,77,77,77,77,77,77,77,77,77,77,77],"card_choices":[{"not_picked":["Seeing Red","Perfected Strike"],"picked":"Sentinel","floor":1},{"not_picked":["Twin Strike","Wild Strike"],"picked":"Entrench","floor":5},{"not_picked":["Sever Soul","True Grit"],"picked":"Headbutt","floor":7},{"not_picked":["Flex","Limit Break"],"picked":"Thunderclap","floor":12},{"not_picked":["Armaments","Anger","Perfected Strike"],"picked":"Shrug It Off","floor":14}],"player_experience":186172,"relics_obtained":[{"floor":7,"key":"Mercury Hourglass"},{"floor":9,"key":"Blood Vial"},{"floor":12,"key":"Question Card"}],"event_choices":[{"damage_healed":0,"gold_gain":0,"player_choice":"Donut","damage_taken":0,"max_hp_gain":5,"max_hp_loss":0,"event_name":"Big Fish","floor":3,"gold_loss":0},{"cards_removed":["Strike_R"],"damage_healed":0,"gold_gain":0,"player_choice":"Card Removal","damage_taken":7,"max_hp_gain":0,"max_hp_loss":0,"event_name":"Golden Wing","floor":4,"gold_loss":0},{"damage_healed":0,"gold_gain":75,"player_choice":"Gather Gold","damage_taken":11,"max_hp_gain":0,"max_hp_loss":0,"event_name":"World of Goop","floor":8,"gold_loss":0},{"damage_healed":19,"gold_gain":0,"player_choice":"Healed","damage_taken":0,"max_hp_gain":0,"max_hp_loss":0,"event_name":"The Cleric","floor":11,"gold_loss":35}],"is_beta":false,"boss_relics":[],"items_purged_floors":[],"is_endless":false,"potions_floor_spawned":[1,7],"killed_by":"Hexaghost","ascension_level":10}