{"gold_per_floor":[110,39,39,39,58,58,85,111,135,164,164,239,263,278,278,278],"floor_reached":16,"playtime":277,"items_purged":[],"score":203,"play_id":"7b98f551-d5a5-44e2-9fd1-e45568f5ad83","local_time":"20190202004313","is_ascension_mode":true,"campfire_choices":[{"data":"Crippling Poison","floor":6,"key":"SMITH"},{"data":"Dagger Spray","floor":11,"key":"SMITH"},{"data":"Neutralize","floor":15,"key":"SMITH"}],"neow_cost":"NONE","seed_source_timestamp":41877347087900,"circlet_count":0,"master_deck":["AscendersBane","Defend_G","Defend_G+1","Defend_G","Defend_G+1","Defend_G","Strike_G+1","Strike_G","Strike_G","Strike_G","Strike_G+1","Survivor+1","Neutralize+1","Crippling Poison+1","Backstab+1","Dagger Spray+1","Leg Sweep"],"relics":["Ring of the Snake","NeowsBlessing","Potion Belt","Strawberry","Snake Skull","Whetstone","War Paint"],"potions_floor_usage":[10],"damage_taken":[{"damage":0,"enemies":"Jaw Worm","floor":1,"turns":1},{"damage":0,"enemies":"Small Slimes","floor":5,"turns":1},{"damage":0,"enemies":"3 Sentries","floor":7,"turns":1},{"damage":20,"enemies":"Lagavulin","floor":10,"turns":7},{"damage":0,"enemies":"2 Louse","floor":14,"turns":2},{"damage":28,"enemies":"The Guardian","floor":16,"turns":12}],"seed_played":"8698724732137650645","potions_obtained":[{"floor":5,"key":"Strength Potion"}],"is_trial":false,"path_per_floor":["M","$","?","$","M","R","E","T","T","E","R","?","T","M","R","B"],"character_chosen":"THE_SILENT","items_purchased":["Backstab"],"campfire_rested":0,"item_purchase_floors":[2],"current_hp_per_floor":[63,63,49,49,49,49,49,56,56,36,36,25,25,25,25,0],"gold":278,"neow_bonus":"THREE_ENEMY_KILL","is_prod":false,"is_daily":false,"chose_seed":false,"campfire_upgraded":3,"win_rate":0,"timestamp":1549060993,"path_taken":["M","$","?","$","M","R","E","?","T","E","R","?","?","?","R","BOSS"],"build_version":"2019-01-23","purchased_purges":0,"victory":false,"max_hp_per_floor":[70,70,70,70,70,70,70,77,77,77,77,77,77,77,77,77],"card_choices":[{"not_picked":["Cloak And Dagger","Reflex"],"picked":"Crippling Poison","floor":1},{"not_picked":["Backflip","Slice"],"picked":"Dagger Spray","floor":5},{"not_picked":["Sucker Punch","Flying Knee"],"picked":"Leg Sweep","floor":7},{"not_picked":["Predator","Sucker Punch","Blur"],"picked":"SKIP","floor":10},{"not_picked":["Sucker Punch","Cloak And Dagger","Dodge and Roll"],"picked":"SKIP","floor":14}],"player_experience":559796,"relics_obtained":[{"floor":7,"key":"Potion Belt"},{"floor":8,"key":"Strawberry"},{"floor":9,"key":"Snake Skull"},{"floor":10,"key":"Whetstone"},{"floor":13,"key":"War Paint"}],"event_choices":[{"damage_healed":0,"gold_gain":0,"player_choice":"Entered Light","damage_taken":14,"max_hp_gain":0,"max_hp_loss":0,"event_name":"Shining Light","floor":3,"gold_loss":0,"cards_upgraded":["Defend_G","Backstab"]},{"damage_healed":0,"gold_gain":75,"player_choice":"Gather Gold","damage_taken":11,"max_hp_gain":0,"max_hp_loss":0,"event_name":"World of Goop","floor":12,"gold_loss":0}],"is_beta":false,"boss_relics":[],"items_purged_floors":[],"is_endless":false,"potions_floor_spawned":[5],"killed_by":"The Guardian","ascension_level":11}