{"gold_per_floor":[118,129,129,143,158,158,187,22,48,73,86,86,86,101,101,196,196,215,249,174,187,187,187,222,222,274,274,292,322,322],"floor_reached":30,"playtime":1849,"items_purged":["Strike_G"],"score":278,"play_id":"89c87a8d-d725-49ab-b5d3-3ef2a3288872","local_time":"20190201160907","is_ascension_mode":false,"campfire_choices":[{"data":"Crippling Poison","floor":6,"key":"SMITH"},{"data":"Noxious Fumes","floor":15,"key":"SMITH"},{"floor":23,"key":"REST"},{"data":"Flechettes","floor":25,"key":"SMITH"},{"floor":27,"key":"REST"}],"neow_cost":"NONE","seed_source_timestamp":101846476180456,"circlet_count":0,"master_deck":["Defend_G","Defend_G","Defend_G","Defend_G","Strike_G+1","Strike_G","Strike_G","Strike_G","Survivor","Neutralize+1","Backflip","Dagger Spray","Backflip","After Image","Crippling Poison+1","Blur","Noxious Fumes+1","Panacea+1","Bouncing Flask","Wraith Form v2","Deadly Poison","PiercingWail+1","Flechettes+1","Calculated Gamble"],"relics":["Ring of the Snake","Bag of Marbles","Whetstone","Centennial Puzzle","Orrery","Red Mask","Du-Vu Doll","Regal Pillow","Toxic Egg 2"],"potions_floor_usage":[7,16,18,19,24,24,24,29],"damage_taken":[{"damage":1,"enemies":"2 Louse","floor":1,"turns":3},{"damage":0,"enemies":"Cultist","floor":2,"turns":4},{"damage":0,"enemies":"Jaw Worm","floor":4,"turns":5},{"damage":0,"enemies":"3 Louse","floor":5,"turns":2},{"damage":13,"enemies":"3 Sentries","floor":7,"turns":12},{"damage":1,"enemies":"Lagavulin","floor":10,"turns":9},{"damage":7,"enemies":"Exordium Thugs","floor":11,"turns":4},{"damage":0,"enemies":"Large Slime","floor":14,"turns":7},{"damage":12,"enemies":"The Guardian","floor":16,"turns":8},{"damage":18,"enemies":"2 Thieves","floor":18,"turns":4},{"damage":19,"enemies":"Masked Bandits","floor":19,"turns":4},{"damage":4,"enemies":"Chosen","floor":21,"turns":5},{"damage":13,"enemies":"Slavers","floor":24,"turns":6},{"damage":8,"enemies":"Snake Plant","floor":28,"turns":4},{"damage":38,"enemies":"Book of Stabbing","floor":29,"turns":8},{"damage":33,"enemies":"Shelled Parasite and Fungi","floor":30,"turns":6}],"seed_played":"-8306639638136565208","potions_obtained":[{"floor":2,"key":"Poison Potion"},{"floor":5,"key":"SpeedPotion"},{"floor":10,"key":"Energy Potion"},{"floor":14,"key":"Fire Potion"},{"floor":19,"key":"Poison Potion"},{"floor":22,"key":"Energy Potion"},{"floor":22,"key":"Dexterity Potion"},{"floor":24,"key":"Swift Potion"}],"is_trial":false,"path_per_floor":["M","M","?","M","M","R","E","$","T","E","M","?","?","M","R","B",null,"M","?","$","M","?","R","E","R","T","R","M","E","M"],"character_chosen":"THE_SILENT","items_purchased":["Noxious Fumes","Panacea"],"campfire_rested":2,"item_purchase_floors":[8,8],"current_hp_per_floor":[69,69,69,69,69,69,56,56,56,55,48,41,41,41,41,29,70,52,33,33,29,29,50,37,37,37,70,62,24,0],"gold":322,"neow_bonus":"THREE_CARDS","is_prod":false,"is_daily":false,"chose_seed":false,"campfire_upgraded":3,"win_rate":0,"timestamp":1549030147,"path_taken":["M","M","?","?","M","R","E","$","T","E","M","?","?","M","R","BOSS","M","?","$","M","?","R","E","R","T","R","M","E","M"],"build_version":"2019-01-23","purchased_purges":1,"victory":false,"max_hp_per_floor":[70,70,70,70,70,70,70,70,70,70,70,70,70,70,70,70,70,70,70,70,70,70,70,70,70,70,70,70,70,70],"card_choices":[{"not_picked":["Quick Slash","Dodge and Roll"],"picked":"Backflip","floor":0},{"not_picked":["Masterful Stab","Acrobatics"],"picked":"Dagger Spray","floor":1},{"not_picked":["Dagger Spray","Deflect"],"picked":"Backflip","floor":2},{"not_picked":["Skewer","Calculated Gamble"],"picked":"Crippling Poison","floor":4},{"not_picked":["Backflip","Dash","Slice"],"picked":"SKIP","floor":5},{"not_picked":["Acrobatics","Terror"],"picked":"Blur","floor":7},{"not_picked":["Cloak And Dagger","Deflect","Dash"],"picked":"SKIP","floor":10},{"not_picked":["Outmaneuver","Accuracy","Infinite Blades"],"picked":"SKIP","floor":11},{"not_picked":["Reflex","Poisoned Stab"],"picked":"Bouncing Flask","floor":14},{"not_picked":["Unload","Burst"],"picked":"Wraith Form v2","floor":16},{"not_picked":["Outmaneuver","Setup"],"picked":"Deadly Poison","floor":17},{"not_picked":["Deadly Poison","Setup","Dagger Throw"],"picked":"SKIP","floor":18},{"not_picked":["Blur","Sucker Punch"],"picked":"PiercingWail+1","floor":19},{"not_picked":["Dagger Spray","Phantasmal Killer"],"picked":"Flechettes","floor":21},{"not_picked":["Eviscerate","Prepared+1"],"picked":"Calculated Gamble","floor":24},{"not_picked":["Slice","Calculated Gamble","Dagger Spray"],"picked":"SKIP","floor":28},{"not_picked":["Glass Knife","Reflex+1","Outmaneuver+1"],"picked":"SKIP","floor":29}],"player_experience":202773,"relics_obtained":[{"floor":7,"key":"Bag of Marbles"},{"floor":9,"key":"Whetstone"},{"floor":10,"key":"Centennial Puzzle"},{"floor":19,"key":"Red Mask"},{"floor":24,"key":"Du-Vu Doll"},{"floor":26,"key":"Regal Pillow"},{"floor":29,"key":"Toxic Egg 2"}],"event_choices":[{"damage_healed":0,"gold_gain":0,"player_choice":"1 cards matched","damage_taken":0,"max_hp_gain":0,"max_hp_loss":0,"event_name":"Match and Keep!","floor":3,"gold_loss":0,"cards_obtained":["After Image"]},{"cards_removed":["Defend_G"],"damage_healed":0,"gold_gain":0,"player_choice":"Card Removal","damage_taken":7,"max_hp_gain":0,"max_hp_loss":0,"event_name":"Golden Wing","floor":12,"gold_loss":0},{"damage_healed":0,"gold_gain":0,"player_choice":"Forge","damage_taken":0,"max_hp_gain":0,"max_hp_loss":0,"event_name":"Accursed Blacksmith","floor":13,"gold_loss":0,"cards_upgraded":["Panacea"]},{"damage_healed":0,"gold_gain":0,"player_choice":"Fought Bandits","damage_taken":0,"max_hp_gain":0,"max_hp_loss":0,"event_name":"Masked Bandits","floor":19,"gold_loss":0},{"damage_healed":0,"gold_gain":0,"player_choice":"Got Potions","damage_taken":0,"max_hp_gain":0,"max_hp_loss":0,"event_name":"Lab","floor":22,"gold_loss":0}],"is_beta":false,"boss_relics":[{"not_picked":["White Beast Statue","Pandora\u0027s Box"],"picked":"Orrery"}],"items_purged_floors":[20],"is_endless":false,"potions_floor_spawned":[2,5,10,14,19,24],"killed_by":"Shelled Parasite and Fungi","ascension_level":0}