{"gold_per_floor":[114,128,143,161,174,174,502,380,403,403,422,400,400,424,424,554,554,568,568,584,602,602,602,643,668,694,738,738,738,738,336,336,336],"floor_reached":33,"playtime":3487,"items_purged":["Strike_R","Second Wind"],"score":312,"play_id":"253ea299-ec9d-49e4-9420-8ae8619b9414","local_time":"20190103163219","is_ascension_mode":false,"campfire_choices":[{"data":"Armaments","floor":6,"key":"SMITH"},{"data":"Armaments","floor":10,"key":"SMITH"},{"floor":15,"key":"REST"},{"data":"Infernal Blade","floor":23,"key":"SMITH"},{"floor":28,"key":"REST"},{"floor":30,"key":"REST"},{"floor":32,"key":"REST"}],"neow_cost":"NONE","seed_source_timestamp":182935347398600,"circlet_count":0,"master_deck":["Strike_R","Strike_R","Strike_R","Strike_R","Defend_R","Defend_R","Defend_R","Defend_R","Bash","Armaments+1","Anger","Shrug It Off","Twin Strike","Armaments+1","Iron Wave+1","Seeing Red","Feed+1","Flex+1","Perfected Strike+1","Infernal Blade+1"],"relics":["Burning Blood","NeowsBlessing","Old Coin","Bag of Preparation","Golden Idol","Busted Crown","CultistMask","Ancient Tea Set","Centennial Puzzle","Whetstone","MutagenicStrength","Mercury Hourglass"],"potions_floor_usage":[16,16,24,25,27,33],"damage_taken":[{"damage":0,"enemies":"Jaw Worm","floor":1,"turns":1},{"damage":0,"enemies":"Cultist","floor":2,"turns":1},{"damage":0,"enemies":"2 Louse","floor":3,"turns":1},{"damage":1,"enemies":"2 Fungi Beasts","floor":4,"turns":4},{"damage":6,"enemies":"Blue Slaver","floor":5,"turns":5},{"damage":26,"enemies":"Gremlin Nob","floor":7,"turns":5},{"damage":12,"enemies":"Gremlin Gang","floor":11,"turns":5},{"damage":0,"enemies":"Looter","floor":14,"turns":2},{"damage":48,"enemies":"The Guardian","floor":16,"turns":13},{"damage":16,"enemies":"Shell Parasite","floor":18,"turns":8},{"damage":16,"enemies":"3 Byrds","floor":20,"turns":7},{"damage":5,"enemies":"Sentry and Sphere","floor":21,"turns":5},{"damage":42,"enemies":"Slavers","floor":24,"turns":5},{"damage":12,"enemies":"Centurion and Healer","floor":25,"turns":4},{"damage":27,"enemies":"Gremlin Leader","floor":27,"turns":7},{"damage":96,"enemies":"Champ","floor":33,"turns":9}],"seed_played":"3099458391465486497","potions_obtained":[{"floor":2,"key":"PowerPotion"},{"floor":5,"key":"Swift Potion"},{"floor":7,"key":"GamblersBrew"},{"floor":18,"key":"Poison Potion"},{"floor":20,"key":"FearPotion"}],"is_trial":false,"path_per_floor":["M","M","M","M","M","R","E","$","T","R","M","?","?","M","R","B",null,"M","?","M","M","?","R","E","M","T","E","R","?","R","$","R","B"],"character_chosen":"IRONCLAD","items_purchased":["Armaments","SteroidPotion","Mercury Hourglass"],"campfire_rested":4,"item_purchase_floors":[8,31,31],"current_hp_per_floor":[80,80,80,80,80,80,60,60,60,60,54,54,34,40,64,22,80,73,73,66,71,71,71,38,35,35,14,42,42,70,70,96,0],"gold":336,"neow_bonus":"THREE_ENEMY_KILL","is_prod":false,"is_daily":false,"chose_seed":false,"campfire_upgraded":3,"win_rate":0.0,"timestamp":1546533139,"path_taken":["M","M","M","M","M","R","E","$","T","R","M","?","?","M","R","BOSS","M","?","?","M","?","R","E","M","T","E","R","?","R","$","R","BOSS"],"build_version":"2018-12-20","purchased_purges":2,"victory":false,"max_hp_per_floor":[80,80,80,80,80,80,80,80,80,80,80,80,80,80,80,80,80,83,83,86,90,90,90,93,96,96,96,96,96,96,96,96,96],"card_choices":[{"not_picked":["Twin Strike","Body Slam"],"picked":"Armaments","floor":1},{"not_picked":["Corruption","Clash","True Grit"],"picked":"SKIP","floor":2},{"not_picked":["Flex","Body Slam"],"picked":"Anger","floor":3},{"not_picked":["Power Through","Fire Breathing"],"picked":"Shrug It Off","floor":4},{"not_picked":["Barricade","Flex"],"picked":"Twin Strike","floor":5},{"not_picked":["Clothesline","Barricade"],"picked":"Second Wind","floor":7},{"not_picked":["Thunderclap","Combust"],"picked":"Iron Wave","floor":11},{"not_picked":["Shrug It Off","Body Slam"],"picked":"Seeing Red","floor":14},{"not_picked":["Brutality","Fiend Fire"],"picked":"Feed","floor":16},{"not_picked":[],"picked":"Flex+1","floor":18},{"not_picked":[],"picked":"Perfected Strike+1","floor":20},{"not_picked":["Headbutt"],"picked":"SKIP","floor":21},{"not_picked":["Flex"],"picked":"SKIP","floor":24},{"not_picked":["Rage"],"picked":"SKIP","floor":25},{"not_picked":["Sever Soul"],"picked":"SKIP","floor":27}],"player_experience":31,"relics_obtained":[{"floor":7,"key":"Old Coin"},{"floor":9,"key":"Bag of Preparation"},{"floor":24,"key":"Ancient Tea Set"},{"floor":26,"key":"Centennial Puzzle"},{"floor":27,"key":"Whetstone"}],"event_choices":[{"damage_healed":0,"gold_gain":0,"player_choice":"Left Gold","damage_taken":0,"max_hp_gain":0,"max_hp_loss":0,"event_name":"World of Goop","floor":12,"gold_loss":22},{"damage_healed":0,"gold_gain":0,"player_choice":"Take Damage","damage_taken":20,"relics_obtained":["Golden Idol"],"max_hp_gain":0,"max_hp_loss":0,"event_name":"Golden Idol","floor":13,"gold_loss":0},{"damage_healed":0,"gold_gain":0,"player_choice":"Trade","damage_taken":0,"relics_obtained":["CultistMask"],"max_hp_gain":0,"max_hp_loss":0,"event_name":"FaceTrader","floor":19,"gold_loss":0},{"damage_healed":0,"gold_gain":0,"player_choice":"Read","damage_taken":0,"max_hp_gain":0,"max_hp_loss":0,"event_name":"The Library","floor":22,"gold_loss":0,"cards_obtained":["Infernal Blade"]},{"damage_healed":0,"gold_gain":0,"player_choice":"Inject Mutagens","damage_taken":0,"relics_obtained":["MutagenicStrength"],"max_hp_gain":0,"max_hp_loss":0,"event_name":"Drug Dealer","floor":29,"gold_loss":0}],"is_beta":false,"boss_relics":[{"not_picked":["Snecko Eye","Orrery"],"picked":"Busted Crown"}],"items_purged_floors":[8,31],"is_endless":false,"potions_floor_spawned":[2,5,7,18,20,21],"killed_by":"Champ","ascension_level":0}