{"gold_per_floor":[119,119,119,71,87,127,127,127,127,127,167,342,363,64,64,183,183,196,196,211,230,180,180,224,224],"floor_reached":25,"playtime":902,"items_purged":["Doubt","Defend_R"],"score":227,"play_id":"9edf404b-7bd2-4e10-ab1a-ff49c888de14","local_time":"20190128211711","is_ascension_mode":false,"campfire_choices":[{"floor":8,"key":"REST"},{"data":"Armaments","floor":10,"key":"SMITH"},{"floor":15,"key":"REST"},{"data":"Twin Strike","floor":23,"key":"SMITH"}],"neow_cost":"PERCENT_DAMAGE","seed_source_timestamp":790018329930536,"circlet_count":0,"master_deck":["Strike_R","Strike_R","Strike_R","Strike_R","Defend_R","Defend_R","Bash","Shrug It Off","Armaments+1","Limit Break","Twin Strike+1"],"relics":["Burning Blood","Frozen Egg 2","Golden Idol","Matryoshka","Smiling Mask","Mercury Hourglass","Anchor","Ornamental Fan","Kunai","Singing Bowl","Runic Cube","Bag of Preparation"],"potions_floor_usage":[6,16,24],"damage_taken":[{"damage":8,"enemies":"Small Slimes","floor":1,"turns":3},{"damage":1,"enemies":"Jaw Worm","floor":5,"turns":5},{"damage":28,"enemies":"Gremlin Nob","floor":6,"turns":5},{"damage":17,"enemies":"Lagavulin","floor":11,"turns":8},{"damage":0,"enemies":"2 Louse","floor":13,"turns":2},{"damage":64,"enemies":"Hexaghost","floor":16,"turns":13},{"damage":10,"enemies":"Chosen","floor":18,"turns":5},{"damage":13,"enemies":"Shell Parasite","floor":20,"turns":8},{"damage":25,"enemies":"Snecko","floor":21,"turns":8},{"damage":44,"enemies":"Slavers","floor":24,"turns":8},{"damage":12,"enemies":"Chosen and Byrds","floor":25,"turns":4}],"seed_played":"-8153299301055972232","potions_obtained":[{"floor":5,"key":"BloodPotion"},{"floor":11,"key":"Poison Potion"},{"floor":18,"key":"Fire Potion"}],"is_trial":false,"path_per_floor":["M","?","?","$","M","E","T","R","T","R","E","?","M","$","R","B",null,"M","?","M","M","$","R","E","M"],"character_chosen":"IRONCLAD","items_purchased":["Shrug It Off","Singing Bowl"],"campfire_rested":2,"item_purchase_floors":[4,14],"current_hp_per_floor":[54,36,36,36,41,26,26,48,48,48,37,37,43,43,65,7,74,72,72,67,48,48,48,12,0],"gold":224,"neow_bonus":"REMOVE_TWO","is_prod":false,"is_daily":false,"chose_seed":false,"campfire_upgraded":2,"win_rate":0,"timestamp":1548722831,"path_taken":["M","?","?","?","M","E","?","R","T","R","E","?","M","?","R","BOSS","M","?","?","M","?","R","E","M"],"build_version":"2019-01-23","purchased_purges":2,"victory":false,"max_hp_per_floor":[80,80,74,74,74,74,74,74,74,74,74,74,74,74,74,74,74,76,76,78,78,78,78,80,80],"card_choices":[{"not_picked":["Heavy Blade","Havoc","Iron Wave"],"picked":"SKIP","floor":1},{"not_picked":["Ghostly Armor","Sever Soul","Warcry"],"picked":"SKIP","floor":5},{"not_picked":["Twin Strike","Clothesline"],"picked":"Armaments","floor":6},{"not_picked":["Iron Wave","Headbutt","Perfected Strike"],"picked":"SKIP","floor":11},{"not_picked":["Armaments","Clothesline","Body Slam"],"picked":"SKIP","floor":13},{"not_picked":["Barricade+1","Dark Embrace+1"],"picked":"Double Tap","floor":16},{"not_picked":["Blood for Blood","Havoc","Evolve+1"],"picked":"Singing Bowl","floor":18},{"not_picked":["Sword Boomerang","Pummel","Whirlwind"],"picked":"Singing Bowl","floor":20},{"not_picked":["Wild Strike+1","Cleave"],"picked":"Twin Strike","floor":21},{"not_picked":["Havoc+1","Pommel Strike","Wild Strike+1"],"picked":"Singing Bowl","floor":24}],"player_experience":252690,"relics_obtained":[{"floor":6,"key":"Matryoshka"},{"floor":7,"key":"Smiling Mask"},{"floor":7,"key":"Mercury Hourglass"},{"floor":9,"key":"Anchor"},{"floor":9,"key":"Ornamental Fan"},{"floor":11,"key":"Kunai"},{"floor":24,"key":"Bag of Preparation"}],"event_choices":[{"damage_healed":0,"gold_gain":0,"player_choice":"Success","damage_taken":18,"relics_obtained":["Frozen Egg 2"],"max_hp_gain":0,"max_hp_loss":0,"event_name":"Scrap Ooze","floor":2,"gold_loss":0},{"damage_healed":0,"gold_gain":0,"player_choice":"Lose Max HP","damage_taken":0,"relics_obtained":["Golden Idol"],"max_hp_gain":0,"max_hp_loss":6,"event_name":"Golden Idol","floor":3,"gold_loss":0},{"damage_healed":0,"gold_gain":175,"player_choice":"AGREE","damage_taken":0,"max_hp_gain":0,"max_hp_loss":0,"event_name":"Liars Game","floor":12,"gold_loss":0,"cards_obtained":["Doubt"]},{"cards_removed":["Double Tap"],"damage_healed":0,"gold_gain":0,"player_choice":"Took Card","damage_taken":0,"max_hp_gain":0,"max_hp_loss":0,"event_name":"NoteForYourself","floor":19,"gold_loss":0,"cards_obtained":["Limit Break"]}],"is_beta":false,"boss_relics":[{"not_picked":["Lizard Tail","Busted Crown"],"picked":"Runic Cube"}],"items_purged_floors":[14,22],"is_endless":false,"potions_floor_spawned":[5,11,18],"killed_by":"Chosen and Byrds","ascension_level":0}