{"gold_per_floor":[113,129,61,61,61,93,106,135,182,201,201,212,223,242,242,339,339,339,339,339,339,339,339,339,283,283,283,283,283,283,283,283,283,283,283,283,243,243,105,105,105,105,105,105,105,105,105,105,105,105],"floor_reached":51,"playtime":3935,"items_purged":[],"score":651,"play_id":"98d58b66-b856-47be-bfd4-013871e40c22","local_time":"20190124182035","is_ascension_mode":false,"campfire_choices":[{"floor":11.0,"key":"REST"},{"floor":15.0,"key":"REST"},{"floor":24.0,"key":"REST"},{"floor":32.0,"key":"REST"},{"data":"1","floor":40.0,"key":"LIFT"},{"floor":42.0,"key":"REST"},{"data":"2","floor":47.0,"key":"LIFT"},{"floor":49.0,"key":"REST"}],"neow_cost":"NONE","seed_source_timestamp":0,"circlet_count":0,"master_deck":["Defend_G+1","Defend_G+1","Defend_G+1","Defend_G+1","Defend_G+1","Strike_G+1","Strike_G+1","Strike_G+1","Strike_G+1","Survivor","Neutralize","Flying Knee","Blade Dance","Noxious Fumes+1","Cloak And Dagger","Adrenaline","Dash","Accuracy","After Image","Backstab","Backflip+1","Endless Agony+1","Well Laid Plans","PiercingWail+1","Infinite Blades+1","Dagger Throw","A Thousand Cuts","Apotheosis","Dagger Spray+1","PiercingWail+1"],"special_seed":0,"relics":["Ring of the Snake","The Courier","Centennial Puzzle","Boot","Ectoplasm","Shuriken","Blue Candle","Girya","Busted Crown","Snake Skull"],"potions_floor_usage":[50,50,50],"damage_taken":[{"damage":0.0,"enemies":"2 Louse","floor":1.0,"turns":4.0},{"damage":0.0,"enemies":"Jaw Worm","floor":2.0,"turns":5.0},{"damage":28.0,"enemies":"Gremlin Nob","floor":6.0,"turns":5.0},{"damage":0.0,"enemies":"Cultist","floor":7.0,"turns":3.0},{"damage":21.0,"enemies":"3 Sentries","floor":8.0,"turns":6.0},{"damage":5.0,"enemies":"3 Louse","floor":10.0,"turns":3.0},{"damage":13.0,"enemies":"Lots of Slimes","floor":12.0,"turns":3.0},{"damage":2.0,"enemies":"Looter","floor":13.0,"turns":3.0},{"damage":9.0,"enemies":"Exordium Thugs","floor":14.0,"turns":4.0},{"damage":16.0,"enemies":"The Guardian","floor":16.0,"turns":11.0},{"damage":20.0,"enemies":"Chosen","floor":18.0,"turns":5.0},{"damage":4.0,"enemies":"3 Byrds","floor":20.0,"turns":5.0},{"damage":1.0,"enemies":"Shelled Parasite and Fungi","floor":22.0,"turns":7.0},{"damage":21.0,"enemies":"Gremlin Leader","floor":23.0,"turns":9.0},{"damage":13.0,"enemies":"Snake Plant","floor":27.0,"turns":3.0},{"damage":2.0,"enemies":"Centurion and Healer","floor":29.0,"turns":5.0},{"damage":0.0,"enemies":"Colosseum Slavers","floor":30.0,"turns":5.0},{"damage":8.0,"enemies":"Book of Stabbing","floor":31.0,"turns":4.0},{"damage":28.0,"enemies":"Automaton","floor":33.0,"turns":8.0},{"damage":7.0,"enemies":"3 Darklings","floor":35.0,"turns":5.0},{"damage":6.0,"enemies":"3 Shapes","floor":38.0,"turns":4.0},{"damage":19.0,"enemies":"Spire Growth","floor":41.0,"turns":4.0},{"damage":6.0,"enemies":"3 Darklings","floor":44.0,"turns":4.0},{"damage":5.0,"enemies":"Writhing Mass","floor":46.0,"turns":5.0},{"damage":0.0,"enemies":"Maw","floor":48.0,"turns":5.0},{"damage":60,"enemies":"Awakened One","floor":50,"turns":12}],"seed_played":"5422662104722274345","potions_obtained":[{"floor":2.0,"key":"LiquidBronze"},{"floor":7.0,"key":"FearPotion"},{"floor":13.0,"key":"AttackPotion"},{"floor":16.0,"key":"Explosive Potion"},{"floor":18.0,"key":"Swift Potion"},{"floor":41.0,"key":"LiquidBronze"}],"is_trial":false,"path_per_floor":["M","M","$","?","?","E","M","E","T","M","R","M","M","M","R","B",null,"M","?","M","?","M","E","R","$","T","M","?","M","?","E","R","B",null,"M","$","?","M","$","R","M","R","T","M","?","M","R","M","R","B",null],"character_chosen":"THE_SILENT","items_purchased":["Noxious Fumes","Well Laid Plans","Apotheosis"],"campfire_rested":6,"item_purchase_floors":[3,25,39],"current_hp_per_floor":[77,77,77,77,77,49,49,28,28,23,46,33,31,22,45,29,77,57,57,53,53,52,31,54,54,54,41,41,39,39,31,54,26,77,70,70,70,64,64,64,45,68,68,62,62,57,57,57,77,17],"gold":105,"neow_bonus":"TEN_PERCENT_HP_BONUS","is_prod":false,"is_daily":false,"chose_seed":false,"campfire_upgraded":0,"win_rate":0,"timestamp":1548375635,"path_taken":["M","M","$","?","?","E","M","E","T","M","R","M","?","M","R","BOSS","M","?","?","?","M","E","R","$","T","M","?","?","?","E","R","BOSS","M","$","?","M","?","R","M","R","T","?","?","M","R","?","R","BOSS"],"build_version":"2019-01-23","purchased_purges":0,"victory":true,"max_hp_per_floor":[77,77,77,77,77,77,77,77,77,77,77,77,77,77,77,77,77,77,77,77,77,77,77,77,77,77,77,77,77,77,77,77,77,77,77,77,77,77,77,77,77,77,77,77,77,77,77,77,77,77],"card_choices":[{"not_picked":["Backflip","Deadly Poison"],"picked":"Flying Knee","floor":1.0},{"not_picked":["Slice","Prepared"],"picked":"Blade Dance","floor":2.0},{"not_picked":["Flying Knee","Backflip"],"picked":"Cloak And Dagger","floor":6.0},{"not_picked":["Masterful Stab","Underhanded Strike","Eviscerate"],"picked":"SKIP","floor":7.0},{"not_picked":["Slice","Bouncing Flask","Expertise"],"picked":"SKIP","floor":8.0},{"not_picked":["Masterful Stab","Slice","Dodge and Roll"],"picked":"SKIP","floor":10.0},{"not_picked":["Setup","Dodge and Roll"],"picked":"Adrenaline","floor":12.0},{"not_picked":["Concentrate","Cloak And Dagger"],"picked":"Dash","floor":13.0},{"not_picked":["Sucker Punch","Dagger Throw"],"picked":"Accuracy","floor":14.0},{"not_picked":["Grand Finale","Glass Knife"],"picked":"After Image","floor":16.0},{"not_picked":["Setup","Backflip+1"],"picked":"Backstab","floor":18.0},{"not_picked":["Prepared","Riddle With Holes","Poisoned Stab"],"picked":"SKIP","floor":20.0},{"not_picked":["Masterful Stab","Blade Dance"],"picked":"Backflip+1","floor":22.0},{"not_picked":["Cloak And Dagger","Glass Knife"],"picked":"Endless Agony+1","floor":23.0},{"not_picked":["Underhanded Strike","Cloak And Dagger"],"picked":"PiercingWail+1","floor":27.0},{"not_picked":["Caltrops","Dash"],"picked":"Infinite Blades","floor":29.0},{"not_picked":["Backflip+1","Wraith Form v2"],"picked":"Dagger Throw","floor":31.0},{"not_picked":["Grand Finale","Unload"],"picked":"A Thousand Cuts","floor":33.0},{"not_picked":["Acrobatics"],"picked":"SKIP","floor":35.0},{"not_picked":["Slice"],"picked":"SKIP","floor":38.0},{"not_picked":["Slice"],"picked":"SKIP","floor":38.0},{"not_picked":["Backflip"],"picked":"SKIP","floor":41.0},{"not_picked":["Night Terror"],"picked":"SKIP","floor":44.0},{"not_picked":[],"picked":"Dagger Spray+1","floor":46.0},{"not_picked":[],"picked":"PiercingWail+1","floor":48.0}],"player_experience":305639,"relics_obtained":[{"floor":6.0,"key":"The Courier"},{"floor":8.0,"key":"Centennial Puzzle"},{"floor":9.0,"key":"Boot"},{"floor":23.0,"key":"Shuriken"},{"floor":26.0,"key":"Blue Candle"},{"floor":31.0,"key":"Girya"},{"floor":43.0,"key":"Snake Skull"}],"event_choices":[{"damage_healed":0.0,"max_hp_gain":0.0,"max_hp_loss":0.0,"gold_gain":0.0,"event_name":"Liars Game","player_choice":"Ignored","floor":4.0,"gold_loss":0.0,"damage_taken":0.0},{"damage_healed":0.0,"max_hp_gain":0.0,"max_hp_loss":0.0,"gold_gain":0.0,"event_name":"Accursed Blacksmith","player_choice":"Forge","floor":5.0,"gold_loss":0.0,"damage_taken":0.0,"cards_upgraded":["Noxious Fumes"]},{"cards_removed":["Strike_G"],"damage_healed":0.0,"max_hp_gain":0.0,"max_hp_loss":0.0,"gold_gain":0.0,"event_name":"Purifier","player_choice":"Purged","floor":19.0,"gold_loss":0.0,"damage_taken":0.0},{"damage_healed":0.0,"max_hp_gain":0.0,"max_hp_loss":0.0,"gold_gain":0.0,"event_name":"Back to Basics","player_choice":"Simplicity","floor":21.0,"gold_loss":0.0,"damage_taken":0.0,"cards_upgraded":["Defend_G","Defend_G","Defend_G","Defend_G","Defend_G","Strike_G","Strike_G","Strike_G","Strike_G"]},{"damage_healed":0.0,"max_hp_gain":0.0,"max_hp_loss":0.0,"gold_gain":0.0,"event_name":"NoteForYourself","player_choice":"Ignored","floor":28.0,"gold_loss":0.0,"damage_taken":0.0},{"damage_healed":0.0,"max_hp_gain":0.0,"max_hp_loss":0.0,"gold_gain":0.0,"event_name":"Colosseum","player_choice":"Fight","floor":30.0,"gold_loss":0.0,"damage_taken":0.0},{"damage_healed":0.0,"max_hp_gain":0.0,"max_hp_loss":0.0,"gold_gain":0.0,"event_name":"Colosseum","player_choice":"Fled From Nobs","floor":30.0,"gold_loss":0.0,"damage_taken":0.0},{"damage_healed":0.0,"max_hp_gain":0.0,"max_hp_loss":0.0,"gold_gain":0.0,"event_name":"Designer","player_choice":"Upgrade","floor":37.0,"gold_loss":40.0,"damage_taken":0.0,"cards_upgraded":["Infinite Blades"]},{"damage_healed":0.0,"max_hp_gain":0.0,"max_hp_loss":0.0,"gold_gain":0.0,"event_name":"Lab","player_choice":"Got Potions","floor":45.0,"gold_loss":0.0,"damage_taken":0.0}],"is_beta":false,"boss_relics":[{"not_picked":["Runic Dome","Sozu"],"picked":"Ectoplasm"},{"not_picked":["HoveringKite","Velvet Choker"],"picked":"Busted Crown"}],"items_purged_floors":[],"is_endless":false,"potions_floor_spawned":[2,7,13,16,18,22,33,35,41,44,48],"ascension_level":0}