{"gold_per_floor":[11,21,31,31,43,77,77,90,138,138,157,187,204,237,237,334,334,334,304,304,229,1,1,1,1,1,1,1,1,1,1,1,1,1,1,1,1,1,1,1,1,1,1,1,1,1,1,1,1,1],"floor_reached":50,"playtime":2960,"items_purged":["Strike_B"],"score":598,"play_id":"6e070262-0a40-4f95-8fe3-34eb9d774dbf","local_time":"20190128152536","is_ascension_mode":true,"campfire_choices":[{"floor":7,"key":"REST"},{"floor":10,"key":"REST"},{"data":"Biased Cognition","floor":15,"key":"SMITH"},{"data":"Fission","floor":23,"key":"SMITH"},{"floor":30,"key":"REST"},{"data":"Defragment","floor":32,"key":"SMITH"},{"data":"Electrodynamics","floor":40,"key":"SMITH"},{"data":"Zap","floor":44,"key":"SMITH"},{"floor":47,"key":"REST"},{"floor":49,"key":"REST"}],"neow_cost":"NO_GOLD","seed_source_timestamp":76624211925370,"circlet_count":0,"master_deck":["Defend_B","Defend_B","Defend_B","Defend_B","Zap+1","Dualcast","Electrodynamics+1","Self Repair","Capacitor","Defragment","Leap","Genetic Algorithm","Consume","Auto Shields","BootSequence","Biased Cognition+1","Defragment+1","Echo Form","Leap+1","Capacitor+1","Defragment+1","Fission+1","Compile Driver+1","Static Discharge","Electrodynamics+1","Ball Lightning+1","Leap","Thunder Strike+1","FTL+1","Stack","Barrage+1","Transmutation","Ball Lightning+1","Aggregate","Stack+1","Leap+1"],"relics":["Cracked Core","Sundial","Centennial Puzzle","Molten Egg 2","Pen Nib","Ectoplasm","Lantern","Inserter","Incense Burner"],"potions_floor_usage":[14,14,14,33,50,50],"damage_taken":[{"damage":0,"enemies":"Small Slimes","floor":1,"turns":2},{"damage":4,"enemies":"2 Louse","floor":2,"turns":2},{"damage":6,"enemies":"Jaw Worm","floor":3,"turns":4},{"damage":17,"enemies":"Large Slime","floor":5,"turns":5},{"damage":42,"enemies":"Gremlin Nob","floor":6,"turns":5},{"damage":11,"enemies":"Looter","floor":8,"turns":3},{"damage":5,"enemies":"Red Slaver","floor":11,"turns":4},{"damage":3,"enemies":"3 Sentries","floor":12,"turns":3},{"damage":2,"enemies":"3 Louse","floor":13,"turns":2},{"damage":22,"enemies":"Gremlin Nob","floor":14,"turns":5},{"damage":0,"enemies":"Slime Boss","floor":16,"turns":5},{"damage":0,"enemies":"Chosen","floor":18,"turns":4},{"damage":10,"enemies":"2 Thieves","floor":19,"turns":2},{"damage":17,"enemies":"Centurion and Healer","floor":20,"turns":5},{"damage":15,"enemies":"Colosseum Slavers","floor":27,"turns":4},{"damage":27,"enemies":"3 Cultists","floor":28,"turns":4},{"damage":13,"enemies":"Snake Plant","floor":29,"turns":4},{"damage":0,"enemies":"Cultist and Chosen","floor":31,"turns":3},{"damage":27,"enemies":"Collector","floor":33,"turns":8},{"damage":15,"enemies":"3 Darklings","floor":35,"turns":3},{"damage":6,"enemies":"3 Shapes","floor":36,"turns":2},{"damage":8,"enemies":"3 Darklings","floor":38,"turns":5},{"damage":10,"enemies":"Maw","floor":41,"turns":5},{"damage":13,"enemies":"Jaw Worm Horde","floor":42,"turns":4},{"damage":0,"enemies":"Sphere and 2 Shapes","floor":45,"turns":3},{"damage":32,"enemies":"Spire Growth","floor":46,"turns":4},{"damage":0,"enemies":"3 Darklings","floor":48,"turns":2},{"damage":70,"enemies":"Awakened One","floor":50,"turns":8}],"seed_played":"7247971336581223675","potions_obtained":[{"floor":1,"key":"LiquidBronze"},{"floor":6,"key":"Explosive Potion"},{"floor":11,"key":"SpeedPotion"},{"floor":16,"key":"Swift Potion"},{"floor":20,"key":"Strength Potion"},{"floor":28,"key":"SpeedPotion"},{"floor":31,"key":"EssenceOfSteel"},{"floor":38,"key":"SteroidPotion"},{"floor":46,"key":"Ancient Potion"},{"floor":48,"key":"Dexterity Potion"}],"is_trial":false,"path_per_floor":["M","M","M","?","M","E","R","M","T","R","M","E","M","E","R","B",null,"M","M","M","?","$","R","?","$","T","?","M","M","R","M","R","B",null,"M","M","?","M","?","R","M","M","T","R","M","M","R","M","R","B"],"character_chosen":"DEFECT","items_purchased":["Fission"],"campfire_rested":5,"item_purchase_floors":[22],"current_hp_per_floor":[75,75,75,75,65,30,52,48,48,70,72,75,73,58,58,65,75,75,65,48,48,48,48,48,48,48,33,20,21,43,50,50,30,75,60,54,54,60,60,60,57,51,51,51,51,26,48,48,70,0],"gold":1,"neow_bonus":"THREE_RARE_CARDS","is_prod":false,"is_daily":false,"chose_seed":false,"campfire_upgraded":5,"win_rate":0,"timestamp":1548656736,"path_taken":["M","M","M","?","M","E","R","M","T","R","M","E","M","E","R","BOSS","M","M","M","?","$","R","?","?","T","?","M","M","R","M","R","BOSS","M","M","?","?","?","R","M","M","T","R","M","M","R","M","R","BOSS"],"build_version":"2019-01-23","purchased_purges":1,"victory":false,"max_hp_per_floor":[75,75,75,75,75,75,75,75,75,75,75,75,75,75,75,75,75,75,75,75,75,75,75,75,75,75,75,75,75,75,75,75,75,75,75,75,75,75,75,75,75,75,75,75,75,75,75,75,75,75],"card_choices":[{"not_picked":["Multi-Cast","Amplify"],"picked":"Electrodynamics","floor":0},{"not_picked":["Chill","Skim"],"picked":"Self Repair","floor":1},{"not_picked":["Gash","Go for the Eyes"],"picked":"Capacitor","floor":2},{"not_picked":["Rebound","Turbo"],"picked":"Defragment","floor":3},{"not_picked":["Streamline","Turbo"],"picked":"Leap","floor":5},{"not_picked":["Tempest","Chill"],"picked":"Genetic Algorithm","floor":6},{"not_picked":["Glacier","Barrage"],"picked":"Consume","floor":8},{"not_picked":["Compile Driver","Barrage"],"picked":"Auto Shields","floor":11},{"not_picked":["Hologram","Turbo"],"picked":"BootSequence","floor":12},{"not_picked":["Aggregate","Turbo"],"picked":"Biased Cognition","floor":13},{"not_picked":["BootSequence","Compile Driver+1"],"picked":"Defragment","floor":14},{"not_picked":["Reboot","Creative AI"],"picked":"Echo Form","floor":16},{"not_picked":["Ball Lightning+1","Steam Power"],"picked":"Leap+1","floor":18},{"not_picked":["Barrage+1","Reprogram"],"picked":"Capacitor+1","floor":19},{"not_picked":["Sweeping Beam+1","Coolheaded"],"picked":"Defragment+1","floor":20},{"not_picked":["Cold Snap+1","Chaos"],"picked":"Electrodynamics","floor":28},{"not_picked":["Beam Cell+1","Cold Snap+1"],"picked":"Ball Lightning+1","floor":29},{"not_picked":["Rebound+1","Hologram"],"picked":"Leap","floor":31},{"not_picked":["All For One+1","Amplify"],"picked":"Thunder Strike+1","floor":33},{"not_picked":["Steam","Double Energy"],"picked":"FTL+1","floor":35},{"not_picked":["Go for the Eyes+1","Barrage+1"],"picked":"Stack","floor":36},{"not_picked":["Storm","Ball Lightning+1"],"picked":"Barrage+1","floor":38},{"not_picked":["The Bomb","Madness"],"picked":"Transmutation","floor":39},{"not_picked":["Rip and Tear+1","Reprogram"],"picked":"Ball Lightning+1","floor":41},{"not_picked":["Leap","Compile Driver+1","Gash+1"],"picked":"SKIP","floor":42},{"not_picked":["Go for the Eyes+1","Hologram+1"],"picked":"Aggregate","floor":45},{"not_picked":["Gash+1","Fusion+1"],"picked":"Stack+1","floor":46},{"not_picked":["Double Energy+1","Darkness"],"picked":"Leap+1","floor":48}],"player_experience":85213,"relics_obtained":[{"floor":6,"key":"Sundial"},{"floor":9,"key":"Centennial Puzzle"},{"floor":12,"key":"Molten Egg 2"},{"floor":14,"key":"Pen Nib"},{"floor":26,"key":"Lantern"},{"floor":43,"key":"Incense Burner"}],"event_choices":[{"damage_healed":0,"gold_gain":0,"player_choice":"Leave","damage_taken":0,"max_hp_gain":0,"max_hp_loss":0,"event_name":"The Cleric","floor":4,"gold_loss":0},{"cards_removed":["Strike_B"],"damage_healed":0,"gold_gain":0,"player_choice":"Gave Gold","damage_taken":0,"max_hp_gain":0,"max_hp_loss":0,"event_name":"Beggar","floor":21,"gold_loss":75},{"damage_healed":0,"gold_gain":0,"cards_transformed":["Strike_B","Strike_B"],"player_choice":"Became Test Subject","damage_taken":0,"max_hp_gain":0,"max_hp_loss":0,"event_name":"Drug Dealer","floor":24,"gold_loss":0,"cards_obtained":["Compile Driver","Static Discharge"]},{"damage_healed":0,"gold_gain":0,"player_choice":"Fight","damage_taken":0,"max_hp_gain":0,"max_hp_loss":0,"event_name":"Colosseum","floor":27,"gold_loss":0},{"damage_healed":0,"gold_gain":0,"player_choice":"Fled From Nobs","damage_taken":0,"max_hp_gain":0,"max_hp_loss":0,"event_name":"Colosseum","floor":27,"gold_loss":0},{"damage_healed":0,"gold_gain":0,"player_choice":"Upgraded","damage_taken":0,"max_hp_gain":0,"max_hp_loss":0,"event_name":"Upgrade Shrine","floor":37,"gold_loss":0,"cards_upgraded":["Electrodynamics"]},{"damage_healed":0,"gold_gain":0,"player_choice":"Memory 1","damage_taken":0,"max_hp_gain":0,"max_hp_loss":0,"event_name":"SensoryStone","floor":39,"gold_loss":0}],"is_beta":false,"boss_relics":[{"not_picked":["Empty Cage","Lizard Tail"],"picked":"Ectoplasm"},{"not_picked":["Runic Dome","Philosopher\u0027s Stone"],"picked":"Inserter"}],"items_purged_floors":[22],"is_endless":false,"potions_floor_spawned":[1,6,11,16,20,28,31,38,42,45,46,48],"killed_by":"Awakened One","ascension_level":1}