{"gold_per_floor":[116,135,2,77,77,77,27,46,46,46,56,73,73,93,93,93],"floor_reached":16,"playtime":593,"items_purged":[],"score":129,"play_id":"53631d51-c610-4f84-b2cd-54c322a65ea0","local_time":"20190129200828","is_ascension_mode":true,"campfire_choices":[{"data":"Neutralize","floor":6.0,"key":"SMITH"},{"data":"Neutralize","floor":13,"key":"SMITH"},{"floor":15,"key":"REST"}],"neow_cost":"NONE","seed_source_timestamp":0,"circlet_count":0,"master_deck":["Defend_G","Defend_G+1","Defend_G","Defend_G","Defend_G","Strike_G","Strike_G","Strike_G","Strike_G","Survivor","Neutralize+1","Adrenaline","Bouncing Flask","Good Instincts","Poisoned Stab","Neutralize+1","Flying Knee","Bane","Poisoned Stab"],"special_seed":0,"relics":["Ring of the Snake","Bottled Flame"],"potions_floor_usage":[16],"damage_taken":[{"damage":0.0,"enemies":"Jaw Worm","floor":1.0,"turns":4.0},{"damage":5.0,"enemies":"2 Louse","floor":2.0,"turns":2.0},{"damage":0.0,"enemies":"Small Slimes","floor":8.0,"turns":2.0},{"damage":0,"enemies":"Gremlin Gang","floor":11,"turns":6},{"damage":0,"enemies":"Exordium Wildlife","floor":12,"turns":3},{"damage":17,"enemies":"Large Slime","floor":14,"turns":7},{"damage":39,"enemies":"Slime Boss","floor":16,"turns":8}],"seed_played":"-3060216254681324883","potions_obtained":[{"floor":8.0,"key":"GhostInAJar"}],"is_trial":false,"path_per_floor":["M","M","$","?","?","R","?","M","T","?","M","M","R","M","R","B"],"character_chosen":"THE_SILENT","items_purchased":["Good Instincts","Poisoned Stab"],"campfire_rested":1,"item_purchase_floors":[3,3],"current_hp_per_floor":[63,58,58,47,33,33,33,33,33,33,33,33,33,16,37,0],"gold":93,"neow_bonus":"ONE_RANDOM_RARE_CARD","is_prod":false,"is_daily":false,"chose_seed":false,"campfire_upgraded":2,"win_rate":0,"timestamp":1548752908,"path_taken":["M","M","$","?","?","R","?","M","T","?","M","M","R","?","R","BOSS"],"build_version":"2019-01-23","purchased_purges":0,"victory":false,"max_hp_per_floor":[70,70,70,70,70,70,70,70,70,70,70,70,70,70,70,70],"card_choices":[{"not_picked":["Dagger Throw","Outmaneuver"],"picked":"Bouncing Flask","floor":1.0},{"not_picked":["Caltrops","Underhanded Strike","Prepared"],"picked":"SKIP","floor":2.0},{"not_picked":["Expertise","Quick Slash","Reflex"],"picked":"SKIP","floor":8.0},{"not_picked":["Backstab","Slice"],"picked":"Flying Knee","floor":11},{"not_picked":["Eviscerate","Calculated Gamble"],"picked":"Bane","floor":12},{"not_picked":["Blade Dance","Prepared"],"picked":"Poisoned Stab","floor":14}],"player_experience":678983,"relics_obtained":[{"floor":9.0,"key":"Bottled Flame"}],"event_choices":[{"damage_healed":0.0,"max_hp_gain":0.0,"max_hp_loss":0.0,"gold_gain":75.0,"event_name":"World of Goop","player_choice":"Gather Gold","floor":4.0,"gold_loss":0.0,"damage_taken":11.0},{"damage_healed":0.0,"max_hp_gain":0.0,"max_hp_loss":0.0,"gold_gain":0.0,"event_name":"Shining Light","player_choice":"Entered Light","floor":5.0,"gold_loss":0.0,"damage_taken":14.0,"cards_upgraded":["Strike_G","Defend_G"]},{"cards_removed":["Strike_G"],"damage_healed":0.0,"max_hp_gain":0.0,"max_hp_loss":0.0,"gold_gain":0.0,"event_name":"The Cleric","player_choice":"Card Removal","floor":7.0,"gold_loss":50.0,"damage_taken":0.0},{"damage_healed":0.0,"max_hp_gain":0.0,"max_hp_loss":0.0,"gold_gain":0.0,"event_name":"Match and Keep!","player_choice":"1 cards matched","floor":10.0,"gold_loss":0.0,"damage_taken":0.0,"cards_obtained":["Neutralize"]}],"is_beta":false,"boss_relics":[],"items_purged_floors":[],"is_endless":false,"potions_floor_spawned":[8],"killed_by":"Slime Boss","ascension_level":8}