{"gold_per_floor":[109,59,79,94,104,29,45,64,115,132,492,359,459,470,470,470],"floor_reached":16,"playtime":2195,"items_purged":["Defend_G","Strike_G"],"score":96,"play_id":"dc7efe49-c514-4655-8f70-2ea4d883e1f8","local_time":"20190126013232","is_ascension_mode":false,"campfire_choices":[{"floor":15,"key":"REST"}],"neow_cost":"NONE","seed_source_timestamp":544837023478509,"circlet_count":0,"master_deck":["Defend_G","Defend_G","Defend_G","Defend_G","Strike_G","Strike_G","Strike_G","Survivor","Neutralize+1","Backflip","Infinite Blades","Venomology","Backflip","Infinite Blades"],"relics":["Ring of the Snake","Old Coin"],"potions_floor_usage":[10,11,14,16,16,16,16],"damage_taken":[{"damage":0,"enemies":"Cultist","floor":1,"turns":4},{"damage":0,"enemies":"Jaw Worm","floor":3,"turns":5},{"damage":2,"enemies":"Small Slimes","floor":4,"turns":4},{"damage":26,"enemies":"Gremlin Gang","floor":5,"turns":9},{"damage":8,"enemies":"Large Slime","floor":7,"turns":10},{"damage":8,"enemies":"2 Fungi Beasts","floor":8,"turns":4},{"damage":2,"enemies":"Looter","floor":10,"turns":3},{"damage":21,"enemies":"3 Sentries","floor":11,"turns":9},{"damage":1,"enemies":"3 Louse","floor":14,"turns":5},{"damage":25,"enemies":"Slime Boss","floor":16,"turns":9}],"seed_played":"-9120350831664055250","potions_obtained":[{"floor":4,"key":"SteroidPotion"},{"floor":7,"key":"Explosive Potion"},{"floor":8,"key":"LiquidBronze"}],"is_trial":false,"path_per_floor":["M","?","M","M","M","$","M","M","T","M","?","$","?","M","R","B"],"character_chosen":"THE_SILENT","items_purchased":["Infinite Blades"],"campfire_rested":1,"item_purchase_floors":[12],"current_hp_per_floor":[70,70,70,68,42,42,34,26,26,24,3,3,3,2,23,0],"gold":470,"neow_bonus":"UPGRADE_CARD","is_prod":false,"is_daily":false,"chose_seed":false,"campfire_upgraded":0,"win_rate":0,"timestamp":1548478952,"path_taken":["M","?","M","M","M","$","M","M","T","M","?","$","?","?","R","BOSS"],"build_version":"2019-01-23","purchased_purges":2,"victory":false,"max_hp_per_floor":[70,70,70,70,70,70,70,70,70,70,70,70,70,70,70,70],"card_choices":[{"not_picked":["Poisoned Stab","Dagger Spray","Reflex"],"picked":"SKIP","floor":1},{"not_picked":["Deflect","Slice"],"picked":"Backflip","floor":3},{"not_picked":["Backstab","Dagger Throw","Sucker Punch"],"picked":"SKIP","floor":4},{"not_picked":["Escape Plan","Flying Knee"],"picked":"Infinite Blades","floor":5},{"not_picked":["Sucker Punch","Slice","Quick Slash"],"picked":"SKIP","floor":7},{"not_picked":["Deflect","PiercingWail"],"picked":"Venomology","floor":8},{"not_picked":["Sucker Punch","Acrobatics","Leg Sweep"],"picked":"SKIP","floor":10},{"not_picked":["All Out Attack","Outmaneuver"],"picked":"Backflip","floor":11},{"not_picked":["Skewer","Setup","Dagger Throw"],"picked":"SKIP","floor":14}],"player_experience":218401,"relics_obtained":[{"floor":11,"key":"Old Coin"}],"event_choices":[{"cards_removed":["Strike_G"],"damage_healed":0,"gold_gain":0,"player_choice":"Card Removal","damage_taken":0,"max_hp_gain":0,"max_hp_loss":0,"event_name":"The Cleric","floor":2,"gold_loss":50},{"damage_healed":0,"gold_gain":0,"player_choice":"Searched \u00271\u0027 times","damage_taken":0,"max_hp_gain":0,"max_hp_loss":0,"event_name":"Dead Adventurer","floor":11,"gold_loss":0},{"damage_healed":0,"gold_gain":100,"player_choice":"Pray","damage_taken":0,"max_hp_gain":0,"max_hp_loss":0,"event_name":"Golden Shrine","floor":13,"gold_loss":0}],"is_beta":false,"boss_relics":[],"items_purged_floors":[6,12],"is_endless":false,"potions_floor_spawned":[4,7,8,14],"killed_by":"Slime Boss","ascension_level":0}