{"gold_per_floor":[112,62,62,137,99,128,128,139,139,159,159,192,40,51,51,154,154,154,154,154,154,154,154,154,154,154,154,154,42,42,42,42,42,42,42,42,42,42,42,42,42,42,42,42,42,42,42,42,42,42],"floor_reached":51,"playtime":2141,"items_purged":["Strike_R"],"score":832,"play_id":"08e11df0-5897-44a8-9030-76af2e3f46e5","local_time":"20190124133428","is_ascension_mode":true,"campfire_choices":[{"floor":11.0,"key":"REST"},{"floor":15,"key":"REST"},{"floor":23,"key":"REST"},{"floor":25,"key":"REST"},{"floor":32,"key":"REST"},{"floor":40,"key":"REST"},{"data":"Armaments","floor":42,"key":"SMITH"},{"floor":47,"key":"REST"},{"floor":49,"key":"REST"}],"neow_cost":"NONE","seed_source_timestamp":0,"circlet_count":0,"master_deck":["Defend_R","Defend_R","Bash","Dropkick","Double Tap","Double Tap","Thunderclap","Rage","Shrug It Off","Pummel","Demon Form+1","Seeing Red","Infernal Blade+1","Ghostly Armor","Flame Barrier","Armaments+1","Shockwave","Disarm","Uppercut","Immolate","Heavy Blade+1","Flex+1","Spot Weakness+1","Flex+1","Limit Break","Flame Barrier"],"special_seed":0,"relics":["Burning Blood","Mercury Hourglass","Lantern","Bottled Flame","Ancient Tea Set","Ectoplasm","Tiny Chest","Dream Catcher","Philosopher\u0027s Stone","The Courier","Regal Pillow","Centennial Puzzle"],"potions_floor_usage":[45,50,50],"damage_taken":[{"damage":7.0,"enemies":"2 Louse","floor":1.0,"turns":4.0},{"damage":60.0,"enemies":"3 Sentries","floor":6.0,"turns":15.0},{"damage":0.0,"enemies":"Jaw Worm","floor":8.0,"turns":3.0},{"damage":1.0,"enemies":"Cultist","floor":10.0,"turns":3.0},{"damage":29.0,"enemies":"Gremlin Nob","floor":12.0,"turns":4.0},{"damage":5,"enemies":"Looter","floor":14,"turns":3},{"damage":17,"enemies":"Slime Boss","floor":16,"turns":10},{"damage":18,"enemies":"Spheric Guardian","floor":18,"turns":6},{"damage":7,"enemies":"Chosen","floor":20,"turns":4},{"damage":22,"enemies":"Centurion and Healer","floor":22,"turns":5},{"damage":48,"enemies":"Slavers","floor":24,"turns":8},{"damage":22,"enemies":"Snecko","floor":27,"turns":4},{"damage":30,"enemies":"Snake Plant","floor":28,"turns":4},{"damage":26,"enemies":"Champ","floor":33,"turns":9},{"damage":12,"enemies":"3 Darklings","floor":35,"turns":3},{"damage":10,"enemies":"Orb Walker","floor":36,"turns":3},{"damage":37,"enemies":"Sphere and 2 Shapes","floor":37,"turns":6},{"damage":4,"enemies":"4 Shapes","floor":38,"turns":6},{"damage":29,"enemies":"Transient","floor":44,"turns":5},{"damage":39,"enemies":"Jaw Worm Horde","floor":45,"turns":5},{"damage":48,"enemies":"Giant Head","floor":48,"turns":7},{"damage":46,"enemies":"Awakened One","floor":50,"turns":10}],"seed_played":"3068647584697443171","potions_obtained":[{"floor":6.0,"key":"Fire Potion"},{"floor":12,"key":"GamblersBrew"},{"floor":14,"key":"Ancient Potion"},{"floor":16,"key":"Ancient Potion"},{"floor":24,"key":"Poison Potion"},{"floor":27,"key":"Dexterity Potion"},{"floor":33,"key":"Weak Potion"},{"floor":35,"key":"Energy Potion"},{"floor":48,"key":"Energy Potion"}],"is_trial":false,"path_per_floor":["M","?","?","?","$","E","?","M","T","M","R","E","$","M","R","B",null,"M","T","M","?","M","R","E","R","T","M","M","$","?","?","R","B",null,"M","M","M","M","?","R","?","R","T","M","M","T","R","E","R","B",null],"character_chosen":"IRONCLAD","items_purchased":["Dropkick","Ancient Tea Set","Shockwave"],"campfire_rested":8,"item_purchase_floors":[5,13,29],"current_hp_per_floor":[87,87,80,69,69,15,15,21,21,26,52,29,29,30,56,45,88,76,76,75,75,59,85,43,69,69,53,29,29,29,29,55,35,88,82,78,47,49,49,75,75,75,75,52,19,19,60,18,59,19],"gold":42,"neow_bonus":"TEN_PERCENT_HP_BONUS","is_prod":false,"is_daily":false,"chose_seed":false,"campfire_upgraded":1,"win_rate":0,"timestamp":1548354868,"path_taken":["M","?","?","?","$","E","?","?","T","M","R","E","?","M","R","BOSS","M","?","M","?","M","R","E","R","T","?","M","$","?","?","R","BOSS","M","M","M","M","?","R","?","R","T","M","M","?","R","E","R","BOSS"],"build_version":"2019-01-23","purchased_purges":1,"victory":true,"max_hp_per_floor":[88,88,88,88,88,88,88,88,88,88,88,88,88,88,88,88,88,88,88,88,88,88,88,88,88,88,88,88,88,88,88,88,88,88,88,88,88,88,88,88,88,88,88,88,88,88,88,88,88,88],"card_choices":[{"not_picked":["Sword Boomerang","Hemokinesis","Perfected Strike"],"picked":"SKIP","floor":1.0},{"not_picked":["Uppercut","Rupture"],"picked":"Double Tap","floor":6.0},{"not_picked":["Evolve","Iron Wave"],"picked":"Thunderclap","floor":8.0},{"not_picked":["Pommel Strike","Anger"],"picked":"Rage","floor":10.0},{"not_picked":["Ghostly Armor","Havoc"],"picked":"Shrug It Off","floor":12},{"not_picked":["Clash","Anger"],"picked":"Pummel","floor":14},{"not_picked":["Double Tap","Limit Break"],"picked":"Demon Form","floor":16},{"not_picked":["Perfected Strike","Pommel Strike+1"],"picked":"Seeing Red","floor":18},{"not_picked":["Headbutt","Perfected Strike"],"picked":"Infernal Blade+1","floor":20},{"not_picked":["Thunderclap","Wild Strike","Power Through"],"picked":"SKIP","floor":22},{"not_picked":["Clothesline+1","Pommel Strike"],"picked":"Ghostly Armor","floor":24},{"not_picked":["Headbutt","Rage"],"picked":"Flame Barrier","floor":25},{"not_picked":["Feel No Pain","Clash"],"picked":"Armaments","floor":27},{"not_picked":["Anger+1","Headbutt","Ghostly Armor"],"picked":"SKIP","floor":28},{"not_picked":["Dark Embrace","Exhume"],"picked":"Immolate","floor":33},{"not_picked":["Body Slam+1","Flex+1"],"picked":"Heavy Blade+1","floor":35},{"not_picked":["Feel No Pain","Cleave","Sword Boomerang+1"],"picked":"SKIP","floor":36},{"not_picked":["Pommel Strike","Sentinel","Clothesline"],"picked":"SKIP","floor":37},{"not_picked":["Perfected Strike+1","Sword Boomerang"],"picked":"Flex+1","floor":38},{"not_picked":["Clash","Rampage+1"],"picked":"Spot Weakness+1","floor":40},{"not_picked":["Uppercut+1","Clothesline"],"picked":"Flex+1","floor":44},{"not_picked":["Disarm","Infernal Blade"],"picked":"Limit Break","floor":45},{"not_picked":["Shrug It Off","Pommel Strike"],"picked":"Flame Barrier","floor":47},{"not_picked":["Evolve+1","Rampage","Second Wind"],"picked":"SKIP","floor":48}],"player_experience":122260,"relics_obtained":[{"floor":6.0,"key":"Mercury Hourglass"},{"floor":9.0,"key":"Lantern"},{"floor":12,"key":"Bottled Flame"},{"floor":19,"key":"Tiny Chest"},{"floor":24,"key":"Dream Catcher"},{"floor":43,"key":"The Courier"},{"floor":46,"key":"Regal Pillow"},{"floor":48,"key":"Centennial Puzzle"}],"event_choices":[{"cards_removed":["Strike_R"],"damage_healed":0.0,"max_hp_gain":0.0,"max_hp_loss":0.0,"gold_gain":0.0,"event_name":"The Cleric","player_choice":"Card Removal","floor":2.0,"gold_loss":50.0,"damage_taken":0.0},{"cards_removed":["Strike_R"],"damage_healed":0.0,"max_hp_gain":0.0,"max_hp_loss":0.0,"gold_gain":0.0,"event_name":"Golden Wing","player_choice":"Card Removal","floor":3.0,"gold_loss":0.0,"damage_taken":7.0},{"damage_healed":0.0,"max_hp_gain":0.0,"max_hp_loss":0.0,"gold_gain":75.0,"event_name":"World of Goop","player_choice":"Gather Gold","floor":4.0,"gold_loss":0.0,"damage_taken":11.0},{"damage_healed":0.0,"max_hp_gain":0.0,"max_hp_loss":0.0,"gold_gain":0.0,"cards_transformed":["Strike_R"],"event_name":"Transmorgrifier","player_choice":"Transformed","floor":7.0,"gold_loss":0.0,"damage_taken":0.0,"cards_obtained":["Double Tap"]},{"damage_healed":0,"gold_gain":0,"player_choice":"Upgraded","damage_taken":0,"max_hp_gain":0,"max_hp_loss":0,"event_name":"Upgrade Shrine","floor":21,"gold_loss":0,"cards_upgraded":["Demon Form"]},{"damage_healed":0,"gold_gain":99,"player_choice":"Stole From Cult","damage_taken":0,"max_hp_gain":0,"max_hp_loss":0,"event_name":"Nest","floor":30,"gold_loss":0},{"damage_healed":0,"gold_gain":0,"cards_transformed":["Strike_R","Defend_R"],"player_choice":"Became Test Subject","damage_taken":0,"max_hp_gain":0,"max_hp_loss":0,"event_name":"Drug Dealer","floor":31,"gold_loss":0,"cards_obtained":["Disarm","Uppercut"]},{"damage_healed":0,"gold_gain":0,"player_choice":"Ignored","damage_taken":0,"max_hp_gain":0,"max_hp_loss":0,"event_name":"Mysterious Sphere","floor":39,"gold_loss":0},{"cards_removed":["Defend_R"],"damage_healed":0,"gold_gain":0,"player_choice":"Removed Skill","damage_taken":0,"max_hp_gain":0,"max_hp_loss":0,"event_name":"Falling","floor":41,"gold_loss":0}],"is_beta":false,"boss_relics":[{"not_picked":["Runic Pyramid","Runic Cube"],"picked":"Ectoplasm"},{"not_picked":["Pandora\u0027s Box","Orrery"],"picked":"Philosopher\u0027s Stone"}],"items_purged_floors":[29],"is_endless":false,"potions_floor_spawned":[6,12,14,16,24,27,28,33,35,36,48],"ascension_level":3}