{"gold_per_floor":[14,31,31,48,48,48,68,68,68,86,11,11,11,25,25,122,172,190,90,103,121,196,196,226,244,267,287,287,303,303,313,313,411,411,430,106,106,106,122,122,140,140,140,140,154,154,173,188,188,188],"floor_reached":50,"playtime":2870,"items_purged":["Strike_B","Defend_B","Defend_B"],"score":460,"play_id":"916a2380-d9bf-41b2-94c9-243d4137f1aa","local_time":"20180721153322","is_ascension_mode":false,"campfire_choices":[{"data":"Zap","floor":6.0,"key":"SMITH"},{"data":"Leap","floor":8.0,"key":"SMITH"},{"data":"Defragment","floor":13.0,"key":"SMITH"},{"data":"Ball Lightning","floor":15.0,"key":"SMITH"},{"floor":23.0,"key":"REST"},{"floor":28.0,"key":"REST"},{"data":"Leap","floor":30.0,"key":"SMITH"},{"data":"Go for the Eyes","floor":32.0,"key":"SMITH"},{"floor":40.0,"key":"REST"},{"floor":42.0,"key":"REST"},{"floor":49,"key":"REST"}],"neow_cost":"NO_GOLD","seed_source_timestamp":0,"circlet_count":0,"master_deck":["Defend_B","Defend_B","Zap+1","Dualcast","Doom and Gloom","Leap+1","Defragment+1","Ball Lightning+1","Machine Learning+1","Self Repair","Go for the Eyes+1","Go for the Eyes","Gash+1","Leap+1","Rebound+1","All For One","Gash","All For One","Beam Cell+1","Steam+1","Doubt","Leap+1","Beam Cell"],"special_seed":0,"relics":["Cracked Core","Regal Pillow","Tiny House","Frozen Egg 2","Anchor","White Beast Statue","Bag of Preparation"],"potions_floor_usage":[],"damage_taken":[{"damage":2.0,"enemies":"Small Slimes","floor":1.0,"turns":4.0},{"damage":1.0,"enemies":"Cultist","floor":2.0,"turns":4.0},{"damage":1.0,"enemies":"Jaw Worm","floor":4.0,"turns":4.0},{"damage":0.0,"enemies":"3 Louse","floor":7.0,"turns":2.0},{"damage":0.0,"enemies":"Looter","floor":10.0,"turns":3.0},{"damage":3.0,"enemies":"Exordium Wildlife","floor":14.0,"turns":4.0},{"damage":43.0,"enemies":"Hexaghost","floor":16.0,"turns":8.0},{"damage":22.0,"enemies":"Spheric Guardian","floor":18.0,"turns":5.0},{"damage":7.0,"enemies":"Shell Parasite","floor":20.0,"turns":5.0},{"damage":11.0,"enemies":"Centurion and Healer","floor":21.0,"turns":6.0},{"damage":31.0,"enemies":"Book of Stabbing","floor":24.0,"turns":6.0},{"damage":16.0,"enemies":"Snecko","floor":25.0,"turns":5.0},{"damage":14.0,"enemies":"3 Cultists","floor":27.0,"turns":4.0},{"damage":1.0,"enemies":"Centurion and Healer","floor":29.0,"turns":5.0},{"damage":22.0,"enemies":"Snecko","floor":31.0,"turns":5.0},{"damage":13.0,"enemies":"Champ","floor":33.0,"turns":10.0},{"damage":48.0,"enemies":"Flame Bruiser 1 Orb","floor":35.0,"turns":7.0},{"damage":33.0,"enemies":"3 Darklings","floor":39.0,"turns":6.0},{"damage":5.0,"enemies":"Sphere and 2 Shapes","floor":41.0,"turns":4.0},{"damage":21.0,"enemies":"4 Shapes","floor":45.0,"turns":8.0},{"damage":34.0,"enemies":"Flame Bruiser 2 Orb","floor":46.0,"turns":5.0},{"damage":4,"enemies":"Flame Bruiser 2 Orb","floor":47,"turns":4},{"damage":38,"enemies":"Sphere and 2 Shapes","floor":48,"turns":8},{"damage":59,"enemies":"Awakened One","floor":50,"turns":6}],"seed_played":"4563296060977939715","potions_obtained":[{"floor":1.0,"key":"FearPotion"},{"floor":2.0,"key":"LiquidBronze"},{"floor":7.0,"key":"Energy Potion"},{"floor":10.0,"key":"Energy Potion"}],"is_trial":false,"path_per_floor":["M","M","?","M","?","R","M","R","T","M","$","?","R","M","R","B",null,"M","$","M","M","?","R","E","M","T","M","R","M","R","M","R","B",null,"M","$","?","?","M","R","M","R","T","?","M","?","M","M","R"],"character_chosen":"DEFECT","items_purchased":["Gash","All For One"],"campfire_rested":5,"item_purchase_floors":[36,36],"current_hp_per_floor":[73,72,72,71,71,71,71,71,71,71,71,76,76,73,73,30,85,70,70,70,66,58,85,61,52,52,45,85,85,85,70,70,64,85,44,44,44,44,18,58,53,85,85,85,71,44,47,16,56,0],"gold":188,"neow_bonus":"REMOVE_TWO","is_prod":false,"is_daily":false,"chose_seed":false,"campfire_upgraded":6,"win_rate":0.0,"timestamp":1532158402,"path_taken":["M","M","?","M","?","R","M","R","T","?","$","?","R","M","R","BOSS","M","$","M","M","?","R","E","M","T","M","R","M","R","M","R","BOSS","M","$","?","?","M","R","M","R","T","?","M","?","M","M","R","BOSS"],"build_version":"2018-07-19v2","purchased_purges":3,"victory":false,"max_hp_per_floor":[75,75,75,75,75,75,75,75,75,75,75,80,80,80,80,80,85,85,85,85,85,85,85,85,85,85,85,85,85,85,85,85,85,85,85,85,85,85,85,85,85,85,85,85,85,85,85,85,85,85],"card_choices":[{"not_picked":["Chaos","Lockon"],"picked":"Doom and Gloom","floor":1.0},{"not_picked":["Cold Snap","Reprogram","Steam Power"],"picked":"SKIP","floor":2.0},{"not_picked":["Cold Snap","Force Field","Hologram"],"picked":"SKIP","floor":4.0},{"not_picked":["Conserve Battery","Rip and Tear"],"picked":"Leap","floor":7.0},{"not_picked":["Leap","Double Energy"],"picked":"Defragment","floor":10.0},{"not_picked":["Hello World","Streamline"],"picked":"Ball Lightning","floor":14.0},{"not_picked":["Amplify","Fission"],"picked":"Machine Learning","floor":16.0},{"not_picked":["Compile Driver","Redo"],"picked":"Self Repair","floor":17.0},{"not_picked":["Aggregate","Consume+1"],"picked":"Go for the Eyes","floor":18.0},{"not_picked":["Cold Snap","Coolheaded"],"picked":"Go for the Eyes","floor":20.0},{"not_picked":["Beam Cell","Reinforced Body","Static Discharge+1"],"picked":"SKIP","floor":21.0},{"not_picked":["Scrape","Hologram"],"picked":"Redo+1","floor":24.0},{"not_picked":["Heatsinks+1","Cold Snap"],"picked":"Gash+1","floor":25.0},{"not_picked":["Conserve Battery","Hologram"],"picked":"Leap","floor":27.0},{"not_picked":["Tempest","Multi-Cast"],"picked":"Rebound+1","floor":29.0},{"not_picked":["Redo","Beam Cell+1","Heatsinks+1"],"picked":"SKIP","floor":31.0},{"not_picked":["Meteor Strike","Amplify"],"picked":"All For One","floor":33.0},{"not_picked":["Force Field+1","Barrage+1","Conserve Battery"],"picked":"SKIP","floor":35.0},{"not_picked":["Storm+1","Ball Lightning"],"picked":"Beam Cell+1","floor":39.0},{"not_picked":["Rebound+1","Heatsinks+1"],"picked":"Steam+1","floor":41.0},{"not_picked":["Sunder","Redo","Steam Power"],"picked":"SKIP","floor":45.0},{"not_picked":["Redo+1","Hello World+1"],"picked":"Leap+1","floor":47},{"not_picked":["Ball Lightning+1","Scrape+1"],"picked":"Beam Cell","floor":48}],"player_experience":29059,"relics_obtained":[{"floor":9.0,"key":"Regal Pillow"},{"floor":24.0,"key":"Frozen Egg 2"},{"floor":26.0,"key":"Anchor"},{"floor":43.0,"key":"Bag of Preparation"}],"event_choices":[{"event_name":"Wheel of Change","player_choice":"Card Removal","floor":3.0,"damage_taken":0.0},{"event_name":"The Cleric","player_choice":"Leave","floor":5.0,"damage_taken":0.0},{"event_name":"Big Fish","player_choice":"Donut","floor":12.0,"damage_taken":0.0},{"event_name":"FaceTrader","player_choice":"Touch","floor":22.0,"damage_taken":0.0},{"event_name":"Falling","player_choice":"Removed Skill","floor":37.0,"damage_taken":0.0},{"event_name":"Mysterious Sphere","player_choice":"Ignore","floor":38.0,"damage_taken":0.0},{"event_name":"MindBloom","player_choice":"Heal","floor":44.0,"damage_taken":0.0},{"event_name":"SensoryStone","player_choice":"Memory 1","floor":46,"damage_taken":0}],"is_beta":false,"boss_relics":[{"not_picked":["Snecko Eye","Fusion Hammer"],"picked":"Tiny House"},{"not_picked":["Velvet Choker","Cursed Key"],"picked":"White Beast Statue"}],"items_purged_floors":[11,19,36],"is_endless":false,"potions_floor_spawned":[1,2,7,10,20,21,27,29,31,35,39,41,45,46,48],"killed_by":"Awakened One","ascension_level":0}