{"gold_per_floor":[119,119,130,148,168,168,195,205,205,220,248,248,267,283,283,384,384,404,128,228,239,257,289,302,302,302,330,350,380,395,428,428,524,524,536,536,583,543,560,560,171,181,206,206,206,225,225,245,245,245,245,245,19,54,54],"floor_reached":56,"playtime":3740,"items_purged":["Strike_R"],"score":1223,"play_id":"d636a6f8-e6d1-4afc-98ef-45f043558217","local_time":"20190202055512","is_ascension_mode":false,"campfire_choices":[{"data":"Armaments","floor":6,"key":"SMITH"},{"data":"Uppercut","floor":15,"key":"SMITH"},{"data":"Anger","floor":25,"key":"SMITH"},{"data":"Strike_R","floor":32,"key":"PURGE"},{"floor":40,"key":"RECALL"},{"data":"Strike_R+1","floor":45,"key":"PURGE"},{"data":"Enlightenment+1","floor":49,"key":"PURGE"},{"data":"Defend_R","floor":52,"key":"PURGE"}],"neow_cost":"TEN_PERCENT_HP_LOSS","seed_source_timestamp":641166261826,"circlet_count":0,"master_deck":["Defend_R","Bash","Armaments+1","Uppercut+1","Disarm","Flash of Steel","Cleave","Battle Trance+1","Feed","Disarm+1","Anger+1","Metallicize","Anger+1","Pommel Strike","Inflame","Brutality","True Grit+1","Apotheosis+1","True Grit+1","Dramatic Entrance","Rupture+1","Evolve","Shrug It Off+1","Shrug It Off+1","Warcry+1","Exhume+1"],"relics":["Burning Blood","Nunchaku","Meat on the Bone","Shuriken","Mark of Pain","ClockworkSouvenir","Peace Pipe","Gremlin Horn","Lantern","Toxic Egg 2","Red Mask","Centennial Puzzle","Anchor","Fusion Hammer","Dead Branch","Thread and Needle","FossilizedHelix"],"potions_floor_usage":[11,11,11,20,24,27,27,37,46,50,50,54],"damage_taken":[{"damage":5,"enemies":"Cultist","floor":1,"turns":4},{"damage":4,"enemies":"2 Louse","floor":3,"turns":3},{"damage":2,"enemies":"Jaw Worm","floor":4,"turns":5},{"damage":7,"enemies":"Exordium Wildlife","floor":5,"turns":4},{"damage":49,"enemies":"Lagavulin","floor":7,"turns":11},{"damage":6,"enemies":"Blue Slaver","floor":8,"turns":4},{"damage":3,"enemies":"Large Slime","floor":10,"turns":6},{"damage":32,"enemies":"3 Sentries","floor":11,"turns":7},{"damage":4,"enemies":"Gremlin Gang","floor":13,"turns":4},{"damage":8,"enemies":"Lots of Slimes","floor":14,"turns":3},{"damage":2,"enemies":"Hexaghost","floor":16,"turns":8},{"damage":14,"enemies":"Spheric Guardian","floor":18,"turns":4},{"damage":22,"enemies":"Colosseum Slavers","floor":20,"turns":5},{"damage":37,"enemies":"Colosseum Nobs","floor":20,"turns":6},{"damage":20,"enemies":"3 Byrds","floor":21,"turns":5},{"damage":5,"enemies":"Centurion and Healer","floor":22,"turns":6},{"damage":12,"enemies":"Book of Stabbing","floor":23,"turns":6},{"damage":1,"enemies":"3 Cultists","floor":24,"turns":4},{"damage":0,"enemies":"Masked Bandits","floor":27,"turns":3},{"damage":0,"enemies":"Snake Plant","floor":28,"turns":5},{"damage":35,"enemies":"Slavers","floor":29,"turns":7},{"damage":13,"enemies":"Sentry and Sphere","floor":30,"turns":4},{"damage":0,"enemies":"Gremlin Leader","floor":31,"turns":6},{"damage":30,"enemies":"Collector","floor":33,"turns":8},{"damage":1,"enemies":"Orb Walker","floor":35,"turns":3},{"damage":43,"enemies":"2 Orb Walkers","floor":37,"turns":5},{"damage":16,"enemies":"3 Darklings","floor":39,"turns":3},{"damage":2,"enemies":"4 Shapes","floor":42,"turns":3},{"damage":0,"enemies":"Jaw Worm Horde","floor":46,"turns":4},{"damage":3,"enemies":"3 Darklings","floor":48,"turns":4},{"damage":50,"enemies":"Awakened One","floor":50,"turns":7},{"damage":31,"enemies":"Shield and Spear","floor":54,"turns":4},{"damage":45,"enemies":"The Heart","floor":55,"turns":5}],"seed_played":"1009203684724969824","potions_obtained":[{"floor":1,"key":"BloodPotion"},{"floor":7,"key":"Strength Potion"},{"floor":10,"key":"FearPotion"},{"floor":16,"key":"BloodPotion"},{"floor":18,"key":"Energy Potion"},{"floor":21,"key":"Fire Potion"},{"floor":23,"key":"Explosive Potion"},{"floor":24,"key":"Explosive Potion"},{"floor":33,"key":"Fire Potion"},{"floor":35,"key":"Explosive Potion"},{"floor":48,"key":"EntropicBrew"}],"is_trial":false,"path_per_floor":["M","?","M","M","M","R","E","M","T","M","E","?","M","M","R","B",null,"M","$","?","M","M","E","M","R","T","?","M","E","M","E","R","B",null,"M","?","?","?","M","R","$","M","T","$","R","M","?","M","R","B",null,"R","$","E","B",null],"character_chosen":"IRONCLAD","items_purchased":["ClockworkSouvenir","Dramatic Entrance","Thread and Needle","Shrug It Off+1","Warcry+1","GamblersBrew","SpeedPotion"],"campfire_rested":0,"item_purchase_floors":[19,41,41,53,53,53,53],"current_hp_per_floor":[72,65,67,71,70,70,27,27,27,42,35,35,49,47,47,51,72,64,64,44,46,51,61,69,69,69,79,85,59,67,73,73,61,105,109,104,71,71,73,73,73,77,77,77,77,87,87,94,94,66,125,125,125,104,77],"gold":54,"neow_bonus":"REMOVE_TWO","is_prod":false,"is_daily":false,"chose_seed":false,"campfire_upgraded":3,"win_rate":0,"timestamp":1549079712,"path_taken":["M","?","M","M","M","R","E","M","T","M","E","?","?","M","R","BOSS","M","$","?","M","M","E","M","R","T","?","M","E","M","E","R","BOSS","M","?","?","?","M","R","$","?","T","$","R","?","?","M","R","BOSS","R","$","E","BOSS"],"build_version":"2019-01-23","purchased_purges":1,"victory":true,"max_hp_per_floor":[72,72,72,72,72,72,72,72,72,72,72,72,72,72,72,72,72,72,72,80,84,88,92,95,95,95,99,99,102,105,105,105,105,105,109,109,113,113,113,113,113,113,113,113,113,117,117,121,121,125,125,125,125,129,129],"card_choices":[{"not_picked":["Feel No Pain","Havoc"],"picked":"Armaments","floor":1},{"not_picked":["Headbutt","Sever Soul","Warcry"],"picked":"SKIP","floor":3},{"not_picked":["Armaments","Searing Blow"],"picked":"Uppercut","floor":4},{"not_picked":["Second Wind","Iron Wave","True Grit"],"picked":"SKIP","floor":5},{"not_picked":["Twin Strike","Hemokinesis","Clash"],"picked":"SKIP","floor":7},{"not_picked":["Entrench","Havoc","Headbutt"],"picked":"SKIP","floor":8},{"not_picked":["Exhume","Perfected Strike","True Grit"],"picked":"SKIP","floor":10},{"not_picked":["Intimidate","Thunderclap"],"picked":"Disarm","floor":11},{"not_picked":["Headbutt","Twin Strike"],"picked":"Cleave","floor":13},{"not_picked":["Flame Barrier","Juggernaut"],"picked":"Battle Trance","floor":14},{"not_picked":["Bludgeon","Impervious"],"picked":"Feed","floor":16},{"not_picked":["Uppercut","Warcry"],"picked":"Disarm+1","floor":18},{"not_picked":["Headbutt","Perfected Strike"],"picked":"Anger+1","floor":21},{"not_picked":["Anger","Spot Weakness"],"picked":"Metallicize","floor":22},{"not_picked":["Thunderclap","Heavy Blade","Perfected Strike"],"picked":"SKIP","floor":23},{"not_picked":["Power Through","Flex"],"picked":"Anger","floor":24},{"not_picked":["Power Through+1","Thunderclap+1"],"picked":"Pommel Strike","floor":28},{"not_picked":["Body Slam","Feel No Pain","Wild Strike+1"],"picked":"SKIP","floor":29},{"not_picked":["Thunderclap","Exhume+1"],"picked":"Inflame","floor":30},{"not_picked":["Sword Boomerang","Havoc+1","Iron Wave"],"picked":"SKIP","floor":31},{"not_picked":["Double Tap+1","Exhume+1"],"picked":"Brutality","floor":33},{"not_picked":["Anger+1","Heavy Blade"],"picked":"True Grit+1","floor":35},{"not_picked":["Purity+1","Chrysalis+1"],"picked":"Apotheosis+1","floor":36},{"not_picked":["PanicButton+1","Dramatic Entrance"],"picked":"Enlightenment+1","floor":36},{"not_picked":["Anger","Pommel Strike+1"],"picked":"True Grit+1","floor":37},{"not_picked":["Reckless Charge+1","Perfected Strike+1","Brutality"],"picked":"SKIP","floor":39},{"not_picked":["Flex+1","Pommel Strike+1"],"picked":"Rupture+1","floor":42},{"not_picked":["Pommel Strike+1","Cleave+1"],"picked":"Evolve","floor":46},{"not_picked":["Iron Wave+1","Fire Breathing+1","Anger"],"picked":"SKIP","floor":48},{"not_picked":["Heavy Blade","True Grit+1"],"picked":"Exhume+1","floor":54}],"player_experience":214732,"relics_obtained":[{"floor":7,"key":"Nunchaku"},{"floor":9,"key":"Meat on the Bone"},{"floor":11,"key":"Shuriken"},{"floor":20,"key":"Peace Pipe"},{"floor":20,"key":"Gremlin Horn"},{"floor":23,"key":"Lantern"},{"floor":26,"key":"Toxic Egg 2"},{"floor":27,"key":"Red Mask"},{"floor":29,"key":"Centennial Puzzle"},{"floor":31,"key":"Anchor"},{"floor":37,"key":"Dead Branch"},{"floor":54,"key":"FossilizedHelix"}],"event_choices":[{"cards_removed":["Strike_R"],"damage_healed":0,"gold_gain":0,"player_choice":"Card Removal","damage_taken":7,"max_hp_gain":0,"max_hp_loss":0,"event_name":"Golden Wing","floor":2,"gold_loss":0},{"damage_healed":0,"gold_gain":0,"player_choice":"1 cards matched","damage_taken":0,"max_hp_gain":0,"max_hp_loss":0,"event_name":"Match and Keep!","floor":12,"gold_loss":0,"cards_obtained":["Flash of Steel"]},{"damage_healed":0,"gold_gain":0,"player_choice":"Fight","damage_taken":0,"max_hp_gain":0,"max_hp_loss":0,"event_name":"Colosseum","floor":20,"gold_loss":0},{"damage_healed":0,"gold_gain":0,"player_choice":"Fought Nobs","damage_taken":0,"max_hp_gain":0,"max_hp_loss":0,"event_name":"Colosseum","floor":20,"gold_loss":0},{"damage_healed":0,"gold_gain":0,"player_choice":"Fought Bandits","damage_taken":0,"max_hp_gain":0,"max_hp_loss":0,"event_name":"Masked Bandits","floor":27,"gold_loss":0},{"damage_healed":0,"gold_gain":0,"player_choice":"Memory 2","damage_taken":5,"max_hp_gain":0,"max_hp_loss":0,"event_name":"SensoryStone","floor":36,"gold_loss":0},{"damage_healed":0,"gold_gain":0,"player_choice":"Fight","damage_taken":0,"max_hp_gain":0,"max_hp_loss":0,"event_name":"Mysterious Sphere","floor":37,"gold_loss":0},{"damage_healed":0,"gold_gain":0,"player_choice":"Upgraded Two","damage_taken":0,"max_hp_gain":0,"max_hp_loss":0,"event_name":"Designer","floor":38,"gold_loss":40,"cards_upgraded":["Strike_R","Battle Trance"]},{"damage_healed":0,"gold_gain":0,"cards_transformed":["Defend_R"],"player_choice":"Transformed","damage_taken":0,"max_hp_gain":0,"max_hp_loss":0,"event_name":"Transmorgrifier","floor":47,"gold_loss":0,"cards_obtained":["Shrug It Off"]}],"is_beta":false,"boss_relics":[{"not_picked":["Runic Dome","Tiny House"],"picked":"Mark of Pain"},{"not_picked":["Empty Cage","Black Star"],"picked":"Fusion Hammer"}],"items_purged_floors":[19],"is_endless":false,"potions_floor_spawned":[1,7,10,16,18,21,23,24,33,35,48],"ascension_level":0}