{"gold_per_floor":[112,125,50,50,10,42,59,79,79,95,110,110],"floor_reached":12,"playtime":838,"items_purged":["Strike_G"],"score":82,"play_id":"afb97b3b-4a57-4a1e-901a-58a62ad3d4ea","local_time":"20190125154837","is_ascension_mode":false,"campfire_choices":[],"neow_cost":"NONE","seed_source_timestamp":428600167707526,"circlet_count":0,"master_deck":["Defend_G","Defend_G","Defend_G","Defend_G","Defend_G","Strike_G","Strike_G","Strike_G","Strike_G","Survivor","Neutralize","Calculated Gamble","Deflect","Tactician","Underhanded Strike","Backflip","Underhanded Strike"],"relics":["Ring of the Snake","Blue Candle","Sundial"],"potions_floor_usage":[],"damage_taken":[{"damage":5,"enemies":"Small Slimes","floor":1,"turns":6},{"damage":0,"enemies":"Jaw Worm","floor":2,"turns":6},{"damage":35,"enemies":"3 Sentries","floor":6,"turns":20},{"damage":0,"enemies":"2 Louse","floor":7,"turns":6},{"damage":0,"enemies":"Red Slaver","floor":8,"turns":6},{"damage":0,"enemies":"Looter","floor":10,"turns":4},{"damage":4,"enemies":"Lots of Slimes","floor":11,"turns":8},{"damage":65,"enemies":"Gremlin Nob","floor":12,"turns":5}],"seed_played":"5980649678918060647","potions_obtained":[{"floor":1,"key":"AttackPotion"},{"floor":6,"key":"SmokeBomb"},{"floor":8,"key":"SteroidPotion"}],"is_trial":false,"path_per_floor":["M","M","$","?","$","E","M","M","T","M","M","E"],"character_chosen":"THE_SILENT","items_purchased":["Tactician"],"campfire_rested":0,"item_purchase_floors":[5],"current_hp_per_floor":[72,72,72,77,77,42,42,42,42,42,38,0],"gold":110,"neow_bonus":"TEN_PERCENT_HP_BONUS","is_prod":false,"is_daily":false,"chose_seed":false,"campfire_upgraded":0,"win_rate":0.0,"timestamp":1548452917,"path_taken":["M","M","$","?","$","E","M","M","T","M","M","E"],"build_version":"2019-01-23","purchased_purges":1,"victory":false,"max_hp_per_floor":[77,77,77,82,82,82,82,82,82,82,82,82],"card_choices":[{"not_picked":["All Out Attack","Quick Slash"],"picked":"Calculated Gamble","floor":1},{"not_picked":["Underhanded Strike","Footwork"],"picked":"Deflect","floor":2},{"not_picked":["Riddle With Holes","Escape Plan","Catalyst"],"picked":"SKIP","floor":6},{"not_picked":["Sucker Punch","Quick Slash"],"picked":"Underhanded Strike","floor":7},{"not_picked":["Leg Sweep","Bouncing Flask"],"picked":"Backflip","floor":8},{"not_picked":["Bane","Blade Dance","Die Die Die"],"picked":"SKIP","floor":10},{"not_picked":["Flechettes","Flying Knee"],"picked":"Underhanded Strike","floor":11}],"player_experience":172776,"relics_obtained":[{"floor":6,"key":"Blue Candle"},{"floor":9,"key":"Sundial"}],"event_choices":[{"damage_healed":0,"gold_gain":0,"player_choice":"Donut","damage_taken":0,"max_hp_gain":5,"max_hp_loss":0,"event_name":"Big Fish","floor":4,"gold_loss":0}],"is_beta":false,"boss_relics":[],"items_purged_floors":[3],"is_endless":false,"potions_floor_spawned":[1,6,8,10],"killed_by":"Gremlin Nob","ascension_level":0}