{"path_per_floor":["M","?","$","?","?","R","M","$","T","?","M","E","M","E","R","B",null,"M","M","$","M","?","R","M","T","T","M","R","M","M","$","R"],"character_chosen":"DEFECT","items_purchased":["Rebound","Frozen Egg 2","Finesse","AttackPotion"],"gold_per_floor":[115,115,115,115,115,115,130,8,79,79,100,138,153,187,187,317,317,331,354,97,116,116,116,140,140,140,163,163,176,195,42,42,42],"floor_reached":33,"campfire_rested":4,"playtime":1427,"item_purchase_floors":[8,20,31,31],"current_hp_per_floor":[74,74,74,74,74,74,69,69,79,79,78,63,63,38,63,12,85,68,68,68,36,36,61,38,38,38,18,43,10,2,7,34,0],"items_purged":["Injury"],"gold":42,"score":282,"play_id":"9641fce8-5be8-4b27-9096-d7a8199bcda2","local_time":"20180602201646","is_prod":false,"is_daily":false,"chose_seed":false,"is_ascension_mode":false,"campfire_upgraded":1,"win_rate":0,"timestamp":1527963406,"campfire_choices":[{"data":"Streamline","floor":6,"key":"SMITH"},{"floor":15,"key":"REST"},{"floor":23,"key":"REST"},{"floor":28,"key":"REST"},{"floor":32,"key":"REST"}],"path_taken":["M","?","$","?","?","R","M","$","T","?","?","E","M","E","R","BOSS","M","M","$","M","?","R","?","?","T","M","R","M","?","$","R","BOSS"],"build_version":"2018-05-31","seed_source_timestamp":290205896700869,"purchased_purges":1,"victory":false,"master_deck":["Strike_B","Strike_B","Strike_B","Defend_B","Defend_B","Defend_B","Zap","Dualcast","All For One","Streamline+1","Rebound","Scrape","All For One","Reboot","White Noise","Beam Cell","Steam","Streamline","Beam Cell","Go for the Eyes","Beam Cell+1","Gash+1","Finesse"],"max_hp_per_floor":[75,75,75,75,75,75,75,75,85,85,85,85,85,85,85,85,85,85,85,85,85,85,85,85,85,85,85,85,85,85,90,90,90],"relics":["Cracked Core","Ice Cream","Golden Idol","Pear","Bronze Scales","Art of War","Orrery","Frozen Egg 2","Pen Nib","Bottled Lightning","Pantograph"],"card_choices":[{"not_picked":["Melter","Cold Snap"],"picked":"Streamline","floor":1},{"not_picked":["Redo","Darkness","Streamline"],"picked":"SKIP","floor":7},{"not_picked":["Reprogram","Turbo","Sweeping Beam"],"picked":"SKIP","floor":11},{"not_picked":["Auto Shields","Coolheaded"],"picked":"Scrape","floor":12},{"not_picked":["Coolheaded","Doom and Gloom"],"picked":"All For One","floor":13},{"not_picked":["Cold Snap","Compile Driver","Conserve Battery"],"picked":"SKIP","floor":14},{"not_picked":["Fission","Electrodynamics"],"picked":"Reboot","floor":16},{"not_picked":["Creative AI","Rebound"],"picked":"White Noise","floor":17},{"not_picked":["Stack","White Noise"],"picked":"Beam Cell","floor":17},{"not_picked":["Barrage","Cold Snap"],"picked":"Steam","floor":17},{"not_picked":["Beam Cell","Defragment"],"picked":"Streamline","floor":18},{"not_picked":["Darkness","Turbo"],"picked":"Beam Cell","floor":19},{"not_picked":["Ball Lightning","Beam Cell"],"picked":"Go for the Eyes","floor":21},{"not_picked":["BootSequence","Go for the Eyes"],"picked":"Beam Cell+1","floor":24},{"not_picked":["Conserve Battery","Stack+1","Core Surge"],"picked":"SKIP","floor":27},{"not_picked":["Steam","Leap"],"picked":"Gash+1","floor":29},{"not_picked":["Scrape","Glacier+1","Defragment+1"],"picked":"SKIP","floor":30}],"player_experience":444458,"potions_floor_usage":[12,27,30,31,33,33],"damage_taken":[{"damage":1,"enemies":"Jaw Worm","floor":1,"turns":3},{"damage":5,"enemies":"Small Slimes","floor":7,"turns":3},{"damage":1,"enemies":"Cultist","floor":11,"turns":3},{"damage":15,"enemies":"Gremlin Nob","floor":12,"turns":4},{"damage":0,"enemies":"2 Fungi Beasts","floor":13,"turns":2},{"damage":25,"enemies":"3 Sentries","floor":14,"turns":5},{"damage":51,"enemies":"The Guardian","floor":16,"turns":8},{"damage":17,"enemies":"Spheric Guardian","floor":18,"turns":4},{"damage":0,"enemies":"Chosen","floor":19,"turns":4},{"damage":32,"enemies":"Centurion and Healer","floor":21,"turns":6},{"damage":23,"enemies":"3 Cultists","floor":24,"turns":5},{"damage":20,"enemies":"Sentry and Sphere","floor":27,"turns":4},{"damage":33,"enemies":"Snake Plant","floor":29,"turns":4},{"damage":8,"enemies":"Centurion and Healer","floor":30,"turns":3},{"damage":120,"enemies":"Automaton","floor":33,"turns":8}],"relics_obtained":[{"floor":9,"key":"Pear"},{"floor":12,"key":"Bronze Scales"},{"floor":14,"key":"Art of War"},{"floor":25,"key":"Bottled Lightning"},{"floor":26,"key":"Pantograph"}],"event_choices":[{"event_name":"Living Wall","player_choice":"Forget","floor":2,"damage_taken":0},{"event_name":"Accursed Blacksmith","player_choice":"Rummage","floor":4,"damage_taken":0},{"event_name":"Golden Idol","player_choice":"Take Wound","floor":5,"damage_taken":0},{"event_name":"Purifier","player_choice":"One Purge","floor":10,"damage_taken":0},{"event_name":"The Mausoleum","player_choice":"Yes","floor":22,"damage_taken":0}],"boss_relics":[{"not_picked":["Velvet Choker","Runic Dome"],"picked":"Orrery"}],"items_purged_floors":[8],"potions_floor_spawned":[1,11,14,19,24,27,29,30],"seed_played":"-6987749296510798719","killed_by":"Automaton","ascension_level":0,"potions_obtained":[{"floor":1,"key":"Poison Potion"},{"floor":11,"key":"Block Potion"},{"floor":14,"key":"PowerPotion"},{"floor":19,"key":"FairyPotion"},{"floor":27,"key":"Poison Potion"},{"floor":29,"key":"Block Potion"},{"floor":30,"key":"Fruit Juice"}],"is_trial":false}