{"gold_per_floor":[111,121,121,46,57,57,77,107,132,144,144,159,159,159,159,262,262,249,71,271,286,89,105,105],"floor_reached":24,"playtime":1460,"items_purged":["Strike_G","Strike_G","Defend_G"],"score":228,"play_id":"d42e3cb4-bca5-450f-82f1-01f36d139877","local_time":"20180825193345","is_ascension_mode":true,"campfire_choices":[{"data":"Footwork","floor":6,"key":"SMITH"},{"floor":11,"key":"REST"},{"data":"Neutralize","floor":13,"key":"SMITH"},{"data":"Survivor","floor":15,"key":"SMITH"}],"neow_cost":"","seed_source_timestamp":816193954643352,"circlet_count":0,"master_deck":["Defend_G+1","Defend_G","Defend_G","Defend_G","Strike_G","Strike_G+1","Strike_G","Survivor+1","Neutralize+1","Dagger Spray","Footwork+1","Backflip","Footwork","Terror","Malaise","Well Laid Plans","Backflip+1","Infinite Blades","Prepared+1"],"relics":["Ring of the Snake","Dream Catcher","Omamori","Sozu"],"potions_floor_usage":[],"damage_taken":[{"damage":0,"enemies":"2 Louse","floor":1,"turns":3},{"damage":0,"enemies":"Jaw Worm","floor":2,"turns":5},{"damage":0,"enemies":"Cultist","floor":5,"turns":5},{"damage":11,"enemies":"Large Slime","floor":7,"turns":12},{"damage":12,"enemies":"3 Sentries","floor":8,"turns":14},{"damage":2,"enemies":"Looter","floor":10,"turns":5},{"damage":6,"enemies":"2 Fungi Beasts","floor":12,"turns":4},{"damage":36,"enemies":"Hexaghost","floor":16,"turns":17},{"damage":11,"enemies":"2 Thieves","floor":18,"turns":4},{"damage":22,"enemies":"Spheric Guardian","floor":21,"turns":7},{"damage":11,"enemies":"3 Cultists","floor":23,"turns":7},{"damage":44,"enemies":"Gremlin Leader","floor":24,"turns":11}],"seed_played":"-2258654534099314898","potions_obtained":[{"floor":2,"key":"LiquidBronze"},{"floor":7,"key":"Weak Potion"},{"floor":8,"key":"Explosive Potion"}],"is_trial":false,"path_per_floor":["M","M","?","$","M","R","M","E","T","M","R","M","R","?","R","B",null,"M","$","?","M","$","M"],"character_chosen":"THE_SILENT","items_purchased":["Well Laid Plans","Infinite Blades"],"campfire_rested":1,"item_purchase_floors":[19,22],"current_hp_per_floor":[70,70,56,56,56,56,45,33,33,31,52,46,46,63,63,27,70,59,59,59,37,37,26,0],"gold":105,"neow_bonus":"","is_prod":false,"is_daily":false,"chose_seed":false,"campfire_upgraded":3,"win_rate":0,"timestamp":1535196825,"path_taken":["M","M","?","$","M","R","M","E","T","?","R","M","R","?","R","BOSS","M","$","?","M","$","M","E"],"build_version":"2018-08-23v2","purchased_purges":3,"victory":false,"max_hp_per_floor":[70,70,70,70,70,70,70,70,70,70,70,70,70,70,70,70,70,70,70,70,70,70,70,70],"card_choices":[{"not_picked":["Backflip","Blur"],"picked":"Dagger Spray","floor":1},{"not_picked":["Caltrops","Poisoned Stab"],"picked":"Footwork","floor":2},{"not_picked":["Slice","Deflect","Outmaneuver"],"picked":"SKIP","floor":5},{"not_picked":["Acrobatics","Bullet Time"],"picked":"Backflip","floor":7},{"not_picked":["Heel Hook","Blur"],"picked":"Footwork","floor":8},{"not_picked":["Deflect","Concentrate"],"picked":"Terror","floor":10},{"not_picked":["PiercingWail","Predator","Finisher"],"picked":"SKIP","floor":12},{"not_picked":["Glass Knife","Doppelganger"],"picked":"Malaise","floor":16},{"not_picked":["Endless Agony","Setup","Slice+1"],"picked":"SKIP","floor":18},{"not_picked":["Blade Dance","Reflex"],"picked":"Backflip+1","floor":21},{"not_picked":["Dodge and Roll+1","Dagger Spray+1"],"picked":"Prepared+1","floor":23}],"player_experience":278631,"relics_obtained":[{"floor":8,"key":"Dream Catcher"},{"floor":9,"key":"Omamori"}],"event_choices":[{"event_name":"Shining Light","player_choice":"Entered Light","floor":3,"damage_taken":0},{"event_name":"Mushrooms","player_choice":"Healed and dodged fight","floor":14,"damage_taken":0},{"event_name":"Wheel of Change","player_choice":"Gold","floor":20,"damage_taken":0}],"is_beta":false,"boss_relics":[{"not_picked":["Tiny House","Astrolabe"],"picked":"Sozu"}],"items_purged_floors":[4,19,22],"is_endless":false,"potions_floor_spawned":[2,7,8,16,18],"killed_by":"Gremlin Leader","ascension_level":3}