{"gold_per_floor":[118,118,137,148,167,167,187,138,138,88,88,108,108,33,33,132,132,147,157,175,175,175,175,195,210,210,210],"floor_reached":27,"playtime":2147,"items_purged":["Strike_R"],"score":228,"play_id":"d530e6bf-b4d5-471b-8b55-c09b65434f2d","local_time":"20181010211510","is_ascension_mode":true,"campfire_choices":[{"data":"Shrug It Off","floor":6,"key":"SMITH"},{"data":"Shrug It Off","floor":11,"key":"SMITH"},{"data":"True Grit","floor":13,"key":"SMITH"},{"data":"Bash","floor":15,"key":"SMITH"},{"data":"Demon Form","floor":23,"key":"SMITH"}],"neow_cost":"","seed_source_timestamp":883992735250881,"circlet_count":0,"master_deck":["Strike_R","Strike_R","Defend_R","Defend_R","Defend_R","Defend_R","Bash+1","Shrug It Off+1","Inflame","True Grit+1","Shrug It Off+1","Demon Form+1","Seeing Red","Sword Boomerang+1","Iron Wave+1","Spot Weakness+1"],"relics":["Black Blood","Meat on the Bone","Toxic Egg 2","Letter Opener"],"potions_floor_usage":[16,16,25,27,27,27,27],"damage_taken":[{"damage":17,"enemies":"Jaw Worm","floor":1,"turns":5},{"damage":0,"enemies":"Small Slimes","floor":3,"turns":4},{"damage":8,"enemies":"2 Louse","floor":4,"turns":3},{"damage":30,"enemies":"Lots of Slimes","floor":5,"turns":8},{"damage":2,"enemies":"Red Slaver","floor":7,"turns":5},{"damage":6,"enemies":"2 Fungi Beasts","floor":12,"turns":5},{"damage":45,"enemies":"Hexaghost","floor":16,"turns":14},{"damage":13,"enemies":"Shell Parasite","floor":18,"turns":12},{"damage":5,"enemies":"Spheric Guardian","floor":19,"turns":12},{"damage":23,"enemies":"Snake Plant","floor":20,"turns":7},{"damage":44,"enemies":"Sentry and Sphere","floor":24,"turns":7},{"damage":22,"enemies":"Shelled Parasite and Fungi","floor":25,"turns":12},{"damage":60,"enemies":"Slavers","floor":27,"turns":6}],"seed_played":"-9140042504332442661","potions_obtained":[{"floor":4,"key":"Fire Potion"},{"floor":12,"key":"AttackPotion"},{"floor":19,"key":"Weak Potion"},{"floor":21,"key":"EntropicBrew"},{"floor":21,"key":"PowerPotion"}],"is_trial":false,"path_per_floor":["M","?","M","M","M","R","M","?","T","?","R","M","R","$","R","B",null,"M","M","M","?","T","R","M","M","T"],"character_chosen":"IRONCLAD","items_purchased":[],"campfire_rested":0,"item_purchase_floors":[],"current_hp_per_floor":[69,62,68,66,42,42,46,46,46,46,46,58,58,58,58,31,80,77,80,67,67,67,67,45,45,45,0],"gold":210,"neow_bonus":"","is_prod":false,"is_daily":false,"chose_seed":false,"campfire_upgraded":5,"win_rate":0,"timestamp":1539198910,"path_taken":["M","?","M","?","M","R","M","?","T","?","R","M","R","$","R","BOSS","M","M","M","?","?","R","M","M","T","E"],"build_version":"2018-10-04v2","purchased_purges":1,"victory":false,"max_hp_per_floor":[80,80,80,80,80,80,80,80,80,80,80,80,80,80,80,80,80,80,80,80,80,80,80,80,80,80,80],"card_choices":[{"not_picked":["True Grit","Wild Strike"],"picked":"Shrug It Off","floor":1},{"not_picked":["Havoc","Pommel Strike"],"picked":"Inflame","floor":3},{"not_picked":["Burning Pact","Rampage"],"picked":"True Grit","floor":4},{"not_picked":["Shockwave","True Grit"],"picked":"Shrug It Off","floor":5},{"not_picked":["Pommel Strike","Iron Wave","Rage"],"picked":"SKIP","floor":7},{"not_picked":["Infernal Blade","Bloodletting","Sever Soul"],"picked":"SKIP","floor":12},{"not_picked":["Exhume","Reaper"],"picked":"Demon Form","floor":16},{"not_picked":["Evolve","Carnage+1","Thunderclap"],"picked":"SKIP","floor":18},{"not_picked":["Shockwave","Hemokinesis"],"picked":"Seeing Red","floor":19},{"not_picked":["Flame Barrier","Pommel Strike+1"],"picked":"Sword Boomerang+1","floor":20},{"not_picked":["Burning Pact+1","Havoc+1"],"picked":"Iron Wave+1","floor":24},{"not_picked":["Burning Pact+1","Shockwave+1"],"picked":"Spot Weakness+1","floor":25}],"player_experience":53328,"relics_obtained":[{"floor":9,"key":"Meat on the Bone"},{"floor":22,"key":"Toxic Egg 2"},{"floor":26,"key":"Letter Opener"}],"event_choices":[{"event_name":"Golden Wing","player_choice":"Card Removal","floor":2,"damage_taken":0},{"event_name":"World of Goop","player_choice":"Left","floor":8,"damage_taken":0},{"event_name":"The Cleric","player_choice":"Card Removal","floor":10,"damage_taken":0},{"event_name":"The Lab","player_choice":"Got Potions","floor":21,"damage_taken":0}],"is_beta":false,"boss_relics":[{"not_picked":["Busted Crown","Philosopher\u0027s Stone"],"picked":"Black Blood"}],"items_purged_floors":[14],"is_endless":false,"potions_floor_spawned":[4,12,19,24],"killed_by":"Slavers","ascension_level":2}