{"gold_per_floor":[111,111,286,361,361,394,394,319,344,344,344,359,259,275,275,376,376,390,265,279,279,293,293,328,328,328,328,208,208,208,221,221,318,318,333,193,193,208,222,222,255,255,255,274,274,285,285,17,17,17],"floor_reached":50,"playtime":1640,"items_purged":["Strike_R","Defend_R","Iron Wave","Reaper","Rupture","Havoc"],"score":511,"play_id":"61dfbc3a-8c45-4c09-9bef-41c26c39b4e7","local_time":"20190125214417","is_ascension_mode":false,"campfire_choices":[{"data":"Bash","floor":7,"key":"SMITH"},{"data":"Strike_R","floor":11,"key":"SMITH"},{"data":"Defend_R","floor":15,"key":"SMITH"},{"floor":23,"key":"REST"},{"data":"Evolve","floor":27,"key":"SMITH"},{"floor":32,"key":"REST"},{"data":"Burning Pact","floor":40,"key":"SMITH"},{"floor":42,"key":"REST"},{"data":"Dark Embrace","floor":47,"key":"SMITH"},{"floor":49,"key":"REST"}],"neow_cost":"NONE","seed_source_timestamp":531696927933263,"circlet_count":0,"master_deck":["Reckless Charge","Evolve+1","Burning Pact+1","Metallicize","Anger+1","Dark Embrace+1","Fire Breathing+1","Feed"],"relics":["Burning Blood","NeowsBlessing","Red Skull","Orichalcum","Pandora\u0027s Box","Sundial","The Courier","Lizard Tail","Regal Pillow","Toxic Egg 2"],"potions_floor_usage":[33,33,41,50,50],"damage_taken":[{"damage":0,"enemies":"Small Slimes","floor":1,"turns":1},{"damage":0,"enemies":"Lagavulin","floor":6,"turns":1},{"damage":0,"enemies":"2 Louse","floor":10,"turns":1},{"damage":6,"enemies":"Jaw Worm","floor":12,"turns":3},{"damage":6,"enemies":"2 Fungi Beasts","floor":14,"turns":4},{"damage":73,"enemies":"Hexaghost","floor":16,"turns":10},{"damage":24,"enemies":"Shell Parasite","floor":18,"turns":5},{"damage":18,"enemies":"Spheric Guardian","floor":20,"turns":4},{"damage":53,"enemies":"Centurion and Healer","floor":22,"turns":8},{"damage":29,"enemies":"Gremlin Leader","floor":24,"turns":4},{"damage":18,"enemies":"Shelled Parasite and Fungi","floor":31,"turns":3},{"damage":13,"enemies":"Collector","floor":33,"turns":6},{"damage":30,"enemies":"3 Shapes","floor":35,"turns":3},{"damage":8,"enemies":"Orb Walker","floor":38,"turns":3},{"damage":19,"enemies":"Transient","floor":39,"turns":5},{"damage":38,"enemies":"Giant Head","floor":41,"turns":6},{"damage":52,"enemies":"Writhing Mass","floor":44,"turns":7},{"damage":0,"enemies":"Sphere and 2 Shapes","floor":46,"turns":2},{"damage":142,"enemies":"Awakened One","floor":50,"turns":7}],"seed_played":"3389629165554656956","potions_obtained":[{"floor":16,"key":"Swift Potion"},{"floor":24,"key":"PowerPotion"},{"floor":31,"key":"Strength Potion"},{"floor":33,"key":"Swift Potion"},{"floor":39,"key":"SpeedPotion"},{"floor":44,"key":"Regen Potion"}],"is_trial":false,"path_per_floor":["M","?","?","?","?","E","R","$","T","M","R","M","$","M","R","B",null,"M","$","M","?","M","R","E","?","T","R","$","?","?","M","R","B",null,"M","$","?","M","M","R","E","R","T","M","?","M","R","$","R","B"],"character_chosen":"IRONCLAD","items_purchased":["Feed"],"campfire_rested":4,"item_purchase_floors":[48],"current_hp_per_floor":[80,85,85,74,67,73,73,73,73,79,79,79,79,79,79,12,85,73,73,67,67,28,53,42,42,42,42,42,42,26,14,41,34,90,66,66,66,64,51,51,19,61,61,15,15,21,21,21,63,0],"gold":17,"neow_bonus":"THREE_ENEMY_KILL","is_prod":false,"is_daily":false,"chose_seed":false,"campfire_upgraded":6,"win_rate":0,"timestamp":1548465257,"path_taken":["M","?","?","?","?","E","R","$","T","M","R","M","$","?","R","BOSS","M","$","M","?","M","R","E","?","T","R","$","?","?","M","R","BOSS","M","$","?","M","M","R","E","R","T","M","?","M","R","$","R","BOSS"],"build_version":"2019-01-23","purchased_purges":6,"victory":false,"max_hp_per_floor":[80,85,85,85,85,85,85,85,85,85,85,85,85,85,85,85,85,85,85,85,85,85,85,85,85,85,85,85,85,90,90,90,90,90,90,90,90,90,90,90,90,90,90,90,90,90,90,90,90,93],"card_choices":[{"not_picked":["Clothesline","Anger","Feel No Pain"],"picked":"SKIP","floor":1},{"not_picked":["Sentinel","Iron Wave","Cleave"],"picked":"SKIP","floor":6},{"not_picked":["Disarm","Twin Strike","Cleave"],"picked":"SKIP","floor":10},{"not_picked":["Berserk","Combust","Warcry"],"picked":"SKIP","floor":12},{"not_picked":["Inflame","Havoc","Bloodletting"],"picked":"SKIP","floor":14},{"not_picked":["Disarm","Pummel","Shockwave+1"],"picked":"SKIP","floor":18},{"not_picked":["Shrug It Off","Inflame","Clash+1"],"picked":"SKIP","floor":20},{"not_picked":["Warcry+1","Dropkick+1"],"picked":"Anger+1","floor":22},{"not_picked":["Corruption","Iron Wave"],"picked":"Spot Weakness","floor":24},{"not_picked":["Twin Strike+1","Cleave+1","Perfected Strike"],"picked":"SKIP","floor":31},{"not_picked":["Double Tap","Bludgeon"],"picked":"Dark Embrace","floor":33},{"not_picked":["Warcry","Disarm","Havoc+1"],"picked":"SKIP","floor":35},{"not_picked":["Carnage","Dual Wield","Corruption+1"],"picked":"SKIP","floor":38},{"not_picked":["Power Through","Dropkick","Pommel Strike+1"],"picked":"SKIP","floor":39},{"not_picked":["Second Wind+1","Headbutt","Shrug It Off+1"],"picked":"SKIP","floor":41},{"not_picked":["Infernal Blade+1","Inflame+1","Headbutt"],"picked":"SKIP","floor":44},{"not_picked":["Inflame","Disarm+1"],"picked":"Fire Breathing+1","floor":46}],"player_experience":213143,"relics_obtained":[{"floor":6,"key":"Red Skull"},{"floor":9,"key":"Orichalcum"},{"floor":24,"key":"Sundial"},{"floor":26,"key":"The Courier"},{"floor":41,"key":"Regal Pillow"},{"floor":43,"key":"Toxic Egg 2"}],"event_choices":[{"damage_healed":0,"gold_gain":0,"player_choice":"Donut","damage_taken":0,"max_hp_gain":5,"max_hp_loss":0,"event_name":"Big Fish","floor":2,"gold_loss":0},{"damage_healed":0,"gold_gain":175,"player_choice":"AGREE","damage_taken":0,"max_hp_gain":0,"max_hp_loss":0,"event_name":"Liars Game","floor":3,"gold_loss":0,"cards_obtained":["Doubt"]},{"damage_healed":0,"gold_gain":75,"player_choice":"Gather Gold","damage_taken":11,"max_hp_gain":0,"max_hp_loss":0,"event_name":"World of Goop","floor":4,"gold_loss":0},{"cards_removed":["Doubt"],"damage_healed":0,"gold_gain":0,"player_choice":"Card Removal","damage_taken":7,"max_hp_gain":0,"max_hp_loss":0,"event_name":"Golden Wing","floor":5,"gold_loss":0},{"damage_healed":0,"gold_gain":0,"player_choice":"Read","damage_taken":0,"max_hp_gain":0,"max_hp_loss":0,"event_name":"The Library","floor":21,"gold_loss":0,"cards_obtained":["Metallicize"]},{"cards_removed":["Brutality"],"damage_healed":0,"gold_gain":0,"player_choice":"Elegance","damage_taken":0,"max_hp_gain":0,"max_hp_loss":0,"event_name":"Back to Basics","floor":25,"gold_loss":0},{"damage_healed":0,"gold_gain":0,"cards_transformed":["Intimidate","Bash"],"player_choice":"Became Test Subject","damage_taken":0,"max_hp_gain":0,"max_hp_loss":0,"event_name":"Drug Dealer","floor":29,"gold_loss":0,"cards_obtained":["Rupture","Havoc"]},{"damage_healed":0,"gold_gain":0,"player_choice":"Shed Blood","damage_taken":21,"max_hp_gain":5,"max_hp_loss":0,"event_name":"Forgotten Altar","floor":30,"gold_loss":0},{"cards_removed":["Spot Weakness"],"damage_healed":0,"gold_gain":0,"player_choice":"Removed Skill","damage_taken":0,"max_hp_gain":0,"max_hp_loss":0,"event_name":"Falling","floor":37,"gold_loss":0},{"damage_healed":0,"gold_gain":0,"player_choice":"Ignored","damage_taken":0,"max_hp_gain":0,"max_hp_loss":0,"event_name":"Mysterious Sphere","floor":45,"gold_loss":0}],"is_beta":false,"boss_relics":[{"not_picked":["Cursed Key","Runic Dome"],"picked":"Pandora\u0027s Box"},{"not_picked":["Coffee Dripper","Velvet Choker"],"picked":"Lizard Tail"}],"items_purged_floors":[8,13,19,28,36,48],"is_endless":false,"potions_floor_spawned":[16,24,31,33,39,44,46],"killed_by":"Awakened One","ascension_level":0}