{"gold_per_floor":[115,115,125,125,50,81,81,93,93,93,127,127,138,138,138,233,233,245,245,245,263,263,263,263],"floor_reached":24,"playtime":928,"items_purged":["Strike_R"],"score":329,"play_id":"b26fbe00-0955-427e-9d10-c0a8ed375d93","local_time":"20190123202101","is_ascension_mode":true,"campfire_choices":[{"data":"Bash","floor":7,"key":"SMITH"},{"floor":10,"key":"REST"},{"data":"Corruption","floor":15,"key":"SMITH"},{"data":"Havoc","floor":23,"key":"SMITH"}],"neow_cost":"TEN_PERCENT_HP_LOSS","seed_source_timestamp":605837449103600,"circlet_count":0,"master_deck":["Bash+1","Clothesline","Shrug It Off","Entrench","Disarm","Body Slam","Corruption+1","Impervious","Limit Break","Shockwave","Havoc","Burning Pact","Havoc+1","Spot Weakness","Sever Soul","True Grit","RitualDagger"],"relics":["Burning Blood","Charon\u0027s Ashes","Ginger","Calipers","Regal Pillow","Blood Vial","Pandora\u0027s Box"],"potions_floor_usage":[16],"damage_taken":[{"damage":9,"enemies":"2 Louse","floor":1,"turns":3},{"damage":4,"enemies":"Jaw Worm","floor":3,"turns":4},{"damage":31,"enemies":"3 Sentries","floor":6,"turns":7},{"damage":0,"enemies":"Cultist","floor":8,"turns":3},{"damage":26,"enemies":"Gremlin Nob","floor":11,"turns":5},{"damage":2,"enemies":"2 Fungi Beasts","floor":13,"turns":4},{"damage":31,"enemies":"The Guardian","floor":16,"turns":13},{"damage":12,"enemies":"2 Thieves","floor":18,"turns":3},{"damage":6,"enemies":"Chosen","floor":21,"turns":4},{"damage":55,"enemies":"Book of Stabbing","floor":24,"turns":6}],"seed_played":"-2813210655776384558","potions_obtained":[{"floor":1,"key":"Poison Potion"},{"floor":13,"key":"SpeedPotion"},{"floor":16,"key":"Ancient Potion"},{"floor":21,"key":"Energy Potion"}],"is_trial":false,"path_per_floor":["M","?","M","?","$","E","R","M","T","R","E","T","M","$","R","B",null,"M","?","$","M","?","R","E"],"character_chosen":"IRONCLAD","items_purchased":[],"campfire_rested":1,"item_purchase_floors":[],"current_hp_per_floor":[69,55,57,57,57,32,32,38,38,59,39,39,45,45,45,22,60,56,50,50,52,52,52,0],"gold":263,"neow_bonus":"ONE_RARE_RELIC","is_prod":false,"is_daily":false,"chose_seed":false,"campfire_upgraded":3,"win_rate":0,"timestamp":1548274861,"path_taken":["M","?","M","?","$","E","R","M","T","R","E","?","?","$","R","BOSS","M","?","$","M","?","R","E"],"build_version":"2019-01-23","purchased_purges":1,"victory":false,"max_hp_per_floor":[72,72,72,72,72,72,72,72,72,72,72,72,72,72,72,72,72,72,72,72,72,72,72,72],"card_choices":[{"not_picked":["Shrug It Off","Battle Trance"],"picked":"Clothesline","floor":1},{"not_picked":["Sever Soul","Wild Strike"],"picked":"Shrug It Off","floor":3},{"not_picked":["Armaments","Rupture"],"picked":"Entrench","floor":6},{"not_picked":["Thunderclap","Body Slam"],"picked":"Disarm","floor":8},{"not_picked":["Shrug It Off","Armaments"],"picked":"Body Slam","floor":11},{"not_picked":["Dual Wield","Thunderclap"],"picked":"Corruption","floor":13},{"not_picked":["Berserk","Immolate"],"picked":"Impervious","floor":16},{"not_picked":["Entrench","Clothesline"],"picked":"True Grit","floor":18},{"not_picked":["Clash","Sword Boomerang","Headbutt"],"picked":"SKIP","floor":21}],"player_experience":156643,"relics_obtained":[{"floor":6,"key":"Ginger"},{"floor":9,"key":"Calipers"},{"floor":11,"key":"Regal Pillow"},{"floor":12,"key":"Blood Vial"}],"event_choices":[{"damage_healed":0,"gold_gain":0,"player_choice":"Entered Light","damage_taken":14,"max_hp_gain":0,"max_hp_loss":0,"event_name":"Shining Light","floor":2,"gold_loss":0,"cards_upgraded":["Strike_R","Defend_R"]},{"damage_healed":0,"gold_gain":0,"player_choice":"Ignored","damage_taken":0,"max_hp_gain":0,"max_hp_loss":0,"event_name":"Liars Game","floor":4,"gold_loss":0},{"damage_healed":0,"gold_gain":0,"player_choice":"Joined the Cult","damage_taken":6,"max_hp_gain":0,"max_hp_loss":0,"event_name":"Nest","floor":19,"gold_loss":0,"cards_obtained":["RitualDagger"]},{"cards_removed":["Hemokinesis"],"damage_healed":0,"gold_gain":0,"player_choice":"Purged","damage_taken":0,"max_hp_gain":0,"max_hp_loss":0,"event_name":"Purifier","floor":22,"gold_loss":0}],"is_beta":false,"boss_relics":[{"not_picked":["Busted Crown","Lizard Tail"],"picked":"Pandora\u0027s Box"}],"items_purged_floors":[5],"is_endless":false,"potions_floor_spawned":[1,13,16,21],"killed_by":"Book of Stabbing","ascension_level":9}