{"gold_per_floor":[114,189,11,11,26,26,56,68,105,132,159,171,198,225,237,349,361,388,415,427,454,135,135,150,165,240,255,255,255,310,325,325,425,425,440,154,154,169,184,184,199,224],"floor_reached":42,"playtime":3912,"items_purged":["Strike_B","Shame"],"score":424,"play_id":"ec9c8344-ee00-4213-b0be-758a453f9815","local_time":"20190123172029","daily_mods":["Cursed Run","ControlledChaos","Night Terrors"],"is_ascension_mode":false,"campfire_choices":[{"data":"Aggregate","floor":6,"key":"SMITH"},{"floor":12,"key":"REST"},{"floor":15,"key":"REST"},{"floor":23,"key":"REST"},{"data":"HandOfGreed","floor":29,"key":"SMITH"},{"floor":32,"key":"REST"},{"floor":40,"key":"REST"}],"neow_cost":"","seed_source_timestamp":0,"circlet_count":0,"master_deck":["Strike_B","Strike_B","Strike_B","Defend_B","Defend_B","Defend_B","Defend_B","Zap","Dualcast","Aggregate+1","Aggregate","Loop","Turbo","Force Field","Self Repair","Reprogram","Rebound","Core Surge","All For One","Steam+1","Storm","HandOfGreed+1","Sunder+1","Parasite","Rebound","Shame","Reboot","Steam Power"],"special_seed":17919,"relics":["Cursed Key","Darkstone Periapt","Du-Vu Doll","Frozen Eye","PreservedInsect","MawBank","Strawberry","Busted Crown","Dodecahedron","Letter Opener","Omamori","Nuclear Battery","Singing Bowl","NlothsMask"],"potions_floor_usage":[16,16,19,33,39,41,42],"damage_taken":[{"damage":0,"enemies":"2 Louse","floor":1,"turns":3},{"damage":1,"enemies":"Jaw Worm","floor":5,"turns":3},{"damage":31,"enemies":"3 Sentries","floor":7,"turns":6},{"damage":8,"enemies":"Cultist","floor":10,"turns":4},{"damage":13,"enemies":"Exordium Thugs","floor":11,"turns":6},{"damage":26,"enemies":"Gremlin Gang","floor":13,"turns":5},{"damage":23,"enemies":"Lots of Slimes","floor":14,"turns":5},{"damage":25,"enemies":"The Guardian","floor":16,"turns":8},{"damage":9,"enemies":"Spheric Guardian","floor":18,"turns":4},{"damage":18,"enemies":"2 Thieves","floor":19,"turns":5},{"damage":25,"enemies":"Shelled Parasite and Fungi","floor":21,"turns":6},{"damage":18,"enemies":"Snecko","floor":24,"turns":5},{"damage":25,"enemies":"Snake Plant","floor":25,"turns":3},{"damage":7,"enemies":"Chosen and Byrds","floor":27,"turns":5},{"damage":38,"enemies":"Book of Stabbing","floor":30,"turns":4},{"damage":12,"enemies":"Snecko","floor":31,"turns":3},{"damage":54,"enemies":"Automaton","floor":33,"turns":9},{"damage":13,"enemies":"Orb Walker","floor":35,"turns":4},{"damage":38,"enemies":"3 Darklings","floor":38,"turns":7},{"damage":14,"enemies":"Spire Growth","floor":39,"turns":4},{"damage":84,"enemies":"Transient","floor":41,"turns":5}],"seed_played":"-8779709241295091905","potions_obtained":[{"floor":1,"key":"Poison Potion"},{"floor":7,"key":"EssenceOfSteel"},{"floor":13,"key":"GamblersBrew"},{"floor":19,"key":"SteroidPotion"},{"floor":21,"key":"GamblersBrew"},{"floor":27,"key":"GamblersBrew"},{"floor":31,"key":"Strength Potion"},{"floor":39,"key":"SkillPotion"},{"floor":41,"key":"Fire Potion"}],"is_trial":false,"path_per_floor":["M","?","$","?","M","R","E","$","T","M","M","R","M","M","R","B",null,"M","M","?","M","$","R","M","M","T","M","?","R","E","M","R","B",null,"M","$","?","M","M","R","M","M"],"character_chosen":"DEFECT","items_purchased":["Aggregate","Loop","Storm","HandOfGreed","Steam Power","Singing Bowl"],"campfire_rested":5,"item_purchase_floors":[3,3,22,22,36,36],"current_hp_per_floor":[75,64,64,57,56,56,25,25,38,30,24,83,64,48,78,66,84,82,64,64,46,46,79,68,50,56,56,62,62,24,19,86,39,86,80,80,80,51,46,85,10,0],"gold":224,"neow_bonus":"","is_prod":false,"is_daily":true,"chose_seed":false,"campfire_upgraded":2,"win_rate":0.0,"timestamp":1548231629,"path_taken":["M","?","$","?","?","R","E","$","T","M","M","R","M","M","R","BOSS","M","?","?","?","$","R","?","M","T","?","?","R","E","M","R","BOSS","M","$","?","M","?","R","M","M"],"build_version":"2019-01-17v2","purchased_purges":2,"victory":false,"max_hp_per_floor":[75,75,75,75,75,75,75,75,88,88,88,83,83,83,78,84,84,84,84,84,84,84,79,79,79,85,85,91,91,91,91,86,86,86,86,86,86,88,90,85,87,87],"card_choices":[{"not_picked":["Gash","Go for the Eyes"],"picked":"Aggregate","floor":1},{"not_picked":["Go for the Eyes","Steam"],"picked":"Turbo","floor":5},{"not_picked":["Redo","Scrape"],"picked":"Force Field","floor":7},{"not_picked":["Hello World","Leap"],"picked":"Self Repair","floor":10},{"not_picked":["Aggregate","Redo"],"picked":"Reprogram","floor":11},{"not_picked":["Barrage","Leap"],"picked":"Rebound","floor":13},{"not_picked":["Redo","Beam Cell"],"picked":"Core Surge","floor":14},{"not_picked":["Seek","Electrodynamics"],"picked":"All For One","floor":16},{"not_picked":[],"picked":"Steam+1","floor":18},{"not_picked":["Coolheaded"],"picked":"SKIP","floor":19},{"not_picked":["Redo+1"],"picked":"SKIP","floor":21},{"not_picked":[],"picked":"Sunder+1","floor":24},{"not_picked":["Conserve Battery"],"picked":"SKIP","floor":25},{"not_picked":[],"picked":"Rebound","floor":27},{"not_picked":["Sweeping Beam+1"],"picked":"SKIP","floor":30},{"not_picked":["Doom and Gloom"],"picked":"SKIP","floor":31},{"not_picked":[],"picked":"Reboot","floor":33},{"not_picked":["Genetic Algorithm"],"picked":"SKIP","floor":35},{"not_picked":["Cold Snap+1"],"picked":"Singing Bowl","floor":38},{"not_picked":["Conserve Battery+1"],"picked":"Singing Bowl","floor":39},{"not_picked":["Conserve Battery+1"],"picked":"Singing Bowl","floor":41}],"player_experience":40985,"relics_obtained":[{"floor":7,"key":"MawBank"},{"floor":9,"key":"Strawberry"},{"floor":26,"key":"Dodecahedron"},{"floor":30,"key":"Omamori"}],"event_choices":[{"damage_healed":0,"gold_gain":75,"player_choice":"Gather Gold","damage_taken":11,"max_hp_gain":0,"max_hp_loss":0,"event_name":"World of Goop","floor":2,"gold_loss":0},{"damage_healed":0,"gold_gain":0,"player_choice":"Success","damage_taken":7,"relics_obtained":["PreservedInsect"],"max_hp_gain":0,"max_hp_loss":0,"event_name":"Scrap Ooze","floor":4,"gold_loss":0},{"cards_removed":["Pain"],"damage_healed":0,"gold_gain":0,"player_choice":"Purged","damage_taken":0,"max_hp_gain":0,"max_hp_loss":0,"event_name":"Purifier","floor":20,"gold_loss":0},{"damage_healed":0,"gold_gain":0,"player_choice":"Stole Relic","damage_taken":0,"relics_obtained":["Letter Opener"],"max_hp_gain":0,"max_hp_loss":0,"event_name":"Addict","floor":28,"gold_loss":0,"cards_obtained":["Shame"]},{"damage_healed":0,"gold_gain":0,"player_choice":"Trade","damage_taken":0,"relics_obtained":["NlothsMask"],"max_hp_gain":0,"max_hp_loss":0,"event_name":"FaceTrader","floor":37,"gold_loss":0}],"is_beta":false,"boss_relics":[{"not_picked":["Lizard Tail","Eternal Feather"],"picked":"Busted Crown"},{"not_picked":["Astrolabe","Empty Cage"],"picked":"Nuclear Battery"}],"items_purged_floors":[3,22],"is_endless":false,"potions_floor_spawned":[1,7,13,19,21,27,31,39,41],"killed_by":"4 Shapes","ascension_level":0}