{"gold_per_floor":[109,109,119,119,138,138,168,188,188,188,206,206,216,18,18,18],"floor_reached":16,"playtime":592,"items_purged":[],"score":173,"play_id":"adfda2a5-3a2f-4a62-a111-e19a1a2d6a27","local_time":"20190202153111","is_ascension_mode":true,"campfire_choices":[{"data":"Neutralize","floor":6,"key":"SMITH"},{"floor":10,"key":"REST"},{"data":"Poisoned Stab","floor":12,"key":"SMITH"},{"data":"Footwork","floor":15,"key":"SMITH"}],"neow_cost":"PERCENT_DAMAGE","seed_source_timestamp":4545868218200,"circlet_count":0,"master_deck":["AscendersBane","Defend_G","Defend_G","Defend_G","Defend_G","Defend_G","Strike_G","Strike_G","Strike_G","Strike_G","Strike_G","Survivor","Neutralize+1","Dash+1","Dagger Spray","Poisoned Stab+1","Crippling Poison","Footwork+1","Backstab","PiercingWail"],"special_seed":0,"relics":["Ring of the Snake","Tough Bandages","Paper Crane","Shovel"],"potions_floor_usage":[11,16,16],"damage_taken":[{"damage":0.0,"enemies":"2 Louse","floor":1.0,"turns":3.0},{"damage":1,"enemies":"Jaw Worm","floor":3,"turns":7},{"damage":0,"enemies":"Cultist","floor":5,"turns":4},{"damage":32,"enemies":"3 Sentries","floor":7,"turns":16},{"damage":8,"enemies":"3 Louse","floor":8,"turns":4},{"damage":0,"enemies":"Looter","floor":11,"turns":3},{"damage":0,"enemies":"Blue Slaver","floor":13,"turns":4},{"damage":29,"enemies":"Slime Boss","floor":16,"turns":13}],"seed_played":"5188409613110706554","potions_obtained":[{"floor":7,"key":"AttackPotion"},{"floor":11,"key":"Block Potion"},{"floor":13,"key":"PowerPotion"}],"is_trial":false,"path_per_floor":["M","?","M","?","M","R","E","M","T","R","M","R","M","$","R","B"],"character_chosen":"THE_SILENT","items_purchased":["Footwork","Backstab","PiercingWail"],"campfire_rested":1,"item_purchase_floors":[14,14,14],"current_hp_per_floor":[44,44,43,43,43,43,11,3,3,22,22,22,22,22,22,0],"gold":18,"neow_bonus":"ONE_RARE_RELIC","is_prod":false,"is_daily":false,"chose_seed":false,"campfire_upgraded":3,"win_rate":0,"timestamp":1549114271,"path_taken":["M","?","M","?","M","R","E","M","T","R","M","R","M","$","R","BOSS"],"build_version":"2019-01-23","purchased_purges":0,"victory":false,"max_hp_per_floor":[66,66,66,66,66,66,66,66,66,66,66,66,66,66,66,66],"card_choices":[{"not_picked":["Dodge and Roll","Underhanded Strike","Endless Agony"],"picked":"SKIP","floor":1.0},{"not_picked":["Deflect","Outmaneuver"],"picked":"Dash","floor":3},{"not_picked":["Tactician","Escape Plan","Storm of Steel"],"picked":"SKIP","floor":5},{"not_picked":["Flying Knee","Dodge and Roll"],"picked":"Dagger Spray","floor":7},{"not_picked":["Backflip","Tools of the Trade","Dash"],"picked":"SKIP","floor":8},{"not_picked":["All Out Attack","Deflect"],"picked":"Poisoned Stab","floor":11},{"not_picked":["Dagger Throw","Underhanded Strike"],"picked":"Crippling Poison","floor":13}],"player_experience":569112,"relics_obtained":[{"floor":7,"key":"Paper Crane"},{"floor":9,"key":"Shovel"}],"event_choices":[{"damage_healed":0,"gold_gain":0,"player_choice":"Fled","damage_taken":0,"max_hp_gain":0,"max_hp_loss":0,"event_name":"Scrap Ooze","floor":2,"gold_loss":0},{"damage_healed":0,"gold_gain":0,"player_choice":"Upgraded","damage_taken":0,"max_hp_gain":0,"max_hp_loss":0,"event_name":"Upgrade Shrine","floor":4,"gold_loss":0,"cards_upgraded":["Dash"]}],"is_beta":false,"boss_relics":[],"items_purged_floors":[],"is_endless":false,"potions_floor_spawned":[7,11,13],"killed_by":"Slime Boss","ascension_level":14}