{"gold_per_floor":[119,137,137,153,166,166,191,141,141,152,152,77,77,92,92,194,194,177,77,127,127,127,127,127,158,158,158,50,149,165,182,182,281,281,293,293,305,19,101,101,135,135,161,161,161,161,179,193,193,193],"floor_reached":50,"playtime":2543,"items_purged":["Strike_B","Strike_B"],"score":777,"play_id":"8efbd9d7-2521-46f5-b0b0-ab894642ee8e","local_time":"20190203124651","is_ascension_mode":true,"campfire_choices":[{"data":"Zap","floor":6,"key":"SMITH"},{"data":"Echo Form","floor":13,"key":"SMITH"},{"data":"Self Repair","floor":15,"key":"SMITH"},{"data":"Creative AI","floor":23,"key":"SMITH"},{"data":"White Noise","floor":27,"key":"SMITH"},{"data":"Leap","floor":32,"key":"SMITH"},{"data":"Thunder Strike","floor":40,"key":"SMITH"},{"data":"Dualcast","floor":44,"key":"SMITH"},{"data":"Undo","floor":49,"key":"SMITH"}],"neow_cost":"NONE","seed_source_timestamp":191755349705599,"circlet_count":0,"master_deck":["Defend_B+1","Defend_B","Defend_B","Defend_B+1","Zap+1","Dualcast+1","Ball Lightning","Self Repair+1","Undo+1","Echo Form+1","White Noise+1","Core Surge","Creative AI+1","Finesse","Leap+1","Thunder Strike+1"],"relics":["Cracked Core","NeowsBlessing","PreservedInsect","Juzu Bracelet","Coffee Dripper","MutagenicStrength","Bottled Lightning","The Courier","Lizard Tail","Bag of Preparation","OrangePellets","Molten Egg 2","Letter Opener","Boot"],"potions_floor_usage":[25,25,33,33,41,50,50,50,50,50,50],"damage_taken":[{"damage":0,"enemies":"Small Slimes","floor":1,"turns":1},{"damage":0,"enemies":"2 Louse","floor":2,"turns":1},{"damage":0,"enemies":"Cultist","floor":4,"turns":1},{"damage":0,"enemies":"Large Slime","floor":5,"turns":4},{"damage":25,"enemies":"Lagavulin","floor":7,"turns":8},{"damage":1,"enemies":"2 Fungi Beasts","floor":10,"turns":3},{"damage":0,"enemies":"Blue Slaver","floor":14,"turns":4},{"damage":0,"enemies":"The Guardian","floor":16,"turns":10},{"damage":14,"enemies":"2 Thieves","floor":18,"turns":4},{"damage":46,"enemies":"Slavers","floor":25,"turns":5},{"damage":7,"enemies":"Chosen","floor":30,"turns":6},{"damage":7,"enemies":"Shelled Parasite and Fungi","floor":31,"turns":5},{"damage":26,"enemies":"Champ","floor":33,"turns":9},{"damage":16,"enemies":"3 Darklings","floor":35,"turns":7},{"damage":6,"enemies":"Orb Walker","floor":37,"turns":4},{"damage":101,"enemies":"Reptomancer","floor":41,"turns":8},{"damage":26,"enemies":"4 Shapes","floor":47,"turns":8},{"damage":24,"enemies":"Sphere and 2 Shapes","floor":48,"turns":5},{"damage":72,"enemies":"Time Eater","floor":50,"turns":6}],"seed_played":"2294112922195698816","potions_obtained":[{"floor":1,"key":"EssenceOfSteel"},{"floor":4,"key":"Block Potion"},{"floor":14,"key":"Strength Potion"},{"floor":25,"key":"Energy Potion"},{"floor":30,"key":"Energy Potion"},{"floor":37,"key":"Fire Potion"},{"floor":41,"key":"EssenceOfSteel"},{"floor":45,"key":"EntropicBrew"}],"is_trial":false,"path_per_floor":["M","M","?","M","M","R","E","?","T","M","?","$","R","M","R","B",null,"M","$","?","?","?","R","?","E","T","R","$","?","M","M","R","B",null,"M","?","M","$","T","R","E","?","T","R","?","?","M","M","R","B"],"character_chosen":"DEFECT","items_purchased":["Finesse","Leap","Bag of Preparation","OrangePellets"],"campfire_rested":0,"item_purchase_floors":[28,28,38,38],"current_hp_per_floor":[68,68,61,61,68,68,50,50,50,56,41,41,41,48,48,58,71,67,67,67,67,67,67,53,17,17,17,17,17,30,43,43,27,67,71,63,77,77,77,77,60,60,60,60,60,60,54,40,40,0],"gold":193,"neow_bonus":"THREE_ENEMY_KILL","is_prod":false,"is_daily":false,"chose_seed":false,"campfire_upgraded":9,"win_rate":0,"timestamp":1549158411,"path_taken":["M","M","?","M","M","R","E","?","T","M","?","$","R","M","R","BOSS","M","$","?","?","?","R","?","E","T","R","$","?","M","M","R","BOSS","M","?","M","$","?","R","E","?","T","R","?","?","M","M","R","BOSS"],"build_version":"2019-01-23","purchased_purges":2,"victory":false,"max_hp_per_floor":[75,75,75,75,75,75,75,75,75,75,75,75,75,75,75,75,75,75,75,75,75,75,75,80,80,80,80,80,80,80,80,80,80,80,80,80,80,80,80,80,80,80,80,80,80,80,80,80,80,80],"card_choices":[{"not_picked":["Force Field","Reprogram"],"picked":"Ball Lightning","floor":1},{"not_picked":["Hologram","Turbo","Conserve Battery"],"picked":"SKIP","floor":2},{"not_picked":["Sweeping Beam","Coolheaded"],"picked":"Self Repair","floor":4},{"not_picked":["Tempest","Auto Shields"],"picked":"Undo","floor":5},{"not_picked":["Gash","Streamline"],"picked":"Echo Form","floor":7},{"not_picked":["Hologram","Stack"],"picked":"White Noise","floor":10},{"not_picked":["Gash","Blizzard"],"picked":"Core Surge","floor":14},{"not_picked":["Fission","All For One"],"picked":"Creative AI","floor":16},{"not_picked":["Stack","Turbo+1","Redo"],"picked":"SKIP","floor":18},{"not_picked":["Multi-Cast","Self Repair","Barrage+1"],"picked":"SKIP","floor":25},{"not_picked":["Turbo+1","Redo","Auto Shields"],"picked":"SKIP","floor":30},{"not_picked":["Tempest+1","Redo+1","Hologram"],"picked":"SKIP","floor":31},{"not_picked":["Echo Form","Core Surge"],"picked":"Thunder Strike","floor":33},{"not_picked":["Go for the Eyes+1","Chaos","Coolheaded"],"picked":"SKIP","floor":35},{"not_picked":["Consume","Reprogram","Lockon+1"],"picked":"SKIP","floor":37},{"not_picked":["Loop+1","Cold Snap+1","Core Surge+1"],"picked":"SKIP","floor":41},{"not_picked":["Self Repair+1","Auto Shields+1","Leap+1"],"picked":"SKIP","floor":47},{"not_picked":["Auto Shields+1","Coolheaded","Aggregate"],"picked":"SKIP","floor":48}],"player_experience":687379,"relics_obtained":[{"floor":7,"key":"PreservedInsect"},{"floor":9,"key":"Juzu Bracelet"},{"floor":25,"key":"Bottled Lightning"},{"floor":26,"key":"The Courier"},{"floor":39,"key":"Molten Egg 2"},{"floor":41,"key":"Letter Opener"},{"floor":43,"key":"Boot"}],"event_choices":[{"cards_removed":["Strike_B"],"damage_healed":0,"gold_gain":0,"player_choice":"Card Removal","damage_taken":7,"max_hp_gain":0,"max_hp_loss":0,"event_name":"Golden Wing","floor":3,"gold_loss":0},{"cards_removed":["Strike_B"],"damage_healed":0,"gold_gain":0,"player_choice":"Card Removal","damage_taken":0,"max_hp_gain":0,"max_hp_loss":0,"event_name":"The Cleric","floor":8,"gold_loss":50},{"damage_healed":0,"gold_gain":0,"player_choice":"Entered Light","damage_taken":15,"max_hp_gain":0,"max_hp_loss":0,"event_name":"Shining Light","floor":11,"gold_loss":0,"cards_upgraded":["Defend_B","Defend_B"]},{"damage_healed":0,"gold_gain":100,"player_choice":"Bet on Murderer","damage_taken":0,"max_hp_gain":0,"max_hp_loss":0,"event_name":"The Joust","floor":20,"gold_loss":50},{"damage_healed":0,"gold_gain":0,"player_choice":"Ignored","damage_taken":0,"max_hp_gain":0,"max_hp_loss":0,"event_name":"Ghosts","floor":21,"gold_loss":0},{"damage_healed":0,"gold_gain":0,"player_choice":"Inject Mutagens","damage_taken":0,"relics_obtained":["MutagenicStrength"],"max_hp_gain":0,"max_hp_loss":0,"event_name":"Drug Dealer","floor":22,"gold_loss":0},{"damage_healed":0,"gold_gain":0,"player_choice":"Shed Blood","damage_taken":19,"max_hp_gain":5,"max_hp_loss":0,"event_name":"Forgotten Altar","floor":24,"gold_loss":0},{"damage_healed":0,"gold_gain":99,"player_choice":"Stole From Cult","damage_taken":0,"max_hp_gain":0,"max_hp_loss":0,"event_name":"Nest","floor":29,"gold_loss":0},{"damage_healed":0,"gold_gain":0,"player_choice":"Damaged","damage_taken":8,"max_hp_gain":0,"max_hp_loss":0,"event_name":"Wheel of Change","floor":36,"gold_loss":0},{"damage_healed":0,"gold_gain":0,"player_choice":"Ignored","damage_taken":0,"max_hp_gain":0,"max_hp_loss":0,"event_name":"Tomb of Lord Red Mask","floor":42,"gold_loss":0},{"damage_healed":0,"gold_gain":0,"player_choice":"Got Potions","damage_taken":0,"max_hp_gain":0,"max_hp_loss":0,"event_name":"Lab","floor":45,"gold_loss":0},{"damage_healed":0,"gold_gain":0,"player_choice":"Ignored","damage_taken":0,"max_hp_gain":0,"max_hp_loss":0,"event_name":"Mysterious Sphere","floor":46,"gold_loss":0}],"is_beta":false,"boss_relics":[{"not_picked":["Black Star","Astrolabe"],"picked":"Coffee Dripper"},{"not_picked":["Orrery","Busted Crown"],"picked":"Lizard Tail"}],"items_purged_floors":[12,19],"is_endless":false,"potions_floor_spawned":[1,4,14,18,25,30,37,41,47],"killed_by":"Time Eater","ascension_level":9}