{"gold_per_floor":[110,130,130,130,150,175,175,202,202,202,227,152,196,211,211,332,332,353,353,377,400,416,416,757,771,795,795,795,616,531,599,599,725,725,743,635,659,682,682,682,807,807,807,839,851,863,915,412,412,412],"floor_reached":51,"playtime":2165,"items_purged":["Defend_R","Strike_R","Injury"],"score":910,"play_id":"a128b7a9-f254-4507-8968-45bf5c75864a","local_time":"20181225233920","is_ascension_mode":true,"campfire_choices":[{"data":"Flame Barrier","floor":7.0,"key":"SMITH"},{"data":"Shockwave","floor":15.0,"key":"SMITH"},{"floor":23.0,"key":"REST"},{"data":"Perfected Strike","floor":28.0,"key":"SMITH"},{"floor":32.0,"key":"REST"},{"data":"Perfected Strike","floor":40,"key":"SMITH"},{"data":"Perfected Strike","floor":42,"key":"SMITH"},{"data":"Demon Form","floor":45,"key":"SMITH"},{"floor":49,"key":"REST"}],"neow_cost":"NONE","seed_source_timestamp":0,"circlet_count":0,"master_deck":["Strike_R+1","Strike_R","Strike_R","Defend_R","Defend_R+1","Defend_R+1","Bash+1","Flame Barrier+1","Shrug It Off+1","Twin Strike+1","Wild Strike","Twin Strike","Shockwave+1","Pommel Strike","Double Tap","Shockwave+1","Carnage+1","Fiend Fire","Perfected Strike+1","Spot Weakness","Demon Form+1","Perfected Strike+1","Perfected Strike","Perfected Strike+1","Dropkick","Pummel+1","Pommel Strike+1","Pommel Strike+1","Pommel Strike"],"special_seed":0,"relics":["Burning Blood","Calipers","Bottled Lightning","Meat on the Bone","Golden Idol","Self Forming Clay","Snecko Eye","Old Coin","Orichalcum","Matryoshka","Tiny Chest","Orrery","War Paint","Mummified Hand","Kunai","Dead Branch","Singing Bowl","MawBank","FossilizedHelix","Whetstone","Centennial Puzzle"],"potions_floor_usage":[50,50,50],"damage_taken":[{"damage":0.0,"enemies":"Jaw Worm","floor":1.0,"turns":4.0},{"damage":7.0,"enemies":"Small Slimes","floor":2.0,"turns":4.0},{"damage":0.0,"enemies":"2 Louse","floor":5.0,"turns":4.0},{"damage":26.0,"enemies":"Gremlin Nob","floor":6.0,"turns":5.0},{"damage":10.0,"enemies":"3 Sentries","floor":8.0,"turns":13.0},{"damage":0.0,"enemies":"Gremlin Gang","floor":11.0,"turns":7.0},{"damage":28.0,"enemies":"Lagavulin","floor":13.0,"turns":9.0},{"damage":0.0,"enemies":"Looter","floor":14.0,"turns":3.0},{"damage":26.0,"enemies":"The Guardian","floor":16.0,"turns":11.0},{"damage":13.0,"enemies":"Shell Parasite","floor":18.0,"turns":3.0},{"damage":6.0,"enemies":"Spheric Guardian","floor":20.0,"turns":4.0},{"damage":24.0,"enemies":"Snake Plant","floor":21.0,"turns":5.0},{"damage":19.0,"enemies":"Shelled Parasite and Fungi","floor":22.0,"turns":6.0},{"damage":8.0,"enemies":"Slavers","floor":24.0,"turns":3.0},{"damage":9.0,"enemies":"3 Cultists","floor":25.0,"turns":5.0},{"damage":41.0,"enemies":"Gremlin Leader","floor":31.0,"turns":5.0},{"damage":64.0,"enemies":"Champ","floor":33.0,"turns":10.0},{"damage":4,"enemies":"Orb Walker","floor":35,"turns":3},{"damage":20,"enemies":"3 Shapes","floor":37,"turns":4},{"damage":0,"enemies":"Maw","floor":38,"turns":5},{"damage":18,"enemies":"Mind Bloom Boss Battle","floor":41,"turns":5},{"damage":0,"enemies":"Jaw Worm Horde","floor":44,"turns":2},{"damage":33,"enemies":"Reptomancer","floor":47,"turns":4},{"damage":7,"enemies":"Time Eater","floor":50,"turns":3}],"seed_played":"-5832446342512244975","potions_obtained":[{"floor":2.0,"key":"GamblersBrew"},{"floor":6.0,"key":"Dexterity Potion"},{"floor":8.0,"key":"GamblersBrew"},{"floor":14.0,"key":"Strength Potion"},{"floor":19.0,"key":"Regen Potion"},{"floor":19.0,"key":"Weak Potion"},{"floor":19.0,"key":"AttackPotion"},{"floor":22.0,"key":"Strength Potion"},{"floor":24.0,"key":"Strength Potion"},{"floor":31.0,"key":"EssenceOfSteel"},{"floor":33.0,"key":"PowerPotion"},{"floor":35,"key":"BloodPotion"},{"floor":38,"key":"Strength Potion"}],"is_trial":false,"path_per_floor":["M","M","?","?","M","E","R","E","T","?","M","$","E","M","R","B",null,"M","?","M","M","M","R","E","M","T","?","R","$","?","E","R","B",null,"M","?","M","M","T","R","?","R","T","M","R","?","E","$","R","B",null],"character_chosen":"IRONCLAD","items_purchased":["Spot Weakness","Whetstone","Strength Potion","Pommel Strike","Centennial Puzzle"],"campfire_rested":3,"item_purchase_floors":[29,48,48,48,48],"current_hp_per_floor":[80,79,79,63,69,49,49,45,45,45,51,51,41,47,47,39,80,73,73,73,55,54,78,76,73,73,73,73,73,73,50,74,28,80,80,80,66,72,72,72,60,60,60,66,66,66,53,53,77,76],"gold":412,"neow_bonus":"THREE_CARDS","is_prod":false,"is_daily":false,"chose_seed":false,"campfire_upgraded":6,"win_rate":0,"timestamp":1545777560,"path_taken":["M","M","?","?","M","E","R","E","T","?","M","?","E","M","R","BOSS","M","?","M","?","M","R","E","M","T","?","R","$","?","E","R","BOSS","M","?","?","M","?","R","?","R","T","M","R","?","E","$","R","BOSS"],"build_version":"2018-12-20","purchased_purges":3,"victory":true,"max_hp_per_floor":[80,80,80,80,80,80,80,80,80,80,80,80,80,80,80,80,80,80,80,80,80,80,80,80,80,80,80,80,80,80,80,80,80,80,80,80,80,80,80,80,80,80,80,80,80,80,82,82,82,82],"card_choices":[{"not_picked":["Dropkick","Clash"],"picked":"Flame Barrier","floor":0.0},{"not_picked":["Thunderclap","Flex"],"picked":"Shrug It Off","floor":1.0},{"not_picked":["Flex","Sentinel","Rage"],"picked":"SKIP","floor":2.0},{"not_picked":["Sentinel","Rage"],"picked":"Twin Strike","floor":5.0},{"not_picked":["Shrug It Off","Anger","Exhume"],"picked":"SKIP","floor":6.0},{"not_picked":["Limit Break","Armaments"],"picked":"Wild Strike","floor":8.0},{"not_picked":["Armaments","Shrug It Off"],"picked":"Twin Strike","floor":11.0},{"not_picked":["Clash","Reckless Charge"],"picked":"Shockwave","floor":13.0},{"not_picked":["Heavy Blade","Rage"],"picked":"Pommel Strike","floor":14.0},{"not_picked":["Brutality","Impervious"],"picked":"Double Tap","floor":16.0},{"not_picked":["Warcry+1","Clash","Shrug It Off"],"picked":"SKIP","floor":18.0},{"not_picked":["Dropkick","Warcry+1"],"picked":"Shockwave+1","floor":20.0},{"not_picked":["Heavy Blade+1","Twin Strike+1"],"picked":"Carnage+1","floor":21.0},{"not_picked":["Iron Wave","Armaments"],"picked":"Fiend Fire","floor":22.0},{"not_picked":["Warcry","Twin Strike","Cleave"],"picked":"SKIP","floor":24.0},{"not_picked":["Thunderclap","Rage"],"picked":"Perfected Strike","floor":25.0},{"not_picked":["Clothesline","Offering","Anger"],"picked":"SKIP","floor":31.0},{"not_picked":["Exhume","Immolate"],"picked":"Demon Form","floor":33.0},{"not_picked":["Battle Trance","Iron Wave"],"picked":"Perfected Strike","floor":34},{"not_picked":["Headbutt","Cleave"],"picked":"Perfected Strike","floor":34},{"not_picked":["Armaments","Offering"],"picked":"Perfected Strike","floor":34},{"not_picked":["Evolve","Body Slam"],"picked":"Dropkick","floor":34},{"not_picked":["Corruption+1","Clash","Anger+1"],"picked":"SKIP","floor":35},{"not_picked":["Body Slam","Seeing Red","Burning Pact"],"picked":"SKIP","floor":37},{"not_picked":["True Grit+1","Armaments+1"],"picked":"Pummel+1","floor":38},{"not_picked":["Uppercut+1","Flex+1"],"picked":"Pommel Strike+1","floor":41},{"not_picked":["Power Through","Wild Strike"],"picked":"Pommel Strike+1","floor":44},{"not_picked":["Clash","Headbutt+1","Perfected Strike"],"picked":"Singing Bowl","floor":47}],"player_experience":225663,"relics_obtained":[{"floor":6.0,"key":"Calipers"},{"floor":8.0,"key":"Bottled Lightning"},{"floor":9.0,"key":"Meat on the Bone"},{"floor":13.0,"key":"Self Forming Clay"},{"floor":24.0,"key":"Old Coin"},{"floor":26.0,"key":"Orichalcum"},{"floor":31.0,"key":"Tiny Chest"},{"floor":39,"key":"Mummified Hand"},{"floor":39,"key":"Kunai"},{"floor":41,"key":"Dead Branch"},{"floor":43,"key":"Singing Bowl"},{"floor":43,"key":"MawBank"},{"floor":47,"key":"FossilizedHelix"}],"event_choices":[{"cards_removed":["Strike_R"],"damage_healed":0.0,"max_hp_gain":0.0,"max_hp_loss":0.0,"gold_gain":0.0,"event_name":"Living Wall","player_choice":"Forget","floor":3.0,"gold_loss":0.0,"damage_taken":0.0},{"damage_healed":0.0,"max_hp_gain":0.0,"max_hp_loss":0.0,"gold_gain":0.0,"event_name":"Shining Light","player_choice":"Entered Light","floor":4.0,"gold_loss":0.0,"damage_taken":16.0,"cards_upgraded":["Bash","Defend_R"]},{"damage_healed":0.0,"max_hp_gain":0.0,"max_hp_loss":0.0,"gold_gain":0.0,"event_name":"Golden Idol","player_choice":"Take Wound","floor":10.0,"gold_loss":0.0,"damage_taken":0.0,"relics_obtained":["Golden Idol"],"cards_obtained":["Injury"]},{"damage_healed":0.0,"max_hp_gain":0.0,"max_hp_loss":0.0,"gold_gain":0.0,"event_name":"Lab","player_choice":"Got Potions","floor":19.0,"gold_loss":0.0,"damage_taken":0.0},{"damage_healed":0.0,"max_hp_gain":0.0,"max_hp_loss":0.0,"gold_gain":0.0,"event_name":"Vampires","player_choice":"Ignored","floor":27.0,"gold_loss":0.0,"damage_taken":0.0},{"damage_healed":0.0,"max_hp_gain":0.0,"max_hp_loss":0.0,"gold_gain":0.0,"event_name":"Addict","player_choice":"Obtained Relic","floor":30.0,"gold_loss":85.0,"damage_taken":0.0,"relics_obtained":["Matryoshka"]},{"damage_healed":0,"gold_gain":0,"player_choice":"Paid Gold","damage_taken":0,"relics_obtained":["War Paint"],"max_hp_gain":0,"max_hp_loss":0,"event_name":"WeMeetAgain","floor":36,"gold_loss":108},{"damage_healed":0,"gold_gain":0,"player_choice":"Fight","damage_taken":0,"max_hp_gain":0,"max_hp_loss":0,"event_name":"MindBloom","floor":41,"gold_loss":0},{"damage_healed":0,"gold_gain":0,"player_choice":"Ignored","damage_taken":0,"max_hp_gain":0,"max_hp_loss":0,"event_name":"Tomb of Lord Red Mask","floor":46,"gold_loss":0}],"is_beta":false,"boss_relics":[{"not_picked":["Tiny House","Lizard Tail"],"picked":"Snecko Eye"},{"not_picked":["Coffee Dripper","White Beast Statue"],"picked":"Orrery"}],"items_purged_floors":[12,29,48],"is_endless":false,"potions_floor_spawned":[2,6,8,14,22,24,31,33,35,38],"ascension_level":3}