{"gold_per_floor":[112,112,36,51,16,51,51,77,128,128,147,147,69,80,80,181,181,161,161,180,279,13,13,13],"floor_reached":24,"playtime":769,"items_purged":[],"score":202,"play_id":"b6da0eae-63af-442a-bdb2-c641375704b4","local_time":"20190112020422","is_ascension_mode":false,"campfire_choices":[{"data":"Creative AI","floor":7,"key":"SMITH"},{"floor":10,"key":"REST"},{"floor":15,"key":"REST"},{"data":"Self Repair","floor":23,"key":"SMITH"}],"neow_cost":"NONE","seed_source_timestamp":135970440055354,"circlet_count":0,"master_deck":["Strike_B","Strike_B","Strike_B","Strike_B","Defend_B","Defend_B","Defend_B","Defend_B","Zap+1","Steam+1","Self Repair+1","Sweeping Beam","Creative AI+1","Rebound","Steam","Self Repair+1","Echo Form+1","Capacitor+1","Sweeping Beam+1","Defragment+1","Ball Lightning"],"relics":["Cracked Core","War Paint","Blue Candle","Frozen Egg 2","Bag of Preparation","Eternal Feather","Juzu Bracelet"],"potions_floor_usage":[8,18],"damage_taken":[{"damage":3,"enemies":"Small Slimes","floor":1,"turns":4},{"damage":5,"enemies":"Jaw Worm","floor":4,"turns":5},{"damage":22,"enemies":"3 Sentries","floor":6,"turns":8},{"damage":53,"enemies":"Gremlin Nob","floor":8,"turns":6},{"damage":5,"enemies":"2 Louse","floor":11,"turns":3},{"damage":0,"enemies":"Exordium Wildlife","floor":14,"turns":3},{"damage":59,"enemies":"Hexaghost","floor":16,"turns":9},{"damage":23,"enemies":"2 Thieves","floor":18,"turns":4},{"damage":55,"enemies":"3 Byrds","floor":20,"turns":8},{"damage":64,"enemies":"Book of Stabbing","floor":24,"turns":5}],"seed_played":"-4525139230465840941","potions_obtained":[{"floor":4,"key":"Weak Potion"},{"floor":16,"key":"Weak Potion"},{"floor":20,"key":"SpeedPotion"}],"is_trial":false,"path_per_floor":["M","?","$","M","?","E","R","E","T","R","M","?","$","M","R","B",null,"M","?","M","?","$","R","E"],"character_chosen":"DEFECT","items_purchased":["Self Repair","Self Repair+1","Juzu Bracelet","Defragment+1","Ball Lightning"],"campfire_rested":2,"item_purchase_floors":[3,13,22,22,22],"current_hp_per_floor":[79,61,61,63,82,67,67,21,21,45,47,40,40,57,81,39,82,69,69,48,48,48,60,0],"gold":13,"neow_bonus":"TEN_PERCENT_HP_BONUS","is_prod":false,"is_daily":false,"chose_seed":false,"campfire_upgraded":2,"win_rate":0.0,"timestamp":1547255062,"path_taken":["M","?","$","M","?","E","R","E","T","R","M","?","$","M","R","BOSS","M","?","M","?","$","R","E"],"build_version":"2019-01-10","purchased_purges":0,"victory":false,"max_hp_per_floor":[82,82,82,82,82,82,82,82,82,82,82,82,82,82,82,82,82,82,82,82,82,82,82,82],"card_choices":[{"not_picked":["Coolheaded","Hologram"],"picked":"Steam","floor":1},{"not_picked":["Chill","Compile Driver"],"picked":"Sweeping Beam","floor":4},{"not_picked":["Hello World","Static Discharge"],"picked":"Creative AI","floor":6},{"not_picked":["Darkness","Turbo"],"picked":"Rebound","floor":8},{"not_picked":["Aggregate","Beam Cell"],"picked":"Steam","floor":11},{"not_picked":["Hello World+1","Rebound","Consume"],"picked":"SKIP","floor":14},{"not_picked":["Reboot","All For One"],"picked":"Echo Form+1","floor":16},{"not_picked":["Stack+1","Beam Cell"],"picked":"Capacitor+1","floor":18},{"not_picked":["Sunder+1","BootSequence"],"picked":"Sweeping Beam+1","floor":20}],"player_experience":391068,"relics_obtained":[{"floor":6,"key":"Blue Candle"},{"floor":8,"key":"Frozen Egg 2"},{"floor":9,"key":"Bag of Preparation"}],"event_choices":[{"damage_healed":0,"gold_gain":0,"player_choice":"Success","damage_taken":18,"relics_obtained":["War Paint"],"max_hp_gain":0,"max_hp_loss":0,"event_name":"Scrap Ooze","floor":2,"gold_loss":0},{"damage_healed":20,"gold_gain":0,"player_choice":"Healed","damage_taken":0,"max_hp_gain":0,"max_hp_loss":0,"event_name":"The Cleric","floor":5,"gold_loss":35},{"cards_removed":["Dualcast"],"damage_healed":0,"gold_gain":0,"player_choice":"Card Removal","damage_taken":7,"max_hp_gain":0,"max_hp_loss":0,"event_name":"Golden Wing","floor":12,"gold_loss":0},{"damage_healed":0,"gold_gain":0,"player_choice":"Ignored","damage_taken":0,"max_hp_gain":0,"max_hp_loss":0,"event_name":"Vampires","floor":19,"gold_loss":0},{"damage_healed":0,"gold_gain":99,"player_choice":"Stole From Cult","damage_taken":0,"max_hp_gain":0,"max_hp_loss":0,"event_name":"Nest","floor":21,"gold_loss":0}],"is_beta":false,"boss_relics":[{"not_picked":["Ectoplasm","Coffee Dripper"],"picked":"Eternal Feather"}],"items_purged_floors":[],"is_endless":false,"potions_floor_spawned":[4,16,20],"killed_by":"Book of Stabbing","ascension_level":0}