{"gold_per_floor":[111,130,140,140,215,246,246,277,277,290,565,565,581,592,592,687,687,698,717,717,728,6,32,32,51,51,64,64,82,82,141,141,239,239,253,61,78,96,96,96,110,110,110,210,15,32,32],"floor_reached":47,"playtime":3353,"items_purged":["Regret"],"score":722,"play_id":"3b05c588-8411-4ec2-a7fc-e6f45ffa80dc","local_time":"20181231005718","is_ascension_mode":true,"campfire_choices":[{"floor":12.0,"key":"REST"},{"floor":15.0,"key":"REST"},{"floor":24.0,"key":"REST"},{"data":"Mind Blast","floor":28.0,"key":"SMITH"},{"floor":30.0,"key":"REST"},{"data":"Leg Sweep","floor":32.0,"key":"SMITH"},{"floor":40.0,"key":"REST"},{"floor":42.0,"key":"REST"}],"neow_cost":"NONE","seed_source_timestamp":0,"circlet_count":0,"master_deck":["Defend_G","Defend_G","Defend_G","Defend_G","Defend_G","Strike_G","Strike_G","Strike_G","Strike_G","Survivor","Neutralize+1","Deadly Poison","Deadly Poison","Quick Slash","Well Laid Plans","PiercingWail","Leg Sweep+1","Cloak And Dagger","Bane","Burst","PiercingWail","Infinite Blades","Noxious Fumes+1","Corpse Explosion","Mind Blast+1","Slice","Quick Slash","Backflip+1","Flying Knee+1","Night Terror","Deadly Poison","Footwork","Dodge and Roll","Decay","Poisoned Stab+1","Dash+1"],"special_seed":0,"relics":["Ring of the Snake","Lantern","Dead Branch","Gremlin Horn","Velvet Choker","MutagenicStrength","Oddly Smooth Stone","Regal Pillow","Ornamental Fan","Singing Bowl","Tiny Chest","Fusion Hammer","Molten Egg 2","The Specimen","Potion Belt"],"potions_floor_usage":[47,47],"damage_taken":[{"damage":0.0,"enemies":"Small Slimes","floor":1.0,"turns":6.0},{"damage":1.0,"enemies":"2 Louse","floor":2.0,"turns":4.0},{"damage":0.0,"enemies":"Jaw Worm","floor":3.0,"turns":4.0},{"damage":23.0,"enemies":"3 Sentries","floor":6.0,"turns":10.0},{"damage":26.0,"enemies":"Gremlin Nob","floor":8.0,"turns":4.0},{"damage":0.0,"enemies":"Lots of Slimes","floor":10.0,"turns":2.0},{"damage":5.0,"enemies":"Large Slime","floor":13.0,"turns":8.0},{"damage":7.0,"enemies":"Red Slaver","floor":14.0,"turns":5.0},{"damage":18.0,"enemies":"Slime Boss","floor":16.0,"turns":10.0},{"damage":16.0,"enemies":"Spheric Guardian","floor":18.0,"turns":6.0},{"damage":21.0,"enemies":"Chosen","floor":19.0,"turns":6.0},{"damage":8.0,"enemies":"Centurion and Healer","floor":21.0,"turns":6.0},{"damage":5.0,"enemies":"Gremlin Leader","floor":23.0,"turns":5.0},{"damage":7.0,"enemies":"Shelled Parasite and Fungi","floor":25.0,"turns":5.0},{"damage":5.0,"enemies":"3 Cultists","floor":27.0,"turns":4.0},{"damage":3.0,"enemies":"Snecko","floor":29.0,"turns":4.0},{"damage":8.0,"enemies":"Slavers","floor":31.0,"turns":6.0},{"damage":45.0,"enemies":"Champ","floor":33.0,"turns":11.0},{"damage":0.0,"enemies":"3 Darklings","floor":35.0,"turns":4.0},{"damage":2.0,"enemies":"3 Shapes","floor":37.0,"turns":3.0},{"damage":36.0,"enemies":"Transient","floor":38.0,"turns":5.0},{"damage":20.0,"enemies":"Maw","floor":41.0,"turns":9.0},{"damage":4.0,"enemies":"Mind Bloom Boss Battle","floor":44.0,"turns":8.0},{"damage":49.0,"enemies":"Sphere and 2 Shapes","floor":46.0,"turns":4.0},{"damage":59,"enemies":"Giant Head","floor":47,"turns":8}],"seed_played":"5861529530837393901","potions_obtained":[{"floor":1.0,"key":"SkillPotion"},{"floor":8.0,"key":"LiquidBronze"},{"floor":10.0,"key":"Ancient Potion"},{"floor":14.0,"key":"GamblersBrew"},{"floor":16.0,"key":"Ancient Potion"},{"floor":19.0,"key":"GamblersBrew"},{"floor":27.0,"key":"SpeedPotion"},{"floor":29.0,"key":"Ancient Potion"},{"floor":35.0,"key":"Fire Potion"}],"is_trial":false,"path_per_floor":["M","M","M","?","?","E","?","E","T","M","?","R","M","M","R","B",null,"M","M","M","?","M","$","E","R","M","T","M","R","M","R","E","R","B",null,"M","$","M","M","?","R","M","R","T","?","$","M","E"],"character_chosen":"THE_SILENT","items_purchased":["Corpse Explosion","Oddly Smooth Stone","Regal Pillow","Energy Potion","Mind Blast","Poison Potion","Slice","Deadly Poison","Footwork","Dodge and Roll","FearPotion","Potion Belt","Poisoned Stab+1"],"campfire_rested":6,"item_purchase_floors":[22,22,22,22,22,22,22,36,36,36,36,45,45],"current_hp_per_floor":[70,69,69,69,58,35,35,9,9,9,9,32,27,20,43,25,64,48,27,27,19,19,14,52,45,45,40,40,37,75,69,69,24,65,67,67,67,33,33,73,55,87,87,85,85,36,0],"gold":32,"neow_bonus":"TEN_PERCENT_HP_BONUS","is_prod":false,"is_daily":false,"chose_seed":false,"campfire_upgraded":2,"win_rate":0,"timestamp":1546246638,"path_taken":["M","M","M","?","?","E","?","E","T","?","?","R","?","M","R","BOSS","M","M","?","M","$","E","R","M","T","M","R","M","R","E","R","BOSS","M","$","M","M","?","R","?","R","T","?","$","M","E"],"build_version":"2018-12-20","purchased_purges":1,"victory":false,"max_hp_per_floor":[77,77,77,77,77,77,77,77,77,77,77,77,77,77,77,77,77,77,77,77,77,77,77,77,77,77,77,77,77,77,79,79,79,79,81,81,83,85,85,85,87,87,87,89,89,89,89],"card_choices":[{"not_picked":["All Out Attack","Bane"],"picked":"Deadly Poison","floor":1.0},{"not_picked":["Backstab","Prepared"],"picked":"Deadly Poison","floor":2.0},{"not_picked":["Sucker Punch","Dagger Spray"],"picked":"Quick Slash","floor":3.0},{"not_picked":["Outmaneuver","Slice"],"picked":"Well Laid Plans","floor":6.0},{"not_picked":["Dodge and Roll","Skewer"],"picked":"PiercingWail","floor":8.0},{"not_picked":["Heel Hook","Cloak And Dagger"],"picked":"Leg Sweep","floor":10.0},{"not_picked":["Leg Sweep","Tactician"],"picked":"Cloak And Dagger","floor":13.0},{"not_picked":["Dodge and Roll","A Thousand Cuts"],"picked":"Bane","floor":14.0},{"not_picked":["Envenom","Malaise"],"picked":"Burst","floor":16.0},{"not_picked":["Prepared","Accuracy"],"picked":"PiercingWail","floor":18.0},{"not_picked":["Poisoned Stab","Terror"],"picked":"Infinite Blades","floor":19.0},{"not_picked":["Deflect+1","Riddle With Holes"],"picked":"Noxious Fumes+1","floor":21.0},{"not_picked":["Adrenaline","A Thousand Cuts"],"picked":"Quick Slash","floor":23.0},{"not_picked":["Slice","Expertise","Outmaneuver"],"picked":"SKIP","floor":25.0},{"not_picked":["All Out Attack","Bane"],"picked":"Backflip+1","floor":27.0},{"not_picked":["Outmaneuver+1","Doppelganger"],"picked":"Flying Knee+1","floor":29.0},{"not_picked":["Slice","Predator","Dodge and Roll"],"picked":"Singing Bowl","floor":31.0},{"not_picked":["Wraith Form v2","Grand Finale"],"picked":"Night Terror","floor":33.0},{"not_picked":["Sucker Punch+1","Deadly Poison","Bouncing Flask"],"picked":"Singing Bowl","floor":35.0},{"not_picked":["Calculated Gamble+1","Flechettes","Infinite Blades"],"picked":"Singing Bowl","floor":37.0},{"not_picked":["Reflex+1","Deflect","Eviscerate"],"picked":"Singing Bowl","floor":38.0},{"not_picked":["Flying Knee+1","Distraction+1","Backflip"],"picked":"Singing Bowl","floor":41.0},{"not_picked":["Dagger Spray+1","Dodge and Roll+1","Predator+1"],"picked":"Singing Bowl","floor":44.0},{"not_picked":["Deflect+1","Slice+1"],"picked":"Dash+1","floor":46.0}],"player_experience":247765,"relics_obtained":[{"floor":6.0,"key":"Lantern"},{"floor":8.0,"key":"Dead Branch"},{"floor":9.0,"key":"Gremlin Horn"},{"floor":23.0,"key":"Ornamental Fan"},{"floor":26.0,"key":"Singing Bowl"},{"floor":31.0,"key":"Tiny Chest"},{"floor":43.0,"key":"Molten Egg 2"},{"floor":44.0,"key":"The Specimen"}],"event_choices":[{"damage_healed":0.0,"max_hp_gain":0.0,"max_hp_loss":0.0,"gold_gain":0.0,"event_name":"Living Wall","player_choice":"Grow","floor":4.0,"gold_loss":0.0,"damage_taken":0.0,"cards_upgraded":["Neutralize"]},{"damage_healed":0.0,"max_hp_gain":0.0,"max_hp_loss":0.0,"gold_gain":75.0,"event_name":"World of Goop","player_choice":"Gather Gold","floor":5.0,"gold_loss":0.0,"damage_taken":11.0},{"cards_removed":["Strike_G"],"damage_healed":0.0,"max_hp_gain":0.0,"max_hp_loss":0.0,"gold_gain":0.0,"event_name":"Purifier","player_choice":"Purged","floor":7.0,"gold_loss":0.0,"damage_taken":0.0},{"damage_healed":0.0,"max_hp_gain":0.0,"max_hp_loss":0.0,"gold_gain":275.0,"event_name":"Golden Shrine","player_choice":"Desecrate","floor":11.0,"gold_loss":0.0,"damage_taken":0.0,"cards_obtained":["Regret"]},{"damage_healed":0.0,"max_hp_gain":0.0,"max_hp_loss":0.0,"gold_gain":0.0,"event_name":"Drug Dealer","player_choice":"Inject Mutagens","floor":20.0,"gold_loss":0.0,"damage_taken":0.0,"relics_obtained":["MutagenicStrength"]},{"damage_healed":0.0,"max_hp_gain":0.0,"max_hp_loss":0.0,"gold_gain":0.0,"event_name":"Wheel of Change","player_choice":"Cursed","floor":39.0,"gold_loss":0.0,"damage_taken":0.0,"cards_obtained":["Decay"]},{"damage_healed":0.0,"max_hp_gain":0.0,"max_hp_loss":0.0,"gold_gain":0.0,"event_name":"MindBloom","player_choice":"Fight","floor":44.0,"gold_loss":0.0,"damage_taken":0.0}],"is_beta":false,"boss_relics":[{"not_picked":["Sozu","Lizard Tail"],"picked":"Velvet Choker"},{"not_picked":["Runic Dome","HoveringKite"],"picked":"Fusion Hammer"}],"items_purged_floors":[22],"is_endless":false,"potions_floor_spawned":[1,8,10,14,16,19,27,29,35],"killed_by":"Giant Head","ascension_level":7}