{"gold_per_floor":[110,110,129,129,146,179,179,198,198,208,208,233,308,118,118,216,216,234,245,258,208,224,224],"floor_reached":23,"playtime":1713,"items_purged":["Strike_R","Strike_R"],"score":223,"play_id":"c9ecf94f-1f3a-4fbc-a422-cd36b2b53734","local_time":"20190108174516","is_ascension_mode":true,"campfire_choices":[{"data":"Armaments","floor":7.0,"key":"SMITH"},{"floor":11.0,"key":"REST"},{"data":"Bash","floor":15.0,"key":"SMITH"}],"neow_cost":"NONE","seed_source_timestamp":0,"circlet_count":0,"master_deck":["Strike_R","Strike_R","Defend_R","Defend_R","Defend_R","Defend_R","Bash+1","Armaments+1","Pommel Strike","Iron Wave","Shrug It Off","Demon Form","Reaper","Headbutt"],"special_seed":0,"relics":["Burning Blood","NeowsBlessing","Smiling Mask","Self Forming Clay","Mango","Busted Crown"],"potions_floor_usage":[23,23],"damage_taken":[{"damage":0.0,"enemies":"2 Louse","floor":1.0,"turns":1.0},{"damage":0.0,"enemies":"Cultist","floor":3.0,"turns":1.0},{"damage":0.0,"enemies":"Small Slimes","floor":5.0,"turns":1.0},{"damage":49.0,"enemies":"Gremlin Nob","floor":6.0,"turns":5.0},{"damage":12.0,"enemies":"Exordium Wildlife","floor":8.0,"turns":5.0},{"damage":7.0,"enemies":"Lots of Slimes","floor":10.0,"turns":5.0},{"damage":17.0,"enemies":"3 Sentries","floor":12.0,"turns":11.0},{"damage":29.0,"enemies":"The Guardian","floor":16.0,"turns":9.0},{"damage":20.0,"enemies":"Spheric Guardian","floor":18.0,"turns":6.0},{"damage":10.0,"enemies":"Shell Parasite","floor":19.0,"turns":6.0},{"damage":30.0,"enemies":"Sentry and Sphere","floor":20.0,"turns":8.0},{"damage":29,"enemies":"Snake Plant","floor":22,"turns":5},{"damage":77,"enemies":"Gremlin Leader","floor":23,"turns":8}],"seed_played":"2109204868749639992","potions_obtained":[{"floor":5.0,"key":"Explosive Potion"},{"floor":6.0,"key":"AttackPotion"},{"floor":12.0,"key":"AttackPotion"},{"floor":18.0,"key":"FearPotion"},{"floor":22,"key":"PowerPotion"}],"is_trial":false,"path_per_floor":["M","?","M","$","M","E","R","M","T","M","R","E","?","$","R","B",null,"M","M","M","$","M","E"],"character_chosen":"IRONCLAD","items_purchased":["Demon Form"],"campfire_rested":1,"item_purchase_floors":[14],"current_hp_per_floor":[80,80,80,80,80,37,37,31,31,30,54,57,46,46,46,23,94,80,83,64,64,50,0],"gold":224,"neow_bonus":"THREE_ENEMY_KILL","is_prod":false,"is_daily":false,"chose_seed":false,"campfire_upgraded":2,"win_rate":0,"timestamp":1546969516,"path_taken":["M","?","?","?","M","E","R","M","T","M","R","E","?","?","R","BOSS","M","?","?","$","M","E"],"build_version":"2019-01-03v4","purchased_purges":2,"victory":false,"max_hp_per_floor":[80,80,80,80,80,80,80,80,80,80,80,94,94,94,94,94,94,94,94,94,94,94,94],"card_choices":[{"not_picked":["Ghostly Armor","Combust"],"picked":"Armaments","floor":1.0},{"not_picked":["Clothesline","Carnage","Whirlwind"],"picked":"SKIP","floor":3.0},{"not_picked":["Warcry","Hemokinesis","Havoc"],"picked":"SKIP","floor":5.0},{"not_picked":["Sever Soul","Armaments"],"picked":"Pommel Strike","floor":6.0},{"not_picked":["Thunderclap","Cleave"],"picked":"Iron Wave","floor":8.0},{"not_picked":["Sentinel","Cleave","Whirlwind"],"picked":"SKIP","floor":10.0},{"not_picked":["Cleave","Havoc"],"picked":"Shrug It Off","floor":12.0},{"not_picked":["Juggernaut","Brutality"],"picked":"Reaper","floor":16.0},{"not_picked":[],"picked":"Headbutt","floor":18.0},{"not_picked":["Thunderclap+1"],"picked":"SKIP","floor":19.0},{"not_picked":["Flex"],"picked":"SKIP","floor":20.0},{"not_picked":["Anger"],"picked":"SKIP","floor":22}],"player_experience":60664,"relics_obtained":[{"floor":6.0,"key":"Smiling Mask"},{"floor":9.0,"key":"Self Forming Clay"},{"floor":12.0,"key":"Mango"}],"event_choices":[{"cards_removed":["Strike_R"],"damage_healed":0.0,"max_hp_gain":0.0,"max_hp_loss":0.0,"gold_gain":0.0,"event_name":"Purifier","player_choice":"Purged","floor":2.0,"gold_loss":0.0,"damage_taken":0.0},{"damage_healed":0.0,"max_hp_gain":0.0,"max_hp_loss":0.0,"gold_gain":75.0,"event_name":"World of Goop","player_choice":"Gather Gold","floor":13.0,"gold_loss":0.0,"damage_taken":11.0}],"is_beta":false,"boss_relics":[{"not_picked":["Coffee Dripper","Cursed Key"],"picked":"Busted Crown"}],"items_purged_floors":[14,21],"is_endless":false,"potions_floor_spawned":[5,6,12,18,22],"killed_by":"Gremlin Leader","ascension_level":2}