{"gold_per_floor":[111,125,125,142,142,172,172,188,213,213,59,59,82,163,163,284,284,300,246,262,283,208,249,249,273,319,126,126,140,160,198,198,323,323,343,343,356,22,40,40,54,54,54,77,77],"floor_reached":45,"playtime":3782,"items_purged":["Strike_G","Pain"],"score":551,"play_id":"918c1261-59ec-4261-bb58-11dbd1d8e657","local_time":"20190125095126","is_ascension_mode":true,"campfire_choices":[{"data":"Neutralize","floor":7,"key":"SMITH"},{"data":"Well Laid Plans","floor":10,"key":"SMITH"},{"floor":15,"key":"REST"},{"data":"Footwork","floor":24,"key":"SMITH"},{"floor":32,"key":"REST"},{"floor":40,"key":"DIG"},{"floor":42,"key":"DIG"}],"neow_cost":"NONE","seed_source_timestamp":452615752482970,"circlet_count":0,"master_deck":["Defend_G","Defend_G+1","Defend_G","Defend_G","Defend_G","Strike_G","Strike_G","Strike_G","Strike_G","Survivor","Neutralize+1","Well Laid Plans+1","Dodge and Roll","Deadly Poison+1","Dash","Backflip","Well Laid Plans","Corpse Explosion","Crippling Poison","Caltrops","A Thousand Cuts","Sucker Punch+1","Outmaneuver","Footwork+1","Caltrops","Dodge and Roll","Deadly Poison+1","Dodge and Roll+1","Die Die Die","Concentrate","Tactician","Deflect+1","Noxious Fumes+1","Noxious Fumes","Parasite","Well Laid Plans+1","Writhe","Backflip+1"],"relics":["Ring of the Snake","Bronze Scales","Dream Catcher","Centennial Puzzle","Golden Idol","Ginger","Cursed Key","Regal Pillow","Bottled Tornado","MawBank","Matryoshka","Orrery","Shovel","StoneCalendar","Toxic Egg 2","Pocketwatch","Sundial"],"potions_floor_usage":[14],"damage_taken":[{"damage":0,"enemies":"Small Slimes","floor":1,"turns":5},{"damage":0,"enemies":"Jaw Worm","floor":2,"turns":4},{"damage":2,"enemies":"Cultist","floor":4,"turns":4},{"damage":5,"enemies":"3 Sentries","floor":6,"turns":10},{"damage":0,"enemies":"Blue Slaver","floor":8,"turns":4},{"damage":9,"enemies":"Exordium Wildlife","floor":13,"turns":6},{"damage":14,"enemies":"Gremlin Nob","floor":14,"turns":4},{"damage":22,"enemies":"Slime Boss","floor":16,"turns":12},{"damage":3,"enemies":"Spheric Guardian","floor":18,"turns":3},{"damage":15,"enemies":"2 Thieves","floor":20,"turns":3},{"damage":8,"enemies":"Snake Plant","floor":21,"turns":4},{"damage":18,"enemies":"Slavers","floor":23,"turns":3},{"damage":13,"enemies":"Chosen and Byrds","floor":25,"turns":5},{"damage":17,"enemies":"3 Cultists","floor":29,"turns":5},{"damage":0,"enemies":"Centurion and Healer","floor":30,"turns":6},{"damage":11,"enemies":"Book of Stabbing","floor":31,"turns":5},{"damage":30,"enemies":"Automaton","floor":33,"turns":14},{"damage":3,"enemies":"Orb Walker","floor":35,"turns":4},{"damage":6,"enemies":"3 Shapes","floor":37,"turns":3},{"damage":0,"enemies":"Writhing Mass","floor":39,"turns":7},{"damage":0,"enemies":"Maw","floor":41,"turns":7},{"damage":38,"enemies":"Sphere and 2 Shapes","floor":44,"turns":6},{"damage":35,"enemies":"Spire Growth","floor":45,"turns":6}],"seed_played":"-5929107455721297510","potions_obtained":[{"floor":1,"key":"PowerPotion"},{"floor":6,"key":"PowerPotion"},{"floor":13,"key":"Poison Potion"},{"floor":16,"key":"Ancient Potion"},{"floor":23,"key":"SkillPotion"},{"floor":35,"key":"EntropicBrew"},{"floor":44,"key":"GhostInAJar"}],"is_trial":false,"path_per_floor":["M","M","?","M","?","E","R","M","T","R","$","?","M","?","R","B",null,"M","?","M","M","?","E","R","M","T","$","?","M","M","E","R","B",null,"M","?","M","$","M","R","M","R","T","M","M"],"character_chosen":"THE_SILENT","items_purchased":["Well Laid Plans","Caltrops","Dodge and Roll","Shovel","Noxious Fumes"],"campfire_rested":2,"item_purchase_floors":[11,27,27,38,38],"current_hp_per_floor":[77,77,59,57,42,37,37,37,37,37,37,37,28,14,37,15,77,74,74,59,51,51,33,33,20,20,20,45,28,28,17,55,25,77,74,74,68,68,68,68,68,68,68,30,0],"gold":77,"neow_bonus":"TEN_PERCENT_HP_BONUS","is_prod":false,"is_daily":false,"chose_seed":false,"campfire_upgraded":3,"win_rate":0,"timestamp":1548427886,"path_taken":["M","M","?","M","?","E","R","M","T","R","?","?","M","?","R","BOSS","M","?","?","M","?","E","R","M","T","$","?","M","M","E","R","BOSS","M","?","M","$","?","R","M","R","T","M","M"],"build_version":"2019-01-23","purchased_purges":2,"victory":false,"max_hp_per_floor":[77,77,77,77,77,77,77,77,77,77,77,77,77,77,77,77,77,77,77,77,77,77,77,77,77,77,77,77,77,77,77,77,77,77,77,77,77,77,77,77,77,77,77,77,77],"card_choices":[{"not_picked":["Underhanded Strike","Quick Slash"],"picked":"Well Laid Plans","floor":1},{"not_picked":["Prepared","Slice"],"picked":"Dodge and Roll","floor":2},{"not_picked":["Acrobatics","Dodge and Roll"],"picked":"Deadly Poison","floor":4},{"not_picked":["Cloak And Dagger","Bane"],"picked":"Dash","floor":6},{"not_picked":["Heel Hook","Dagger Throw"],"picked":"Backflip","floor":8},{"not_picked":["Blade Dance","Skewer"],"picked":"Corpse Explosion","floor":13},{"not_picked":["Choke","Blade Dance"],"picked":"Crippling Poison","floor":14},{"not_picked":["Poisoned Stab","Distraction"],"picked":"Caltrops","floor":15},{"not_picked":["Wraith Form v2","Tools of the Trade"],"picked":"A Thousand Cuts","floor":16},{"not_picked":["Expertise","Bane"],"picked":"Sucker Punch+1","floor":18},{"not_picked":["Acrobatics+1","Poisoned Stab"],"picked":"Outmaneuver","floor":20},{"not_picked":["All Out Attack+1","Cloak And Dagger"],"picked":"Footwork","floor":21},{"not_picked":["Glass Knife","Calculated Gamble+1","Sucker Punch"],"picked":"SKIP","floor":23},{"not_picked":["Accuracy","Flechettes","Endless Agony"],"picked":"SKIP","floor":25},{"not_picked":["Blade Dance","Choke+1","Sucker Punch"],"picked":"SKIP","floor":29},{"not_picked":["Flechettes+1","Deflect"],"picked":"Deadly Poison+1","floor":30},{"not_picked":["Quick Slash","Eviscerate","Dagger Throw"],"picked":"SKIP","floor":31},{"not_picked":["Flying Knee+1","Cloak And Dagger"],"picked":"Dodge and Roll+1","floor":32},{"not_picked":["Unload","Phantasmal Killer"],"picked":"Die Die Die","floor":33},{"not_picked":["Prepared","Dagger Spray"],"picked":"Concentrate","floor":34},{"not_picked":["Backstab","Bane"],"picked":"Tactician","floor":34},{"not_picked":["Crippling Poison","Endless Agony"],"picked":"Deflect+1","floor":35},{"not_picked":["All Out Attack","Catalyst"],"picked":"Noxious Fumes+1","floor":37},{"not_picked":["Masterful Stab+1","All Out Attack","Riddle With Holes"],"picked":"SKIP","floor":39},{"not_picked":["Masterful Stab+1","All Out Attack","Riddle With Holes"],"picked":"SKIP","floor":39},{"not_picked":["Phantasmal Killer","Underhanded Strike+1"],"picked":"Well Laid Plans+1","floor":41},{"not_picked":["Cloak And Dagger+1","Riddle With Holes"],"picked":"Backflip+1","floor":44}],"player_experience":105034,"relics_obtained":[{"floor":6,"key":"Dream Catcher"},{"floor":9,"key":"Centennial Puzzle"},{"floor":23,"key":"Bottled Tornado"},{"floor":26,"key":"MawBank"},{"floor":31,"key":"Matryoshka"},{"floor":40,"key":"StoneCalendar"},{"floor":42,"key":"Toxic Egg 2"},{"floor":43,"key":"Pocketwatch"},{"floor":43,"key":"Sundial"}],"event_choices":[{"damage_healed":0,"gold_gain":0,"player_choice":"Success","damage_taken":18,"relics_obtained":["Bronze Scales"],"max_hp_gain":0,"max_hp_loss":0,"event_name":"Scrap Ooze","floor":3,"gold_loss":0},{"damage_healed":0,"gold_gain":0,"player_choice":"Entered Light","damage_taken":15,"max_hp_gain":0,"max_hp_loss":0,"event_name":"Shining Light","floor":5,"gold_loss":0,"cards_upgraded":["Deadly Poison","Defend_G"]},{"damage_healed":0,"gold_gain":0,"player_choice":"Take Wound","damage_taken":0,"relics_obtained":["Golden Idol"],"max_hp_gain":0,"max_hp_loss":0,"event_name":"Golden Idol","floor":12,"gold_loss":0,"cards_obtained":["Injury"]},{"damage_healed":0,"gold_gain":0,"player_choice":"Searched \u00273\u0027 times","damage_taken":0,"relics_obtained":["Ginger"],"max_hp_gain":0,"max_hp_loss":0,"event_name":"Dead Adventurer","floor":14,"gold_loss":0},{"damage_healed":0,"gold_gain":0,"player_choice":"Paid Gold","damage_taken":0,"relics_obtained":["Regal Pillow"],"max_hp_gain":0,"max_hp_loss":0,"event_name":"WeMeetAgain","floor":19,"gold_loss":54},{"cards_removed":["Injury"],"damage_healed":0,"gold_gain":0,"player_choice":"Gave Gold","damage_taken":0,"max_hp_gain":0,"max_hp_loss":0,"event_name":"Beggar","floor":22,"gold_loss":75},{"damage_healed":25,"gold_gain":0,"player_choice":"Heal","damage_taken":0,"max_hp_gain":0,"max_hp_loss":0,"event_name":"The Library","floor":28,"gold_loss":0},{"damage_healed":0,"gold_gain":0,"player_choice":"Ignored","damage_taken":0,"max_hp_gain":0,"max_hp_loss":0,"event_name":"SecretPortal","floor":36,"gold_loss":0}],"is_beta":false,"boss_relics":[{"not_picked":["Velvet Choker","HoveringKite"],"picked":"Cursed Key"},{"not_picked":["Philosopher\u0027s Stone","Pandora\u0027s Box"],"picked":"Orrery"}],"items_purged_floors":[11,27],"is_endless":false,"potions_floor_spawned":[1,6,13,16,23,29,35,39,41,44],"killed_by":"Spire Growth","ascension_level":3}