{"gold_per_floor":[115,115,130,305,324,324,334,350,376,386,404,255,255,274,274,371,371,388,219,234,234,133,167,167,184,211,211,211],"floor_reached":28,"playtime":697,"items_purged":["Doubt","Defend_B"],"score":234,"play_id":"1dbbf0f6-c67d-42c7-9a58-6af1bf91fe15","local_time":"20190202011707","is_ascension_mode":false,"campfire_choices":[{"data":"Sunder","floor":6,"key":"SMITH"},{"floor":13,"key":"REST"},{"data":"Zap","floor":15,"key":"SMITH"},{"floor":24,"key":"REST"}],"neow_cost":"TEN_PERCENT_HP_LOSS","seed_source_timestamp":275525668368068,"circlet_count":0,"master_deck":["Strike_B","Strike_B","Defend_B+1","Defend_B","Defend_B","Zap+1","Dualcast","Barrage+1","Sunder+1","Compile Driver","Capacitor","Rip and Tear","Hologram","Doom and Gloom","Melter","Core Surge","Leap","Static Discharge","Sunder+1","Reboot"],"relics":["Cracked Core"],"potions_floor_usage":[23,27,28],"damage_taken":[{"damage":7,"enemies":"Jaw Worm","floor":1,"turns":4},{"damage":0,"enemies":"Small Slimes","floor":3,"turns":2},{"damage":6,"enemies":"Cultist","floor":5,"turns":3},{"damage":0,"enemies":"Large Slime","floor":7,"turns":3},{"damage":0,"enemies":"Blue Slaver","floor":8,"turns":2},{"damage":10,"enemies":"Looter","floor":10,"turns":3},{"damage":18,"enemies":"Exordium Wildlife","floor":11,"turns":4},{"damage":0,"enemies":"Gremlin Gang","floor":14,"turns":3},{"damage":3,"enemies":"Slime Boss","floor":16,"turns":7},{"damage":0,"enemies":"Spheric Guardian","floor":18,"turns":1},{"damage":22,"enemies":"2 Thieves","floor":20,"turns":3},{"damage":24,"enemies":"Slavers","floor":23,"turns":4},{"damage":30,"enemies":"3 Cultists","floor":25,"turns":5},{"damage":0,"enemies":"Centurion and Healer","floor":27,"turns":2},{"damage":0,"enemies":"Snake Plant","floor":28,"turns":1}],"seed_played":"-8043318354680908552","potions_obtained":[{"floor":5,"key":"FearPotion"},{"floor":7,"key":"Dexterity Potion"},{"floor":10,"key":"GamblersBrew"}],"is_trial":false,"path_per_floor":["M","?","M","?","M","R","M","M","T","M","M","$","R","M","R","B",null,"M","$","M","?","$","E","R","M","T","M","M"],"character_chosen":"DEFECT","items_purchased":["Melter","Static Discharge","SmokeBomb"],"campfire_rested":2,"item_purchase_floors":[12,19,22],"current_hp_per_floor":[61,47,47,47,41,41,41,41,41,31,13,13,33,33,33,30,68,68,68,46,34,34,10,31,1,1,1,1],"gold":211,"neow_bonus":"TRANSFORM_TWO_CARDS","is_prod":false,"is_daily":false,"chose_seed":false,"campfire_upgraded":2,"win_rate":0,"timestamp":1549082827,"path_taken":["M","?","M","?","?","R","M","M","T","M","M","$","R","M","R","BOSS","M","$","M","?","$","E","R","M","T","M","M"],"build_version":"2019-01-23","purchased_purges":2,"victory":false,"max_hp_per_floor":[68,68,68,68,68,68,68,68,68,68,68,68,68,68,68,68,68,68,68,68,73,73,73,73,73,73,73,73],"card_choices":[{"not_picked":["Scrape","Force Field"],"picked":"Compile Driver","floor":1},{"not_picked":["Compile Driver","Gash"],"picked":"Capacitor","floor":3},{"not_picked":["Coolheaded","Streamline"],"picked":"Rip and Tear","floor":5},{"not_picked":["Genetic Algorithm","Blizzard","Barrage"],"picked":"SKIP","floor":7},{"not_picked":["Heatsinks","Steam","Blizzard"],"picked":"SKIP","floor":8},{"not_picked":["Turbo","Barrage"],"picked":"Hologram","floor":10},{"not_picked":["Streamline","Stack"],"picked":"Doom and Gloom","floor":11},{"not_picked":["Hologram","Barrage","Meteor Strike"],"picked":"SKIP","floor":14},{"not_picked":["Hyperbeam","Rainbow"],"picked":"Core Surge","floor":16},{"not_picked":["Sweeping Beam","Hologram"],"picked":"Leap","floor":18},{"not_picked":["Melter","Turbo"],"picked":"Sunder+1","floor":20},{"not_picked":["Steam","Force Field","Redo"],"picked":"SKIP","floor":23},{"not_picked":["Ball Lightning","Chaos"],"picked":"Reboot","floor":25}],"player_experience":318561,"relics_obtained":[],"event_choices":[{"damage_healed":0,"gold_gain":0,"player_choice":"Entered Light","damage_taken":14,"max_hp_gain":0,"max_hp_loss":0,"event_name":"Shining Light","floor":2,"gold_loss":0,"cards_upgraded":["Defend_B","Barrage"]},{"damage_healed":0,"gold_gain":175,"player_choice":"AGREE","damage_taken":0,"max_hp_gain":0,"max_hp_loss":0,"event_name":"Liars Game","floor":4,"gold_loss":0,"cards_obtained":["Doubt"]},{"damage_healed":0,"gold_gain":0,"player_choice":"Shed Blood","damage_taken":17,"max_hp_gain":5,"max_hp_loss":0,"event_name":"Forgotten Altar","floor":21,"gold_loss":0}],"is_beta":false,"boss_relics":[{"not_picked":["Ectoplasm","Tiny House","Lizard Tail"]}],"items_purged_floors":[12,19],"is_endless":false,"potions_floor_spawned":[5,7,10,14],"killed_by":"Snake Plant","ascension_level":0}