{"gold_per_floor":[117,117,117,292,316,316,360,360,360,393,408,373,373,50,50,50],"floor_reached":16,"playtime":316,"items_purged":["Doubt"],"score":122,"play_id":"cbb78340-639a-4b60-966f-b9c2518f7223","local_time":"20190202154932","is_ascension_mode":true,"campfire_choices":[{"floor":6,"key":"REST"},{"floor":8,"key":"REST"},{"data":"Loop","floor":13,"key":"SMITH"},{"data":"Lockon","floor":15,"key":"SMITH"}],"neow_cost":"NONE","seed_source_timestamp":167151898061130,"circlet_count":0,"master_deck":["Strike_B","Strike_B+1","Strike_B+1","Strike_B","Defend_B","Defend_B","Defend_B","Defend_B","Zap","Dualcast","Barrage","Injury","Loop+1","BootSequence","Lockon+1","Self Repair","Leap"],"relics":["Cracked Core","Bag of Marbles","Golden Idol","Bronze Scales","Blood Vial","DataDisk"],"potions_floor_usage":[7,16,16],"damage_taken":[{"damage":2,"enemies":"Jaw Worm","floor":1,"turns":5},{"damage":0,"enemies":"2 Louse","floor":5,"turns":1},{"damage":25,"enemies":"3 Sentries","floor":7,"turns":6},{"damage":42,"enemies":"Gremlin Nob","floor":10,"turns":3},{"damage":0,"enemies":"Small Slimes","floor":11,"turns":3},{"damage":54,"enemies":"Slime Boss","floor":16,"turns":7}],"seed_played":"-578426846032772470","potions_obtained":[{"floor":1,"key":"FocusPotion"},{"floor":7,"key":"Strength Potion"},{"floor":10,"key":"Energy Potion"}],"is_trial":false,"path_per_floor":["M","?","?","?","M","R","E","R","T","E","M","?","R","$","R","B"],"character_chosen":"DEFECT","items_purchased":["DataDisk","Self Repair","Leap"],"campfire_rested":2,"item_purchase_floors":[14,14,14],"current_hp_per_floor":[73,58,58,58,58,75,50,72,72,30,32,50,50,50,50,0],"gold":50,"neow_bonus":"RANDOM_COMMON_RELIC","is_prod":false,"is_daily":false,"chose_seed":false,"campfire_upgraded":2,"win_rate":0,"timestamp":1549118972,"path_taken":["M","?","?","?","M","R","E","R","T","E","M","?","R","$","R","BOSS"],"build_version":"2019-01-23","purchased_purges":1,"victory":false,"max_hp_per_floor":[75,75,75,75,75,75,75,75,75,75,75,75,75,75,75,75],"card_choices":[{"not_picked":["Hello World","Compile Driver"],"picked":"Barrage","floor":1},{"not_picked":["Undo","Hologram","Scrape"],"picked":"SKIP","floor":5},{"not_picked":["Glacier","Compile Driver"],"picked":"Loop","floor":7},{"not_picked":["Force Field","Tempest"],"picked":"BootSequence","floor":10},{"not_picked":["Barrage","Turbo"],"picked":"Lockon","floor":11}],"player_experience":438814,"relics_obtained":[{"floor":7,"key":"Bronze Scales"},{"floor":10,"key":"Blood Vial"}],"event_choices":[{"damage_healed":0,"gold_gain":0,"player_choice":"Entered Light","damage_taken":15,"max_hp_gain":0,"max_hp_loss":0,"event_name":"Shining Light","floor":2,"gold_loss":0,"cards_upgraded":["Strike_B","Strike_B"]},{"damage_healed":0,"gold_gain":0,"player_choice":"Take Wound","damage_taken":0,"relics_obtained":["Golden Idol"],"max_hp_gain":0,"max_hp_loss":0,"event_name":"Golden Idol","floor":3,"gold_loss":0,"cards_obtained":["Injury"]},{"damage_healed":0,"gold_gain":175,"player_choice":"AGREE","damage_taken":0,"max_hp_gain":0,"max_hp_loss":0,"event_name":"Liars Game","floor":4,"gold_loss":0,"cards_obtained":["Doubt"]},{"damage_healed":18,"gold_gain":0,"player_choice":"Healed","damage_taken":0,"max_hp_gain":0,"max_hp_loss":0,"event_name":"The Cleric","floor":12,"gold_loss":35}],"is_beta":false,"boss_relics":[],"items_purged_floors":[14],"is_endless":false,"potions_floor_spawned":[1,7,10],"killed_by":"Slime Boss","ascension_level":3}