{"gold_per_floor":[119,136,136,136,136,168,168,198,198,232,248,9,9,26,26,130,130,146,163,235,252,252,252,271,271,271,271,285,62,79,79,79,179,179,193,40,51,51,71,71,71,71,71,71,124,143,143,158,158,158],"floor_reached":51,"playtime":2118,"items_purged":["Battle Trance+1"],"score":1060,"play_id":"12d003ee-b701-40e5-b548-4221b44ebada","local_time":"20190126014706","is_ascension_mode":true,"campfire_choices":[{"data":"Dual Wield","floor":7.0,"key":"SMITH"},{"data":"Anger","floor":13.0,"key":"SMITH"},{"data":"Flash of Steel","floor":15.0,"key":"SMITH"},{"floor":23.0,"key":"REST"},{"floor":25.0,"key":"REST"},{"floor":32.0,"key":"REST"},{"floor":40.0,"key":"REST"},{"data":"Anger","floor":42.0,"key":"SMITH"},{"floor":44.0,"key":"REST"},{"floor":49.0,"key":"REST"}],"neow_cost":"NONE","seed_source_timestamp":0,"circlet_count":0,"master_deck":["AscendersBane","Strike_R","Strike_R","Strike_R","Strike_R","Defend_R","Defend_R","Defend_R","Defend_R","Bash+1","Anger+1","Shrug It Off+1","Dual Wield+1","True Grit+1","Flash of Steel+1","Heavy Blade","Double Tap+1","Anger+1","Spot Weakness+1","Rage+1","True Grit+1","Anger+1","Offering+1","Shrug It Off+1","Bandage Up+1","Anger+1"],"special_seed":0,"relics":["Burning Blood","NeowsBlessing","Shuriken","Self Forming Clay","Question Card","Gremlin Horn","Toxic Egg 2","Lantern","Runic Cube","Dodecahedron","Pear","Vajra","Centennial Puzzle","Du-Vu Doll","Singing Bowl"],"potions_floor_usage":[50,50,50],"damage_taken":[{"damage":0.0,"enemies":"Small Slimes","floor":1.0,"turns":1.0},{"damage":0.0,"enemies":"Jaw Worm","floor":2.0,"turns":1.0},{"damage":0.0,"enemies":"Gremlin Nob","floor":6.0,"turns":1.0},{"damage":19.0,"enemies":"Lagavulin","floor":8.0,"turns":5.0},{"damage":22.0,"enemies":"3 Sentries","floor":10.0,"turns":11.0},{"damage":2.0,"enemies":"2 Louse","floor":11.0,"turns":2.0},{"damage":4.0,"enemies":"Red Slaver","floor":14.0,"turns":4.0},{"damage":24.0,"enemies":"The Guardian","floor":16.0,"turns":6.0},{"damage":13.0,"enemies":"Shell Parasite","floor":18.0,"turns":4.0},{"damage":12.0,"enemies":"2 Thieves","floor":19.0,"turns":4.0},{"damage":20.0,"enemies":"Shelled Parasite and Fungi","floor":21.0,"turns":5.0},{"damage":17.0,"enemies":"Snake Plant","floor":24.0,"turns":5.0},{"damage":18.0,"enemies":"Snecko","floor":28.0,"turns":3.0},{"damage":12.0,"enemies":"Cultist and Chosen","floor":30.0,"turns":4.0},{"damage":86.0,"enemies":"Champ","floor":33.0,"turns":10.0},{"damage":1.0,"enemies":"Orb Walker","floor":35.0,"turns":3.0},{"damage":33.0,"enemies":"3 Darklings","floor":37.0,"turns":4.0},{"damage":23.0,"enemies":"Spire Growth","floor":39.0,"turns":3.0},{"damage":17.0,"enemies":"2 Orb Walkers","floor":45.0,"turns":4.0},{"damage":17.0,"enemies":"4 Shapes","floor":46.0,"turns":4.0},{"damage":19.0,"enemies":"Sphere and 2 Shapes","floor":48.0,"turns":4.0},{"damage":76,"enemies":"Donu and Deca","floor":50,"turns":8}],"seed_played":"-5712291885035290114","potions_obtained":[{"floor":1.0,"key":"SpeedPotion"},{"floor":11.0,"key":"SkillPotion"},{"floor":14.0,"key":"LiquidBronze"},{"floor":16.0,"key":"Explosive Potion"},{"floor":18.0,"key":"Regen Potion"},{"floor":28.0,"key":"Dexterity Potion"},{"floor":35.0,"key":"SpeedPotion"},{"floor":46.0,"key":"Block Potion"},{"floor":48.0,"key":"BloodPotion"}],"is_trial":false,"path_per_floor":["M","M","?","?","?","E","R","E","T","E","M","$","R","M","R","B",null,"M","M","T","M","?","R","M","R","T","?","M","$","M","?","R","B",null,"M","$","M","?","M","R","?","R","T","R","?","M","T","M","R","B",null],"character_chosen":"IRONCLAD","items_purchased":["Flash of Steel","Lantern","Vajra","Rage+1","Ancient Potion"],"campfire_rested":6,"item_purchase_floors":[12,12,29,29,36],"current_hp_per_floor":[78,80,80,80,80,80,80,67,67,51,55,55,55,57,57,39,70,63,57,57,43,43,67,56,80,90,72,69,69,63,63,91,11,74,79,79,52,52,41,69,69,69,69,95,84,79,79,74,97,42],"gold":158,"neow_bonus":"THREE_ENEMY_KILL","is_prod":false,"is_daily":false,"chose_seed":false,"campfire_upgraded":4,"win_rate":0,"timestamp":1548496026,"path_taken":["M","M","?","?","?","E","R","E","T","E","M","$","R","?","R","BOSS","M","M","?","M","?","R","?","R","T","?","M","$","M","?","R","BOSS","M","$","M","?","M","R","?","R","T","R","?","?","?","M","R","BOSS"],"build_version":"2019-01-23","purchased_purges":1,"victory":true,"max_hp_per_floor":[80,80,80,80,80,80,80,80,80,80,80,80,80,80,80,80,80,80,80,80,80,80,80,80,80,90,95,95,95,95,95,95,95,95,95,95,95,95,95,95,95,95,95,95,95,95,95,97,97,97],"card_choices":[{"not_picked":["Metallicize","Heavy Blade"],"picked":"Anger","floor":1.0},{"not_picked":["Armaments","Pommel Strike"],"picked":"Shrug It Off","floor":2.0},{"not_picked":["Limit Break","Metallicize"],"picked":"Dual Wield","floor":6.0},{"not_picked":["Iron Wave","Sentinel","Limit Break"],"picked":"SKIP","floor":8.0},{"not_picked":["Perfected Strike","Whirlwind","Twin Strike"],"picked":"Battle Trance","floor":10.0},{"not_picked":["Headbutt","Warcry+1","Dark Embrace"],"picked":"True Grit+1","floor":11.0},{"not_picked":["Searing Blow","Havoc+1","Sword Boomerang"],"picked":"Heavy Blade","floor":14.0},{"not_picked":["Immolate","Offering+1","Feed"],"picked":"Double Tap+1","floor":16.0},{"not_picked":["Shockwave+1","Body Slam","Headbutt"],"picked":"Anger+1","floor":18.0},{"not_picked":["Flex+1","Wild Strike","Burning Pact+1","Inflame"],"picked":"SKIP","floor":19.0},{"not_picked":["Rampage","Wild Strike","Sword Boomerang","Body Slam+1"],"picked":"SKIP","floor":21.0},{"not_picked":["Carnage+1","Infernal Blade+1","Perfected Strike+1"],"picked":"Spot Weakness+1","floor":24.0},{"not_picked":["Twin Strike+1","Sentinel+1","Power Through+1","Havoc+1"],"picked":"SKIP","floor":28.0},{"not_picked":["Havoc+1","Sword Boomerang","Clash"],"picked":"True Grit+1","floor":30.0},{"not_picked":["Dark Embrace","Double Tap+1","Berserk"],"picked":"Offering+1","floor":33.0},{"not_picked":["Iron Wave","Pummel+1","Spot Weakness+1"],"picked":"Shrug It Off+1","floor":35.0},{"not_picked":["Seeing Red+1","Clothesline+1","Twin Strike+1","Bloodletting+1"],"picked":"SKIP","floor":37.0},{"not_picked":["Thinking Ahead+1","Magnetism","Mind Blast"],"picked":"Bandage Up+1","floor":38.0},{"not_picked":["Pummel+1","Armaments+1","Flame Barrier+1","True Grit+1"],"picked":"SKIP","floor":39.0},{"not_picked":["Twin Strike","Warcry+1","Shockwave+1"],"picked":"Anger+1","floor":46.0},{"not_picked":["Rupture+1","Blood for Blood+1","Headbutt+1","Shockwave+1"],"picked":"Singing Bowl","floor":48.0}],"player_experience":385095,"relics_obtained":[{"floor":6.0,"key":"Self Forming Clay"},{"floor":8.0,"key":"Question Card"},{"floor":9.0,"key":"Gremlin Horn"},{"floor":10.0,"key":"Toxic Egg 2"},{"floor":20.0,"key":"Dodecahedron"},{"floor":26.0,"key":"Pear"},{"floor":43.0,"key":"Centennial Puzzle"},{"floor":45.0,"key":"Du-Vu Doll"},{"floor":47.0,"key":"Singing Bowl"}],"event_choices":[{"damage_healed":0.0,"max_hp_gain":0.0,"max_hp_loss":0.0,"gold_gain":0.0,"event_name":"The Cleric","player_choice":"Leave","floor":3.0,"gold_loss":0.0,"damage_taken":0.0},{"damage_healed":0.0,"max_hp_gain":0.0,"max_hp_loss":0.0,"gold_gain":0.0,"event_name":"Living Wall","player_choice":"Grow","floor":4.0,"gold_loss":0.0,"damage_taken":0.0,"cards_upgraded":["Bash"]},{"damage_healed":0.0,"max_hp_gain":0.0,"max_hp_loss":0.0,"gold_gain":0.0,"event_name":"WeMeetAgain","player_choice":"Gave Potion","floor":5.0,"gold_loss":0.0,"damage_taken":0.0,"relics_obtained":["Shuriken"]},{"damage_healed":0.0,"max_hp_gain":0.0,"max_hp_loss":0.0,"gold_gain":0.0,"event_name":"Accursed Blacksmith","player_choice":"Forge","floor":22.0,"gold_loss":0.0,"damage_taken":0.0,"cards_upgraded":["Shrug It Off"]},{"damage_healed":0.0,"max_hp_gain":5.0,"max_hp_loss":0.0,"gold_gain":0.0,"event_name":"Forgotten Altar","player_choice":"Shed Blood","floor":27.0,"gold_loss":0.0,"damage_taken":23.0},{"damage_healed":0.0,"max_hp_gain":0.0,"max_hp_loss":0.0,"gold_gain":0.0,"event_name":"The Library","player_choice":"Read","floor":31.0,"gold_loss":0.0,"damage_taken":0.0,"cards_obtained":["Anger"]},{"damage_healed":0.0,"max_hp_gain":0.0,"max_hp_loss":0.0,"gold_gain":0.0,"event_name":"SensoryStone","player_choice":"Memory 1","floor":38.0,"gold_loss":0.0,"damage_taken":0.0},{"cards_removed":["Strike_R"],"damage_healed":0.0,"max_hp_gain":0.0,"max_hp_loss":0.0,"gold_gain":0.0,"event_name":"Falling","player_choice":"Removed Attack","floor":41.0,"gold_loss":0.0,"damage_taken":0.0},{"damage_healed":0.0,"max_hp_gain":0.0,"max_hp_loss":0.0,"gold_gain":0.0,"event_name":"Mysterious Sphere","player_choice":"Fight","floor":45.0,"gold_loss":0.0,"damage_taken":0.0}],"is_beta":false,"boss_relics":[{"not_picked":["Black Star","Ectoplasm"],"picked":"Runic Cube"},{"not_picked":["Pandora\u0027s Box","Snecko Eye","Velvet Choker"]}],"items_purged_floors":[36],"is_endless":false,"potions_floor_spawned":[1,11,14,16,18,21,24,28,35,46,48],"ascension_level":10}