{"path_per_floor":["M","M","?","?","?","E","T","E","T","M","M","R","M","?","R","B",null,"M","?","M","?","M","E","R","$","T","R","?","R","?","M","R"],"character_chosen":"IRONCLAD","items_purchased":["Madness","Flex","War Paint","Bag of Marbles"],"gold_per_floor":[117,133,133,308,308,342,365,396,396,407,419,419,432,432,432,536,536,546,496,506,406,406,436,436,7,77,77,77,77,77,94,94],"floor_reached":33,"campfire_rested":2,"playtime":6665,"current_hp_per_floor":[76,73,73,73,73,45,45,20,20,26,22,46,44,64,64,40,80,80,80,76,76,72,37,37,37,37,61,61,61,61,67,67],"items_purged":[],"gold":94,"play_id":"8eec9fbb-985a-41f6-b023-fe7ee8945ace","is_prod":false,"is_daily":false,"campfire_rituals":0,"campfire_upgraded":4,"is_hardmode":false,"path_taken":["M","M","?","?","?","E","?","E","T","M","M","R","M","?","R","BOSS","M","?","M","?","?","E","R","$","T","R","?","R","?","M","R","BOSS"],"build_version":"2018-01-11-PROD2","purchased_purges":0,"victory":false,"master_deck":["Strike_R","Strike_R","Strike_R","Strike_R","Defend_R","Defend_R","Defend_R","Defend_R","Bash","Perfected Strike","Bludgeon","Clash","Power Through","Flame Barrier","Disarm","Bloodletting","Infernal Blade","Feed","Body Slam","Thunderclap","Searing Blow","Searing Blow","Madness","Flex","Fiend Fire"],"max_hp_per_floor":[80,80,80,80,80,80,80,80,80,80,80,80,80,80,80,80,80,80,80,83,83,83,83,83,83,83,83,80,80,80,80,80],"relics":["Burning Blood","Charon\u0027s Ashes","Molten Egg","Centennial Puzzle","Bottled Flame","Sozu","Ginger","War Paint","Bag of Marbles","Bottled Lightning","Unceasing Top"],"campfire_meditates":0,"card_choices":[{"not_picked":["Hemokinesis","Flex"],"picked":"Perfected Strike"},{"not_picked":["Second Wind","Sword Boomerang"],"picked":"Bludgeon"},{"not_picked":["Shockwave","Perfected Strike"],"picked":"Power Through"},{"not_picked":["Metallicize","Perfected Strike"],"picked":"Flame Barrier"},{"not_picked":["Corruption","Perfected Strike"],"picked":"Disarm"},{"not_picked":["Sword Boomerang","Dual Wield"],"picked":"Bloodletting"},{"not_picked":["Feel No Pain","Disarm"],"picked":"Infernal Blade"},{"not_picked":["Bludgeon","Juggernaut"],"picked":"Feed"},{"not_picked":["Intimidate","Uppercut"],"picked":"Body Slam"},{"not_picked":["Sword Boomerang","Shrug It Off"],"picked":"Thunderclap"},{"not_picked":["Dual Wield","Flex"],"picked":"Searing Blow"},{"not_picked":["Bloodletting","Flame Barrier"],"picked":"Searing Blow"},{"not_picked":["Warcry","Sever Soul"],"picked":"Fiend Fire"}],"player_experience":1315,"potions_floor_usage":[],"damage_taken":[{"damage":10,"enemies":"Cultist","floor":1,"turns":4},{"damage":9,"enemies":"Blue Slaver","floor":2,"turns":6},{"damage":34,"enemies":"Lagavulin","floor":6,"turns":6},{"damage":31,"enemies":"3 Sentries","floor":8,"turns":6},{"damage":0,"enemies":"Small Slimes","floor":10,"turns":2},{"damage":10,"enemies":"3 Louse","floor":11,"turns":4},{"damage":8,"enemies":"Large Slime","floor":13,"turns":5},{"damage":30,"enemies":"The Guardian","floor":16,"turns":12},{"damage":0,"enemies":"Chosen","floor":18,"turns":2},{"damage":13,"enemies":"3 Byrds","floor":20,"turns":4},{"damage":10,"enemies":"3 Cultists","floor":22,"turns":5},{"damage":41,"enemies":"Gremlin Leader","floor":23,"turns":8},{"damage":0,"enemies":"Snake Plant","floor":31,"turns":1},{"damage":72,"enemies":"Champ","floor":33,"turns":7}],"event_choices":[{"event_name":"Transmorgrifier","player_choice":"Transform","floor":3,"damage_taken":0},{"event_name":"Liars Game","player_choice":"agreed","floor":4,"damage_taken":0},{"event_name":"Purifier","player_choice":"One Purge","floor":5,"damage_taken":0},{"event_name":"Mushrooms","player_choice":"Healed and dodged fight","floor":14,"damage_taken":0},{"event_name":"The Joust","player_choice":"Bet on Murderer","floor":19,"damage_taken":0},{"event_name":"Drug Dealer","player_choice":"Got JAXXED","floor":21,"damage_taken":0},{"event_name":"Back to Basics","player_choice":"Elegance","floor":28,"damage_taken":0},{"event_name":"Addict","player_choice":"Gave JAX","floor":30,"damage_taken":0}],"boss_relics":[{"not_picked":["Runic Cube","Runic Dome"],"picked":"Sozu"}],"potions_floor_spawned":[1,10,11,13,20,31],"seed_played":"5051547585244822988","killed_by":"Champ","is_trial":false}