{"gold_per_floor":[113,38,58,72,72,100,100,175,175,193,223,223,223,235,235,235],"floor_reached":16,"playtime":820,"items_purged":["Strike_R"],"score":110,"play_id":"9219fa7f-0fd8-40b0-bb7f-70375f6ccea3","local_time":"20190130165655","is_ascension_mode":false,"campfire_choices":[{"floor":7,"key":"REST"},{"floor":12,"key":"REST"},{"floor":15,"key":"REST"}],"neow_cost":"NONE","seed_source_timestamp":35183246814917,"circlet_count":0,"master_deck":["Strike_R","Strike_R","Strike_R","Strike_R","Defend_R","Defend_R","Defend_R","Defend_R","Bash","Cleave","Disarm","Cleave","Flame Barrier","Wild Strike","True Grit+1","Wild Strike"],"relics":["Burning Blood","Bronze Scales","Shuriken","Lantern"],"potions_floor_usage":[10,16],"damage_taken":[{"damage":7,"enemies":"2 Louse","floor":1,"turns":2},{"damage":8,"enemies":"Jaw Worm","floor":3,"turns":3},{"damage":5,"enemies":"Small Slimes","floor":4,"turns":4},{"damage":62,"enemies":"Lagavulin","floor":6,"turns":10},{"damage":6,"enemies":"Exordium Wildlife","floor":10,"turns":6},{"damage":23,"enemies":"3 Sentries","floor":11,"turns":6},{"damage":10,"enemies":"Looter","floor":14,"turns":3},{"damage":97,"enemies":"Slime Boss","floor":16,"turns":11}],"seed_played":"1300522762250306970","potions_obtained":[{"floor":3,"key":"BloodPotion"},{"floor":6,"key":"FairyPotion"},{"floor":14,"key":"Swift Potion"}],"is_trial":false,"path_per_floor":["M","$","M","M","?","E","R","?","T","M","E","R","?","M","R","B"],"character_chosen":"IRONCLAD","items_purchased":[],"campfire_rested":3,"item_purchase_floors":[],"current_hp_per_floor":[79,79,77,78,83,27,52,41,41,49,32,57,57,53,78,0],"gold":235,"neow_bonus":"RANDOM_COMMON_RELIC","is_prod":false,"is_daily":false,"chose_seed":false,"campfire_upgraded":0,"win_rate":0,"timestamp":1548889015,"path_taken":["M","$","M","M","?","E","R","?","T","M","E","R","?","M","R","BOSS"],"build_version":"2019-01-23","purchased_purges":1,"victory":false,"max_hp_per_floor":[80,80,80,80,85,85,85,85,85,85,85,85,85,85,85,85],"card_choices":[{"not_picked":["Wild Strike","Iron Wave"],"picked":"Cleave","floor":1},{"not_picked":["Battle Trance","Flex"],"picked":"Disarm","floor":3},{"not_picked":["Hemokinesis","Pummel"],"picked":"Cleave","floor":4},{"not_picked":["Reaper","Searing Blow"],"picked":"Flame Barrier","floor":6},{"not_picked":["Twin Strike","Fire Breathing"],"picked":"Wild Strike","floor":10},{"not_picked":["Wild Strike","Battle Trance"],"picked":"True Grit","floor":11},{"not_picked":["Sword Boomerang","Body Slam"],"picked":"Wild Strike","floor":14}],"player_experience":347208,"relics_obtained":[{"floor":6,"key":"Shuriken"},{"floor":11,"key":"Lantern"}],"event_choices":[{"damage_healed":0,"gold_gain":0,"player_choice":"Donut","damage_taken":0,"max_hp_gain":5,"max_hp_loss":0,"event_name":"Big Fish","floor":5,"gold_loss":0},{"damage_healed":0,"gold_gain":75,"player_choice":"Gather Gold","damage_taken":11,"max_hp_gain":0,"max_hp_loss":0,"event_name":"World of Goop","floor":8,"gold_loss":0},{"damage_healed":0,"gold_gain":0,"player_choice":"Grow","damage_taken":0,"max_hp_gain":0,"max_hp_loss":0,"event_name":"Living Wall","floor":13,"gold_loss":0,"cards_upgraded":["True Grit"]}],"is_beta":false,"boss_relics":[],"items_purged_floors":[2],"is_endless":false,"potions_floor_spawned":[3,6,14],"killed_by":"Slime Boss","ascension_level":0}