{"gold_per_floor":[109,29,29,41,54,54,83,83,83,114,114,126,126,145,145,219,219,229,67,93,105,136,148,194,206,263,275],"floor_reached":27,"playtime":1183,"items_purged":[],"score":488,"play_id":"eac8c925-d6c6-40cb-9b12-996f896ab7c9","local_time":"20190101051052","is_ascension_mode":true,"campfire_choices":[{"data":"Havoc","floor":6,"key":"SMITH"},{"data":"Juggernaut","floor":8,"key":"SMITH"},{"data":"Carnage","floor":11,"key":"SMITH"},{"data":"Flame Barrier","floor":15,"key":"SMITH"},{"data":"Demon Form","floor":23,"key":"SMITH"},{"data":"Heavy Blade","floor":25,"key":"SMITH"}],"neow_cost":"NONE","seed_source_timestamp":2092944683918427,"circlet_count":0,"master_deck":["AscendersBane","Strike_R","Strike_R","Strike_R","Strike_R","Defend_R","Defend_R","Defend_R","Defend_R","Bash","Havoc+1","Flame Barrier+1","Carnage+1","Shockwave","Juggernaut+1","Ghostly Armor","Shrug It Off","Inflame","Demon Form+1","Seeing Red","Heavy Blade+1","Sword Boomerang"],"relics":["Burning Blood","Self Forming Clay","Bottled Lightning","Pantograph","Mark of Pain","Bronze Scales","MawBank","Oddly Smooth Stone","Ancient Tea Set"],"potions_floor_usage":[7,12,18,27],"damage_taken":[{"damage":18,"enemies":"Jaw Worm","floor":1,"turns":7},{"damage":0,"enemies":"2 Louse","floor":4,"turns":4},{"damage":1,"enemies":"Cultist","floor":5,"turns":3},{"damage":0,"enemies":"Gremlin Nob","floor":7,"turns":3},{"damage":27,"enemies":"3 Sentries","floor":10,"turns":7},{"damage":0,"enemies":"Lots of Slimes","floor":12,"turns":5},{"damage":3,"enemies":"Blue Slaver","floor":14,"turns":3},{"damage":40,"enemies":"The Guardian","floor":16,"turns":10},{"damage":11,"enemies":"Shell Parasite","floor":18,"turns":6},{"damage":6,"enemies":"2 Thieves","floor":22,"turns":5},{"damage":42,"enemies":"Slavers","floor":24,"turns":6},{"damage":48,"enemies":"Gremlin Leader","floor":27,"turns":6}],"seed_played":"-2391536118981134628","potions_obtained":[{"floor":4,"key":"Block Potion"},{"floor":10,"key":"SkillPotion"},{"floor":13,"key":"Dexterity Potion"},{"floor":13,"key":"SneckoOil"},{"floor":14,"key":"SkillPotion"},{"floor":18,"key":"Regen Potion"}],"is_trial":false,"path_per_floor":["M","$","?","M","M","R","E","R","T","E","R","M","?","M","R","B",null,"M","$","T","$","M","R","E","R","T","E"],"character_chosen":"IRONCLAD","items_purchased":["Carnage","Bronze Scales"],"campfire_rested":0,"item_purchase_floors":[2,19],"current_hp_per_floor":[56,56,49,55,60,60,66,66,66,45,45,51,51,54,54,41,67,62,62,62,62,62,62,26,26,26,0],"gold":275,"neow_bonus":"THREE_CARDS","is_prod":false,"is_daily":false,"chose_seed":false,"campfire_upgraded":6,"win_rate":0,"timestamp":1546315852,"path_taken":["M","$","?","M","M","R","E","R","T","E","R","M","?","?","R","BOSS","M","$","?","$","M","R","E","R","T","E"],"build_version":"2018-12-20","purchased_purges":0,"victory":false,"max_hp_per_floor":[75,75,75,75,75,75,75,75,75,75,75,75,75,75,75,75,75,75,75,75,75,75,75,75,75,75,75],"card_choices":[{"not_picked":["Clothesline","Body Slam"],"picked":"Havoc","floor":0},{"not_picked":["Rupture","Thunderclap"],"picked":"Flame Barrier","floor":1},{"not_picked":["Armaments","Burning Pact","Headbutt"],"picked":"SKIP","floor":4},{"not_picked":["Headbutt","Disarm"],"picked":"Shockwave","floor":5},{"not_picked":["Wild Strike","Blood for Blood"],"picked":"Juggernaut","floor":7},{"not_picked":["Corruption","Fiend Fire"],"picked":"Ghostly Armor","floor":10},{"not_picked":["Headbutt","Shockwave"],"picked":"Shrug It Off","floor":12},{"not_picked":["Shockwave","Ghostly Armor"],"picked":"Inflame","floor":14},{"not_picked":["Bludgeon","Limit Break"],"picked":"Demon Form","floor":16},{"not_picked":["Hemokinesis+1","Spot Weakness+1"],"picked":"Seeing Red","floor":18},{"not_picked":["Rampage","Second Wind"],"picked":"Heavy Blade","floor":22},{"not_picked":["Rupture","Power Through"],"picked":"Sword Boomerang","floor":24}],"player_experience":648113,"relics_obtained":[{"floor":7,"key":"Self Forming Clay"},{"floor":9,"key":"Bottled Lightning"},{"floor":10,"key":"Pantograph"},{"floor":20,"key":"MawBank"},{"floor":24,"key":"Oddly Smooth Stone"},{"floor":26,"key":"Ancient Tea Set"}],"event_choices":[{"cards_removed":["Strike_R"],"damage_healed":0,"gold_gain":0,"player_choice":"Card Removal","damage_taken":7,"max_hp_gain":0,"max_hp_loss":0,"event_name":"Golden Wing","floor":3,"gold_loss":0},{"damage_healed":0,"gold_gain":0,"player_choice":"Got Potions","damage_taken":0,"max_hp_gain":0,"max_hp_loss":0,"event_name":"Lab","floor":13,"gold_loss":0}],"is_beta":false,"boss_relics":[{"not_picked":["Snecko Eye","Pandora\u0027s Box"],"picked":"Mark of Pain"}],"items_purged_floors":[],"is_endless":false,"potions_floor_spawned":[4,10,14,16,18,22],"killed_by":"Gremlin Leader","ascension_level":17}