{"gold_per_floor":[114,133,133,37,37,37,37,54,108,108,136,209,229,276,276,380,380,390,405,420,420],"floor_reached":21,"playtime":1467,"items_purged":[],"score":179,"play_id":"8c6637e7-0a84-4bf3-a5f3-3b47a3ffa36b","local_time":"20181110203855","is_ascension_mode":false,"campfire_choices":[{"data":"Distraction","floor":7,"key":"SMITH"},{"data":"Unload","floor":10,"key":"SMITH"},{"data":"Blade Dance","floor":15,"key":"SMITH"}],"neow_cost":"NONE","seed_source_timestamp":279734688458957,"circlet_count":0,"master_deck":["Defend_G","Defend_G","Defend_G","Defend_G","Defend_G","Strike_G","Strike_G","Strike_G","Strike_G","Strike_G","Survivor","Neutralize","Unload+1","PiercingWail","Distraction+1","Mind Blast","Dagger Spray","Bane","Blade Dance+1","Burst","Distraction+1","Outmaneuver+1","Acrobatics+1"],"relics":["Ring of the Snake","WarpedTongs","PreservedInsect","Sundial","Vajra","Snecko Eye"],"potions_floor_usage":[11,21,21],"damage_taken":[{"damage":1,"enemies":"Jaw Worm","floor":1,"turns":3},{"damage":6,"enemies":"Cultist","floor":2,"turns":3},{"damage":7,"enemies":"2 Louse","floor":8,"turns":2},{"damage":4,"enemies":"Gremlin Nob","floor":11,"turns":3},{"damage":0,"enemies":"Looter","floor":13,"turns":3},{"damage":46,"enemies":"Hexaghost","floor":16,"turns":10},{"damage":16,"enemies":"Chosen","floor":18,"turns":4},{"damage":9,"enemies":"Shell Parasite","floor":19,"turns":4},{"damage":0,"enemies":"Snecko","floor":20,"turns":4},{"damage":2,"enemies":"Colosseum Slavers","floor":21,"turns":4},{"damage":59,"enemies":"Colosseum Nobs","floor":21,"turns":3}],"seed_played":"-8504710498744344492","potions_obtained":[{"floor":8,"key":"AttackPotion"},{"floor":16,"key":"Swift Potion"},{"floor":18,"key":"Poison Potion"}],"is_trial":false,"path_per_floor":["M","M","?","$","?","?","R","M","T","R","E","?","M","T","R","B",null,"M","M","M","?"],"character_chosen":"THE_SILENT","items_purchased":["Mind Blast"],"campfire_rested":0,"item_purchase_floors":[4],"current_hp_per_floor":[69,63,63,63,63,63,63,56,56,56,52,52,52,52,52,6,70,54,45,45,0],"gold":420,"neow_bonus":"ONE_RANDOM_RARE_CARD","is_prod":false,"is_daily":false,"chose_seed":false,"campfire_upgraded":3,"win_rate":0.0,"timestamp":1541911135,"path_taken":["M","M","?","?","?","?","R","?","T","R","E","?","M","?","R","BOSS","M","?","M","?"],"build_version":"2018-11-08","purchased_purges":0,"victory":false,"max_hp_per_floor":[70,70,70,70,70,70,70,70,70,70,70,70,70,70,70,70,70,70,70,70,70],"card_choices":[{"not_picked":["Poisoned Stab","Blur"],"picked":"PiercingWail","floor":1},{"not_picked":["Bane","Backflip"],"picked":"Distraction","floor":2},{"not_picked":["Riddle With Holes","Heel Hook"],"picked":"Dagger Spray","floor":8},{"not_picked":["Bouncing Flask","Blur"],"picked":"Bane","floor":11},{"not_picked":["Dagger Throw","Sucker Punch"],"picked":"Blade Dance","floor":13},{"not_picked":["Envenom","Corpse Explosion"],"picked":"Burst","floor":16},{"not_picked":["Dagger Spray","Footwork"],"picked":"Distraction+1","floor":18},{"not_picked":["Quick Slash","Flying Knee"],"picked":"Outmaneuver+1","floor":19},{"not_picked":["Tactician","Bane"],"picked":"Acrobatics+1","floor":20}],"player_experience":13289,"relics_obtained":[{"floor":9,"key":"PreservedInsect"},{"floor":11,"key":"Sundial"},{"floor":14,"key":"Vajra"}],"event_choices":[{"damage_healed":0,"gold_gain":0,"player_choice":"Rummage","damage_taken":0,"relics_obtained":["WarpedTongs"],"max_hp_gain":0,"max_hp_loss":0,"event_name":"Accursed Blacksmith","floor":3,"gold_loss":0,"cards_obtained":["Pain"]},{"cards_removed":["Pain"],"damage_healed":0,"gold_gain":0,"player_choice":"Forget","damage_taken":0,"max_hp_gain":0,"max_hp_loss":0,"event_name":"Living Wall","floor":5,"gold_loss":0},{"damage_healed":0,"gold_gain":0,"player_choice":"Leave","damage_taken":0,"max_hp_gain":0,"max_hp_loss":0,"event_name":"The Cleric","floor":6,"gold_loss":0},{"damage_healed":0,"gold_gain":73,"player_choice":"Gained Gold","damage_taken":0,"max_hp_gain":0,"max_hp_loss":0,"event_name":"Golden Wing","floor":12,"gold_loss":0},{"damage_healed":0,"gold_gain":0,"player_choice":"Fight","damage_taken":0,"max_hp_gain":0,"max_hp_loss":0,"event_name":"Colosseum","floor":21,"gold_loss":0},{"damage_healed":0,"gold_gain":0,"player_choice":"Fought Nobs","damage_taken":0,"max_hp_gain":0,"max_hp_loss":0,"event_name":"Colosseum","floor":21,"gold_loss":0}],"is_beta":false,"boss_relics":[{"not_picked":["White Beast Statue","Empty Cage"],"picked":"Snecko Eye"}],"items_purged_floors":[],"is_endless":false,"potions_floor_spawned":[8,16,18],"killed_by":"Colosseum Nobs","ascension_level":0}