{"gold_per_floor":[110,126,146,101,111,143,143,172,199,199,216,216,216,226,226,325,325,341,341,341,352,95,129,139,159,159,175,175,186,186,186,186,284,284,302,302,302,313,329,329,358,358],"floor_reached":42,"playtime":2955,"items_purged":["Bash"],"score":535,"play_id":"378f6c48-c7be-4b61-99d1-410a7e6a1777","local_time":"20181119104709","is_ascension_mode":false,"campfire_choices":[{"data":"Perfected Strike","floor":7,"key":"SMITH"},{"floor":10,"key":"REST"},{"data":"Clash","floor":13,"key":"SMITH"},{"data":"Twin Strike","floor":15,"key":"SMITH"},{"data":"Clash","floor":28,"key":"SMITH"},{"floor":30,"key":"REST"},{"data":"Clash","floor":32,"key":"SMITH"},{"floor":40,"key":"REST"}],"neow_cost":"NONE","seed_source_timestamp":0,"circlet_count":0,"master_deck":["Strike_R","Strike_R","Strike_R","Strike_R","Strike_R","Defend_R","Defend_R","Defend_R","Defend_R","Clash+1","Pommel Strike","Clash+1","Perfected Strike+1","Twin Strike","Anger","Ghostly Armor","Twin Strike+1","Double Tap","Clash+1","Perfected Strike+1","Pommel Strike","Wild Strike","Wild Strike+1","Demon Form"],"special_seed":0,"relics":["Black Blood","Happy Flower","Smiling Mask","Ancient Tea Set","Lizard Tail","Lee\u0027s Waffle","Omamori","Letter Opener","Pear","Ornamental Fan"],"potions_floor_usage":[16,16,25,25,33,41,42],"damage_taken":[{"damage":0,"enemies":"Cultist","floor":1,"turns":4},{"damage":6,"enemies":"Jaw Worm","floor":2,"turns":2},{"damage":10,"enemies":"Small Slimes","floor":3,"turns":3},{"damage":8,"enemies":"2 Fungi Beasts","floor":5,"turns":3},{"damage":25,"enemies":"Gremlin Nob","floor":6,"turns":4},{"damage":17,"enemies":"3 Sentries","floor":8,"turns":6},{"damage":1,"enemies":"Exordium Thugs","floor":11,"turns":3},{"damage":0,"enemies":"Gremlin Gang","floor":14,"turns":3},{"damage":48,"enemies":"The Guardian","floor":16,"turns":9},{"damage":0,"enemies":"3 Byrds","floor":18,"turns":5},{"damage":15,"enemies":"2 Thieves","floor":21,"turns":2},{"damage":0,"enemies":"Gremlin Leader","floor":23,"turns":3},{"damage":35,"enemies":"Shelled Parasite and Fungi","floor":24,"turns":5},{"damage":0,"enemies":"Cultist and Chosen","floor":25,"turns":4},{"damage":0,"enemies":"Centurion and Healer","floor":27,"turns":3},{"damage":32,"enemies":"Snake Plant","floor":29,"turns":4},{"damage":63,"enemies":"Collector","floor":33,"turns":5},{"damage":15,"enemies":"Orb Walker","floor":35,"turns":3},{"damage":49,"enemies":"3 Darklings","floor":38,"turns":8},{"damage":27,"enemies":"Spire Growth","floor":39,"turns":4},{"damage":156,"enemies":"Nemesis","floor":41,"turns":9}],"seed_played":"-100258020636619028","potions_obtained":[{"floor":2,"key":"FearPotion"},{"floor":6,"key":"SpeedPotion"},{"floor":16,"key":"Swift Potion"},{"floor":23,"key":"Energy Potion"},{"floor":24,"key":"Energy Potion"},{"floor":25,"key":"Energy Potion"},{"floor":29,"key":"Swift Potion"},{"floor":33,"key":"BloodPotion"},{"floor":41,"key":"SteroidPotion"}],"is_trial":false,"path_per_floor":["M","M","M","$","M","E","R","E","T","R","M","?","R","M","R","B",null,"M","?","?","M","$","E","M","M","T","M","R","M","R","?","R","B",null,"M","?","?","M","M","R","E","M"],"character_chosen":"IRONCLAD","items_purchased":["Perfected Strike","Lee\u0027s Waffle"],"campfire_rested":3,"item_purchase_floors":[4,22],"current_hp_per_floor":[88,88,84,84,82,63,63,52,52,78,83,88,88,93,93,51,93,93,75,75,66,105,105,76,82,82,88,88,62,93,93,93,36,105,100,105,115,76,59,93,18,0],"gold":358,"neow_bonus":"TEN_PERCENT_HP_BONUS","is_prod":false,"is_daily":false,"chose_seed":false,"campfire_upgraded":5,"win_rate":0,"timestamp":1542620829,"path_taken":["M","M","M","$","?","E","R","E","T","R","M","?","R","M","R","BOSS","M","?","?","M","$","E","?","M","T","?","R","M","R","?","R","BOSS","M","?","?","M","?","R","E","M"],"build_version":"2018-11-15","purchased_purges":1,"victory":false,"max_hp_per_floor":[88,88,88,88,88,88,88,88,88,88,88,93,93,93,93,93,93,93,98,98,98,105,105,105,105,105,105,105,105,105,105,105,105,105,105,105,115,115,115,115,115,115],"card_choices":[{"not_picked":["Heavy Blade","Flex"],"picked":"Clash","floor":1},{"not_picked":["Heavy Blade","Iron Wave"],"picked":"Pommel Strike","floor":2},{"not_picked":["Wild Strike","Clothesline"],"picked":"Clash","floor":3},{"not_picked":["Offering","Headbutt"],"picked":"Twin Strike","floor":5},{"not_picked":["Heavy Blade","Battle Trance","Seeing Red"],"picked":"SKIP","floor":6},{"not_picked":["Iron Wave","Feel No Pain"],"picked":"Anger","floor":8},{"not_picked":["Spot Weakness","Body Slam"],"picked":"Ghostly Armor","floor":11},{"not_picked":["Armaments","Sentinel"],"picked":"Twin Strike","floor":14},{"not_picked":["Reaper","Berserk"],"picked":"Double Tap","floor":16},{"not_picked":["Anger+1","Inflame"],"picked":"Clash","floor":18},{"not_picked":["Warcry+1","True Grit"],"picked":"Pommel Strike","floor":21},{"not_picked":["Pummel","Infernal Blade+1","Shrug It Off"],"picked":"SKIP","floor":23},{"not_picked":["Body Slam+1","Disarm","Searing Blow"],"picked":"SKIP","floor":24},{"not_picked":["Uppercut","Warcry"],"picked":"Wild Strike","floor":25},{"not_picked":["Immolate","Seeing Red","Body Slam"],"picked":"SKIP","floor":27},{"not_picked":["Dual Wield+1","Burning Pact","Shrug It Off"],"picked":"SKIP","floor":29},{"not_picked":["True Grit+1","Anger+1"],"picked":"Wild Strike+1","floor":35},{"not_picked":["Cleave","Havoc+1","Thunderclap"],"picked":"SKIP","floor":38},{"not_picked":["Anger","Fire Breathing","Disarm"],"picked":"SKIP","floor":39},{"not_picked":["Armaments+1","Reckless Charge"],"picked":"Demon Form","floor":41}],"player_experience":57301,"relics_obtained":[{"floor":6,"key":"Happy Flower"},{"floor":8,"key":"Smiling Mask"},{"floor":9,"key":"Ancient Tea Set"},{"floor":23,"key":"Omamori"},{"floor":26,"key":"Letter Opener"},{"floor":41,"key":"Ornamental Fan"}],"event_choices":[{"damage_healed":0,"gold_gain":0,"player_choice":"Donut","damage_taken":0,"max_hp_gain":5,"max_hp_loss":0,"event_name":"Big Fish","floor":12,"gold_loss":0},{"damage_healed":0,"gold_gain":0,"player_choice":"Shed Blood","damage_taken":23,"max_hp_gain":5,"max_hp_loss":0,"event_name":"Forgotten Altar","floor":19,"gold_loss":0},{"damage_healed":0,"gold_gain":0,"player_choice":"Copied","damage_taken":0,"max_hp_gain":0,"max_hp_loss":0,"event_name":"Duplicator","floor":20,"gold_loss":0,"cards_obtained":["Perfected Strike"]},{"damage_healed":0,"gold_gain":0,"player_choice":"Ignored","damage_taken":0,"max_hp_gain":0,"max_hp_loss":0,"event_name":"Vampires","floor":31,"gold_loss":0},{"damage_healed":26,"gold_gain":0,"player_choice":"Writhe","damage_taken":0,"max_hp_gain":0,"max_hp_loss":0,"event_name":"Winding Halls","floor":36,"gold_loss":0,"cards_obtained":["Writhe"]},{"damage_healed":0,"gold_gain":0,"player_choice":"Gave Potion","damage_taken":0,"relics_obtained":["Pear"],"max_hp_gain":0,"max_hp_loss":0,"event_name":"WeMeetAgain","floor":37,"gold_loss":0}],"is_beta":false,"boss_relics":[{"not_picked":["Philosopher\u0027s Stone","Sozu"],"picked":"Lizard Tail"},{"not_picked":["Empty Cage","Runic Pyramid"],"picked":"Black Blood"}],"items_purged_floors":[22],"is_endless":false,"potions_floor_spawned":[2,6,16,23,24,25,29,33,41],"killed_by":"4 Shapes","ascension_level":0}