{"gold_per_floor":[118,133,145,145,156,183,183,213,213,213,225,241,241,269,269,364,364,381,398,16,16,16,16,51,51,51,69,69,87,87,107,107,209,209,221,221,110,110,60,94,109,121,172,186,186,204,204,0,0,0],"floor_reached":51,"playtime":4011,"items_purged":["Shame","Defend_R"],"score":734,"play_id":"200c69b1-ed3a-4f9e-8607-c911c0341c43","local_time":"20190108193251","is_ascension_mode":true,"campfire_choices":[{"data":"Armaments","floor":7,"key":"SMITH"},{"floor":10,"key":"REST"},{"data":"Uppercut","floor":15,"key":"SMITH"},{"data":"Demon Form","floor":23,"key":"SMITH"},{"floor":30,"key":"REST"},{"data":"Flame Barrier","floor":32,"key":"SMITH"},{"floor":45,"key":"REST"},{"floor":47,"key":"REST"},{"floor":49,"key":"REST"}],"neow_cost":"NONE","seed_source_timestamp":168353509491800,"circlet_count":0,"master_deck":["Strike_R","Strike_R","Defend_R","Defend_R","Bash","Armaments+1","Metallicize","Bloodletting","Battle Trance","Ghostly Armor","Uppercut+1","Pummel","Clothesline","Headbutt","Demon Form+1","Rage+1","Offering+1","Shrug It Off+1","Pummel+1","Dual Wield+1","Bandage Up","RitualDagger","Flame Barrier+1","Impervious","Flame Barrier+1","Flash of Steel","Apotheosis+1","Dramatic Entrance","Pommel Strike+1","Impervious","True Grit+1"],"relics":["Burning Blood","NeowsBlessing","Nunchaku","Charon\u0027s Ashes","Champion Belt","Du-Vu Doll","Astrolabe","Membership Card","FossilizedHelix","Strawberry","Anchor","Ornamental Fan","Fusion Hammer","Bag of Preparation","Gremlin Horn","Potion Belt","Red Mask"],"potions_floor_usage":[24,29,29,35,50],"damage_taken":[{"damage":0,"enemies":"Jaw Worm","floor":1,"turns":1},{"damage":0,"enemies":"2 Louse","floor":2,"turns":1},{"damage":0,"enemies":"Small Slimes","floor":3,"turns":1},{"damage":16,"enemies":"Blue Slaver","floor":5,"turns":3},{"damage":51,"enemies":"Gremlin Nob","floor":6,"turns":5},{"damage":22,"enemies":"Lagavulin","floor":8,"turns":9},{"damage":11,"enemies":"3 Louse","floor":11,"turns":3},{"damage":9,"enemies":"Gremlin Gang","floor":12,"turns":5},{"damage":11,"enemies":"Gremlin Nob","floor":14,"turns":5},{"damage":17,"enemies":"The Guardian","floor":16,"turns":13},{"damage":19,"enemies":"Shell Parasite","floor":18,"turns":7},{"damage":21,"enemies":"3 Byrds","floor":19,"turns":4},{"damage":40,"enemies":"Slavers","floor":24,"turns":5},{"damage":21,"enemies":"Snecko","floor":27,"turns":5},{"damage":13,"enemies":"3 Cultists","floor":29,"turns":7},{"damage":2,"enemies":"Snake Plant","floor":31,"turns":4},{"damage":45,"enemies":"Automaton","floor":33,"turns":10},{"damage":18,"enemies":"3 Shapes","floor":35,"turns":5},{"damage":19,"enemies":"Nemesis","floor":40,"turns":7},{"damage":34,"enemies":"3 Darklings","floor":41,"turns":4},{"damage":0,"enemies":"Maw","floor":42,"turns":6},{"damage":17,"enemies":"Jaw Worm Horde","floor":44,"turns":4},{"damage":6,"enemies":"4 Shapes","floor":46,"turns":3},{"damage":43,"enemies":"Time Eater","floor":50,"turns":12}],"seed_played":"946840553811437247","potions_obtained":[{"floor":3,"key":"AttackPotion"},{"floor":11,"key":"Dexterity Potion"},{"floor":16,"key":"Regen Potion"},{"floor":18,"key":"SteroidPotion"},{"floor":27,"key":"Regen Potion"},{"floor":31,"key":"Ancient Potion"},{"floor":33,"key":"SmokeBomb"},{"floor":35,"key":"Ancient Potion"},{"floor":44,"key":"Strength Potion"}],"is_trial":false,"path_per_floor":["M","M","M","?","M","E","R","E","T","R","M","M","?","E","R","B",null,"M","M","$","?","?","R","E","?","T","M","?","M","R","M","R","B",null,"M","?","$","?","$","E","M","M","T","M","R","M","R","?","R","B",null],"character_chosen":"IRONCLAD","items_purchased":["Membership Card","FossilizedHelix","Bandage Up","Bag of Preparation"],"campfire_rested":5,"item_purchase_floors":[20,20,20,37],"current_hp_per_floor":[80,80,80,80,70,25,25,9,9,33,28,25,25,20,20,9,80,67,52,52,52,46,46,35,35,35,20,20,32,58,66,66,31,87,77,67,67,67,67,60,38,50,50,45,71,75,87,87,87,50],"gold":0,"neow_bonus":"THREE_ENEMY_KILL","is_prod":false,"is_daily":false,"chose_seed":false,"campfire_upgraded":4,"win_rate":0,"timestamp":1546975971,"path_taken":["M","M","M","?","M","E","R","E","T","R","M","M","?","E","R","BOSS","M","M","$","?","?","R","E","?","T","M","?","M","R","M","R","BOSS","M","?","$","?","$","E","M","?","T","M","R","?","R","?","R","BOSS"],"build_version":"2019-01-03v4","purchased_purges":2,"victory":true,"max_hp_per_floor":[80,80,80,80,80,80,80,80,80,80,80,80,80,80,80,80,80,80,80,80,80,80,80,87,87,87,87,87,87,87,87,87,87,87,87,87,87,87,87,87,87,87,87,87,87,87,87,87,87,87],"card_choices":[{"not_picked":["Searing Blow","Corruption"],"picked":"Armaments","floor":1},{"not_picked":["Hemokinesis","Flex","Anger"],"picked":"SKIP","floor":2},{"not_picked":["Power Through","Twin Strike"],"picked":"Metallicize","floor":3},{"not_picked":["Sword Boomerang","Warcry"],"picked":"Battle Trance","floor":5},{"not_picked":["Rage","Combust"],"picked":"Ghostly Armor","floor":6},{"not_picked":["Headbutt","Warcry"],"picked":"Uppercut","floor":8},{"not_picked":["Clash","Sentinel"],"picked":"Pummel","floor":11},{"not_picked":["Wild Strike","Flex"],"picked":"Clothesline","floor":12},{"not_picked":["Rupture","Carnage"],"picked":"Headbutt","floor":14},{"not_picked":["Immolate","Reaper"],"picked":"Demon Form","floor":16},{"not_picked":["Headbutt","Reckless Charge+1"],"picked":"Pummel+1","floor":18},{"not_picked":["Hemokinesis","Iron Wave"],"picked":"Dual Wield+1","floor":19},{"not_picked":["Second Wind","Iron Wave","Clothesline+1"],"picked":"SKIP","floor":24},{"not_picked":["Heavy Blade","Reckless Charge","Hemokinesis+1"],"picked":"SKIP","floor":27},{"not_picked":["Bloodletting","Body Slam","Headbutt"],"picked":"SKIP","floor":29},{"not_picked":["Infernal Blade","Thunderclap"],"picked":"Flame Barrier","floor":31},{"not_picked":["Offering","Brutality"],"picked":"Impervious","floor":33},{"not_picked":["Searing Blow","Blood for Blood"],"picked":"Flame Barrier+1","floor":35},{"not_picked":["Panache","Thinking Ahead"],"picked":"Flash of Steel","floor":36},{"not_picked":["HandOfGreed","Blind"],"picked":"Apotheosis","floor":36},{"not_picked":["Apotheosis","Secret Technique"],"picked":"Dramatic Entrance","floor":36},{"not_picked":["Whirlwind","Anger+1","Sword Boomerang"],"picked":"SKIP","floor":40},{"not_picked":["Entrench","Clothesline+1","Rampage"],"picked":"SKIP","floor":41},{"not_picked":["Flex","Armaments+1"],"picked":"Pommel Strike+1","floor":42},{"not_picked":["Searing Blow","Rampage"],"picked":"Impervious","floor":44},{"not_picked":["Bloodletting","Flame Barrier+1"],"picked":"True Grit+1","floor":46}],"player_experience":64741,"relics_obtained":[{"floor":6,"key":"Nunchaku"},{"floor":8,"key":"Charon\u0027s Ashes"},{"floor":9,"key":"Champion Belt"},{"floor":14,"key":"Du-Vu Doll"},{"floor":24,"key":"Strawberry"},{"floor":26,"key":"Ornamental Fan"},{"floor":40,"key":"Gremlin Horn"},{"floor":43,"key":"Potion Belt"}],"event_choices":[{"damage_healed":0,"gold_gain":0,"cards_transformed":["Strike_R"],"player_choice":"Change","damage_taken":0,"max_hp_gain":0,"max_hp_loss":0,"event_name":"Living Wall","floor":4,"gold_loss":0,"cards_obtained":["Bloodletting"]},{"damage_healed":0,"gold_gain":0,"player_choice":"Fled","damage_taken":0,"max_hp_gain":0,"max_hp_loss":0,"event_name":"Scrap Ooze","floor":13,"gold_loss":0},{"damage_healed":0,"gold_gain":0,"player_choice":"Ignored","damage_taken":0,"max_hp_gain":0,"max_hp_loss":0,"event_name":"Vampires","floor":21,"gold_loss":0},{"damage_healed":0,"gold_gain":0,"player_choice":"Joined the Cult","damage_taken":6,"max_hp_gain":0,"max_hp_loss":0,"event_name":"Nest","floor":22,"gold_loss":0,"cards_obtained":["RitualDagger"]},{"damage_healed":0,"gold_gain":0,"player_choice":"Stole Relic","damage_taken":0,"relics_obtained":["Anchor"],"max_hp_gain":0,"max_hp_loss":0,"event_name":"Addict","floor":25,"gold_loss":0,"cards_obtained":["Shame"]},{"damage_healed":0,"gold_gain":0,"player_choice":"Ignored","damage_taken":0,"max_hp_gain":0,"max_hp_loss":0,"event_name":"Cursed Tome","floor":28,"gold_loss":0},{"damage_healed":0,"gold_gain":0,"player_choice":"Memory 3","damage_taken":10,"max_hp_gain":0,"max_hp_loss":0,"event_name":"SensoryStone","floor":36,"gold_loss":0},{"damage_healed":0,"gold_gain":0,"player_choice":"Forge","damage_taken":0,"max_hp_gain":0,"max_hp_loss":0,"event_name":"Accursed Blacksmith","floor":38,"gold_loss":0,"cards_upgraded":["Apotheosis"]},{"damage_healed":0,"gold_gain":0,"player_choice":"Paid","damage_taken":0,"relics_obtained":["Red Mask"],"max_hp_gain":0,"max_hp_loss":0,"event_name":"Tomb of Lord Red Mask","floor":48,"gold_loss":204}],"is_beta":false,"boss_relics":[{"not_picked":["Runic Dome","Lizard Tail"],"picked":"Astrolabe"},{"not_picked":["Eternal Feather","Black Blood"],"picked":"Fusion Hammer"}],"items_purged_floors":[37,39],"is_endless":false,"potions_floor_spawned":[3,11,16,18,27,31,33,35,41,42,44],"ascension_level":2}