{"gold_per_floor":[116,116,116,116,66,109,34,70,70,113,113,127,167,185,185,314,314,337,330,47,62,62,62],"floor_reached":23,"playtime":1477,"items_purged":[],"score":280,"play_id":"d89b27de-500d-4d6f-ab11-76437ea20d0f","local_time":"20181226220515","is_ascension_mode":true,"campfire_choices":[{"data":"Juggernaut","floor":11,"key":"SMITH"},{"data":"True Grit","floor":15,"key":"SMITH"}],"neow_cost":"NONE","seed_source_timestamp":429443093759888,"circlet_count":0,"master_deck":["Strike_R","Strike_R","Strike_R","Strike_R","Defend_R","Defend_R","Bash","Berserk","Combust","Juggernaut+1","Power Through","True Grit+1","Warcry","Brutality","True Grit","Rage","Warcry","Inflame","Second Wind"],"relics":["Burning Blood","NeowsBlessing","Golden Idol","Gremlin Horn","Bag of Marbles","Bottled Tornado","Matryoshka","Smiling Mask","Black Star","Strange Spoon","GremlinMask"],"potions_floor_usage":[16,16,21],"damage_taken":[{"damage":0,"enemies":"2 Louse","floor":1,"turns":1},{"damage":0,"enemies":"3 Sentries","floor":6,"turns":1},{"damage":0,"enemies":"Lagavulin","floor":8,"turns":1},{"damage":28,"enemies":"Gremlin Nob","floor":10,"turns":5},{"damage":0,"enemies":"Jaw Worm","floor":12,"turns":3},{"damage":9,"enemies":"Lagavulin","floor":13,"turns":6},{"damage":2,"enemies":"Small Slimes","floor":14,"turns":3},{"damage":43,"enemies":"The Guardian","floor":16,"turns":13},{"damage":30,"enemies":"Shell Parasite","floor":18,"turns":8},{"damage":17,"enemies":"2 Thieves","floor":19,"turns":4},{"damage":31,"enemies":"Snecko","floor":21,"turns":7},{"damage":0,"enemies":"Gremlin Leader","floor":23,"turns":1}],"seed_played":"-1627440425996225984","potions_obtained":[{"floor":8,"key":"Poison Potion"},{"floor":12,"key":"SteroidPotion"},{"floor":14,"key":"AttackPotion"},{"floor":16,"key":"SpeedPotion"},{"floor":19,"key":"SpeedPotion"}],"is_trial":false,"path_per_floor":["M","?","?","?","?","E","$","E","T","E","R","M","E","M","R","B",null,"M","M","$","M","?","E"],"character_chosen":"IRONCLAD","items_purchased":["Juggernaut","Strange Spoon","Warcry","Inflame"],"campfire_rested":0,"item_purchase_floors":[7,20,20,20],"current_hp_per_floor":[80,60,53,53,53,59,59,65,65,43,43,49,46,50,50,13,80,56,45,45,20,20,20],"gold":62,"neow_bonus":"THREE_ENEMY_KILL","is_prod":false,"is_daily":false,"chose_seed":false,"campfire_upgraded":2,"win_rate":0,"timestamp":1545874515,"path_taken":["M","?","?","?","?","E","?","E","T","E","R","M","E","M","R","BOSS","M","M","$","M","?","E"],"build_version":"2018-12-20","purchased_purges":0,"victory":false,"max_hp_per_floor":[80,80,80,80,80,80,80,80,80,80,80,80,80,80,80,80,80,80,80,80,80,80,80],"card_choices":[{"not_picked":["Heavy Blade","Clothesline","Armaments"],"picked":"SKIP","floor":1},{"not_picked":["Heavy Blade","Twin Strike"],"picked":"Combust","floor":6},{"not_picked":["Iron Wave","Warcry"],"picked":"Power Through","floor":8},{"not_picked":["Searing Blow","Body Slam","Sword Boomerang"],"picked":"SKIP","floor":10},{"not_picked":["Spot Weakness","Anger"],"picked":"True Grit","floor":12},{"not_picked":["Body Slam","Twin Strike","Sever Soul"],"picked":"SKIP","floor":13},{"not_picked":["Twin Strike","Heavy Blade"],"picked":"Warcry","floor":14},{"not_picked":["Reaper","Demon Form"],"picked":"Brutality","floor":16},{"not_picked":["Intimidate","Combust"],"picked":"True Grit","floor":18},{"not_picked":["Combust","Power Through"],"picked":"Rage","floor":19},{"not_picked":["Iron Wave","Shrug It Off"],"picked":"Second Wind","floor":21}],"player_experience":58585,"relics_obtained":[{"floor":6,"key":"Gremlin Horn"},{"floor":8,"key":"Bag of Marbles"},{"floor":9,"key":"Bottled Tornado"},{"floor":10,"key":"Matryoshka"},{"floor":13,"key":"Smiling Mask"}],"event_choices":[{"damage_healed":0,"gold_gain":0,"player_choice":"Take Damage","damage_taken":20,"relics_obtained":["Golden Idol"],"max_hp_gain":0,"max_hp_loss":0,"event_name":"Golden Idol","floor":2,"gold_loss":0},{"cards_removed":["Strike_R"],"damage_healed":0,"gold_gain":0,"player_choice":"Card Removal","damage_taken":7,"max_hp_gain":0,"max_hp_loss":0,"event_name":"Golden Wing","floor":3,"gold_loss":0},{"damage_healed":0,"gold_gain":0,"cards_transformed":["Defend_R"],"player_choice":"Change","damage_taken":0,"max_hp_gain":0,"max_hp_loss":0,"event_name":"Living Wall","floor":4,"gold_loss":0,"cards_obtained":["Berserk"]},{"cards_removed":["Defend_R"],"damage_healed":0,"gold_gain":0,"player_choice":"Card Removal","damage_taken":0,"max_hp_gain":0,"max_hp_loss":0,"event_name":"The Cleric","floor":5,"gold_loss":50},{"damage_healed":0,"gold_gain":0,"player_choice":"Trade","damage_taken":0,"relics_obtained":["GremlinMask"],"max_hp_gain":0,"max_hp_loss":0,"event_name":"FaceTrader","floor":22,"gold_loss":0}],"is_beta":false,"boss_relics":[{"not_picked":["Coffee Dripper","Ectoplasm"],"picked":"Black Star"}],"items_purged_floors":[],"is_endless":false,"potions_floor_spawned":[8,12,14,16,19],"killed_by":"Gremlin Leader","ascension_level":1}