{"gold_per_floor":[114,133,133,61,11,11,23,23,23,2,32,44,44,64,64,165,165,180,24,38,54,73,73,102,102,180,191,191,201,221,221],"floor_reached":31,"playtime":1521,"items_purged":[],"score":259,"play_id":"1bf47b1a-cb50-4f7b-ac02-10dca1d5eb5f","local_time":"20180729172115","is_ascension_mode":false,"campfire_choices":[{"data":"Zap","floor":6,"key":"SMITH"},{"floor":13,"key":"REST"},{"data":"Loop","floor":15,"key":"SMITH"},{"data":"Amplify","floor":23,"key":"SMITH"},{"floor":28,"key":"REST"}],"neow_cost":"NONE","seed_source_timestamp":664925191371492,"circlet_count":0,"master_deck":["Strike_B","Strike_B","Strike_B","Strike_B","Defend_B","Defend_B","Defend_B","Defend_B","Zap+1","Leap","Steam","Ball Lightning","Conserve Battery","Loop+1","Ball Lightning","Conserve Battery","Sweeping Beam","Amplify+1","Hello World","Capacitor+1","Conserve Battery","Compile Driver","BootSequence","Go for the Eyes","Self Repair+1","BootSequence"],"relics":["FrozenCore","StoneCalendar","Centennial Puzzle","Lantern","Kunai","Smiling Mask"],"potions_floor_usage":[22,24],"damage_taken":[{"damage":6,"enemies":"Jaw Worm","floor":1,"turns":4},{"damage":1,"enemies":"Cultist","floor":2,"turns":4},{"damage":0,"enemies":"Small Slimes","floor":7,"turns":3},{"damage":34,"enemies":"Gremlin Nob","floor":11,"turns":5},{"damage":0,"enemies":"3 Louse","floor":12,"turns":3},{"damage":0,"enemies":"Red Slaver","floor":14,"turns":4},{"damage":23,"enemies":"Slime Boss","floor":16,"turns":7},{"damage":0,"enemies":"Chosen","floor":18,"turns":6},{"damage":7,"enemies":"Spheric Guardian","floor":20,"turns":4},{"damage":23,"enemies":"Cultist and Chosen","floor":21,"turns":7},{"damage":9,"enemies":"Chosen and Byrds","floor":22,"turns":6},{"damage":31,"enemies":"Slavers","floor":24,"turns":7},{"damage":5,"enemies":"Slaver and Parasite","floor":27,"turns":7},{"damage":11,"enemies":"Snake Plant","floor":29,"turns":6},{"damage":21,"enemies":"Cultist and Chosen","floor":30,"turns":7},{"damage":19,"enemies":"Snecko","floor":31,"turns":6}],"seed_played":"-1991404965955347939","potions_obtained":[{"floor":2,"key":"Weak Potion"},{"floor":3,"key":"Fire Potion"},{"floor":3,"key":"Block Potion"},{"floor":21,"key":"Block Potion"},{"floor":22,"key":"FairyPotion"},{"floor":27,"key":"Weak Potion"}],"is_trial":false,"path_per_floor":["M","M","?","$","?","R","M","?","T","?","E","M","R","M","R","B",null,"M","$","M","M","M","R","E","?","T","M","R","M","M"],"character_chosen":"DEFECT","items_purchased":["Ball Lightning","Conserve Battery","Lantern"],"campfire_rested":2,"item_purchase_floors":[4,4,19],"current_hp_per_floor":[76,75,75,75,75,75,75,75,75,75,41,41,65,65,65,42,82,82,82,75,52,43,43,12,12,12,7,31,20,17,0],"gold":221,"neow_bonus":"TEN_PERCENT_HP_BONUS","is_prod":false,"is_daily":false,"chose_seed":false,"campfire_upgraded":3,"win_rate":0.0,"timestamp":1532877675,"path_taken":["M","M","?","$","?","R","M","?","T","?","E","?","R","M","R","BOSS","M","$","M","M","M","R","E","?","T","M","R","M","M","M"],"build_version":"2018-07-26","purchased_purges":0,"victory":false,"max_hp_per_floor":[82,82,82,82,82,82,82,82,82,82,82,82,82,82,82,82,82,82,82,82,82,82,82,82,82,82,82,82,82,82,82],"card_choices":[{"not_picked":["Cold Snap","Glacier"],"picked":"Leap","floor":1},{"not_picked":["Fusion","Glacier"],"picked":"Steam","floor":2},{"not_picked":["Redo","Melter"],"picked":"Loop","floor":7},{"not_picked":["Steam","Steam Power"],"picked":"Ball Lightning","floor":11},{"not_picked":["Consume","Barrage"],"picked":"Conserve Battery","floor":12},{"not_picked":["Reinforced Body","Machine Learning"],"picked":"Sweeping Beam","floor":14},{"not_picked":["All For One","Seek"],"picked":"Amplify","floor":16},{"not_picked":["Doom and Gloom","Redo"],"picked":"Hello World","floor":18},{"not_picked":["Barrage","Scrape"],"picked":"Capacitor+1","floor":20},{"not_picked":["Cold Snap","Compile Driver"],"picked":"Conserve Battery","floor":21},{"not_picked":["Hologram","Doom and Gloom"],"picked":"Compile Driver","floor":22},{"not_picked":["Scrape","All For One"],"picked":"BootSequence","floor":24},{"not_picked":["Cold Snap","Melter"],"picked":"Go for the Eyes","floor":27},{"not_picked":["Beam Cell+1","Leap"],"picked":"Self Repair+1","floor":29},{"not_picked":["Reprogram","Streamline"],"picked":"BootSequence","floor":30}],"player_experience":215629,"relics_obtained":[{"floor":9,"key":"StoneCalendar"},{"floor":11,"key":"Centennial Puzzle"},{"floor":24,"key":"Kunai"},{"floor":26,"key":"Smiling Mask"}],"event_choices":[{"event_name":"The Lab","player_choice":"Got Potions","floor":3,"damage_taken":0},{"event_name":"The Cleric","player_choice":"Card Removal","floor":5,"damage_taken":0},{"event_name":"FaceTrader","player_choice":"Leave","floor":8,"damage_taken":0},{"event_name":"World of Goop","player_choice":"Left","floor":10,"damage_taken":0},{"event_name":"Transmorgrifier","player_choice":"Skipped","floor":25,"damage_taken":0}],"is_beta":false,"boss_relics":[{"not_picked":["Busted Crown","Orrery"],"picked":"FrozenCore"}],"items_purged_floors":[],"is_endless":false,"potions_floor_spawned":[2,12,16,21,22,27],"killed_by":"Snecko","ascension_level":0}