{"path_per_floor":["M","M","?","M","M","R","M","M","T","?","M","E","R","M","R","B",null,"M","M","?","$","?","E","R","M","T","M","$","M","R","M","R"],"character_chosen":"IRONCLAD","items_purchased":["Panache","Dream Catcher","Corruption"],"gold_per_floor":[114,129,129,144,162,162,179,190,214,214,234,268,268,288,288,384,384,403,413,413,54,54,88,88,100,125,140,102,114,114,131,131],"floor_reached":33,"campfire_rested":1,"playtime":11356,"current_hp_per_floor":[79,80,80,80,80,80,63,64,64,64,70,45,45,51,51,24,80,80,80,56,56,56,38,38,42,42,31,31,25,41,47,47],"items_purged":[],"gold":131,"play_id":"bcb9e26b-68f1-454c-9138-913f1c3fb57d","is_prod":false,"is_daily":false,"campfire_rituals":0,"campfire_upgraded":5,"is_hardmode":false,"path_taken":["M","M","?","M","M","R","M","M","T","?","M","E","R","M","R","BOSS","M","M","?","$","?","E","R","?","T","M","$","M","R","M","R","BOSS"],"build_version":"2018-01-11-PROD2","purchased_purges":0,"victory":false,"master_deck":["Defend_R","Defend_R","Defend_R","Defend_R","Bash","Battle Trance","Shrug It Off","Flex","Heavy Blade","Bludgeon","Thunderclap","Whirlwind","Power Through","Fire Breathing","Limit Break","Shrug It Off","Twin Strike","Bite_R","Bite_R","Bite_R","Bite_R","Bite_R","Panache","Bloodletting","Perfected Strike","Searing Blow","Corruption","Anger","Thunderclap","Dropkick"],"max_hp_per_floor":[80,80,80,80,80,80,80,80,80,80,80,80,80,80,80,80,80,80,80,56,56,56,56,56,56,56,56,56,56,56,56,56],"relics":["Burning Blood","Ancient Tea Set","Orichalcum","Velvet Choker","Dream Catcher","Ornamental Fan","Toxic Egg"],"campfire_meditates":0,"card_choices":[{"not_picked":["Pummel","Sword Boomerang"],"picked":"Battle Trance"},{"not_picked":["Warcry","Rage"],"picked":"Shrug It Off"},{"not_picked":["Clothesline","Thunderclap"],"picked":"Flex"},{"not_picked":["Flex","Thunderclap"],"picked":"Heavy Blade"},{"not_picked":["Dual Wield","Feel No Pain"],"picked":"Bludgeon"},{"not_picked":["Pommel Strike","Dropkick"],"picked":"Thunderclap"},{"not_picked":["Flex","Shrug It Off"],"picked":"Whirlwind"},{"not_picked":["Blood for Blood","Battle Trance"],"picked":"Power Through"},{"not_picked":["Shrug It Off","Rampage"],"picked":"Fire Breathing"},{"not_picked":["Double Tap","Offering"],"picked":"Limit Break"},{"not_picked":["True Grit","Corruption"],"picked":"Shrug It Off"},{"not_picked":["Battle Trance","Burning Pact"],"picked":"Twin Strike"},{"not_picked":["Heavy Blade","Power Through"],"picked":"Bloodletting"},{"not_picked":["Warcry","Heavy Blade"],"picked":"Perfected Strike"},{"not_picked":["Clothesline","Dropkick"],"picked":"Searing Blow"},{"not_picked":["Heavy Blade","Armaments"],"picked":"Anger"},{"not_picked":["Rupture","Shrug It Off"],"picked":"Thunderclap"},{"not_picked":["Bludgeon","Dual Wield"],"picked":"Dropkick"}],"player_experience":39239,"potions_floor_usage":[5,33,33],"damage_taken":[{"damage":7,"enemies":"2 Louse","floor":1,"turns":4},{"damage":3,"enemies":"Small Slimes","floor":2,"turns":5},{"damage":2,"enemies":"Blue Slaver","floor":4,"turns":9},{"damage":0,"enemies":"Exordium Wildlife","floor":5,"turns":7},{"damage":23,"enemies":"Large Slime","floor":7,"turns":9},{"damage":5,"enemies":"Looter","floor":8,"turns":4},{"damage":0,"enemies":"2 Fungi Beasts","floor":11,"turns":2},{"damage":31,"enemies":"3 Sentries","floor":12,"turns":8},{"damage":0,"enemies":"Gremlin Gang","floor":14,"turns":1},{"damage":33,"enemies":"Slime Boss","floor":16,"turns":13},{"damage":0,"enemies":"3 Byrds","floor":18,"turns":3},{"damage":4,"enemies":"2 Thieves","floor":19,"turns":2},{"damage":32,"enemies":"Slavers","floor":23,"turns":6},{"damage":6,"enemies":"Centurion and Healer","floor":25,"turns":2},{"damage":19,"enemies":"Snake Plant","floor":27,"turns":4},{"damage":24,"enemies":"3 Cultists","floor":29,"turns":7},{"damage":12,"enemies":"Centurion and Healer","floor":31,"turns":6},{"damage":55,"enemies":"Automaton","floor":33,"turns":6}],"event_choices":[{"event_name":"Golden Wing","player_choice":"Ignored","floor":3,"damage_taken":0},{"event_name":"Purifier","player_choice":"One Purge","floor":10,"damage_taken":0},{"event_name":"Vampires","player_choice":"Became a vampire","floor":20,"damage_taken":0},{"event_name":"Back to Basics","player_choice":"Simplicity","floor":22,"damage_taken":0}],"boss_relics":[{"not_picked":["Snecko Eye","Eternal Feather"],"picked":"Velvet Choker"}],"potions_floor_spawned":[1,4,7,16,23,29],"seed_played":"4595335533262102524","killed_by":"Automaton","is_trial":false}