{"gold_per_floor":[116,116,179,241,259,259,323,323,346,372,394,394,394,429,429,429],"floor_reached":16,"playtime":702,"items_purged":[],"score":130,"play_id":"f82c4429-fcd0-48b7-b13f-6dfa5c781747","local_time":"20190119211421","is_ascension_mode":true,"campfire_choices":[{"data":"White Noise","floor":6,"key":"SMITH"},{"floor":8,"key":"REST"},{"floor":13,"key":"REST"},{"data":"Machine Learning","floor":15,"key":"SMITH"}],"neow_cost":"NONE","seed_source_timestamp":263639866273900,"circlet_count":0,"master_deck":["Strike_B","Strike_B","Strike_B","Defend_B","Defend_B","Defend_B","Defend_B","Zap","Dualcast","Cold Snap","Conserve Battery","White Noise+1","Skim","Cold Snap","Consume","Machine Learning+1"],"relics":["Cracked Core","NeowsBlessing","SsserpentHead","Tiny Chest","Anchor","PreservedInsect","Question Card"],"potions_floor_usage":[7,16,16],"damage_taken":[{"damage":0,"enemies":"Small Slimes","floor":1,"turns":1},{"damage":0,"enemies":"Cultist","floor":3,"turns":1},{"damage":0,"enemies":"2 Louse","floor":4,"turns":1},{"damage":13,"enemies":"2 Fungi Beasts","floor":5,"turns":4},{"damage":42,"enemies":"Gremlin Nob","floor":7,"turns":5},{"damage":23,"enemies":"3 Sentries","floor":10,"turns":9},{"damage":6,"enemies":"Lagavulin","floor":14,"turns":6},{"damage":66,"enemies":"The Guardian","floor":16,"turns":18}],"seed_played":"3044482968843310812","potions_obtained":[{"floor":1,"key":"Strength Potion"},{"floor":3,"key":"Energy Potion"},{"floor":7,"key":"Energy Potion"}],"is_trial":false,"path_per_floor":["M","?","M","M","M","R","E","R","T","E","?","?","R","E","R","B"],"character_chosen":"DEFECT","items_purchased":[],"campfire_rested":2,"item_purchase_floors":[],"current_hp_per_floor":[75,75,75,75,62,62,20,42,42,19,19,19,41,35,35,0],"gold":429,"neow_bonus":"THREE_ENEMY_KILL","is_prod":false,"is_daily":false,"chose_seed":false,"campfire_upgraded":2,"win_rate":0,"timestamp":1547932461,"path_taken":["M","?","?","?","M","R","E","R","T","E","?","?","R","E","R","BOSS"],"build_version":"2019-01-17v2","purchased_purges":0,"victory":false,"max_hp_per_floor":[75,75,75,75,75,75,75,75,75,75,75,75,75,75,75,75],"card_choices":[{"not_picked":["Recycle","Static Discharge"],"picked":"Cold Snap","floor":1},{"not_picked":["Sunder","Beam Cell"],"picked":"Conserve Battery","floor":3},{"not_picked":["Ball Lightning","Barrage"],"picked":"White Noise","floor":4},{"not_picked":["Conserve Battery","Storm"],"picked":"Skim","floor":5},{"not_picked":["Turbo","Leap"],"picked":"Cold Snap","floor":7},{"not_picked":["Recycle","Loop"],"picked":"Consume","floor":10},{"not_picked":["Ball Lightning","Thunder Strike"],"picked":"Machine Learning","floor":14}],"player_experience":134208,"relics_obtained":[{"floor":7,"key":"Tiny Chest"},{"floor":9,"key":"Anchor"},{"floor":10,"key":"PreservedInsect"},{"floor":14,"key":"Question Card"}],"event_choices":[{"damage_healed":0,"gold_gain":0,"player_choice":"Trade","damage_taken":0,"relics_obtained":["SsserpentHead"],"max_hp_gain":0,"max_hp_loss":0,"event_name":"FaceTrader","floor":2,"gold_loss":0},{"damage_healed":0,"gold_gain":0,"player_choice":"Left Gold","damage_taken":0,"max_hp_gain":0,"max_hp_loss":0,"event_name":"World of Goop","floor":11,"gold_loss":28},{"cards_removed":["Strike_B"],"damage_healed":0,"gold_gain":0,"player_choice":"Card Removal","damage_taken":0,"max_hp_gain":0,"max_hp_loss":0,"event_name":"The Cleric","floor":12,"gold_loss":50}],"is_beta":false,"boss_relics":[],"items_purged_floors":[],"is_endless":false,"potions_floor_spawned":[1,3,7],"killed_by":"The Guardian","ascension_level":2}