{"gold_per_floor":[218,218,293,306,306,306,338,77,154,2,2,2,2,21,21,98,98,118,118,30,30,0,0,15,33,58,70,70,81,81,81,81,155,155,175,175,230,330,345,345,374,374,398,412,412,432,43,74,74,74],"floor_reached":51,"playtime":4204,"items_purged":["Strike_B","Strike_B"],"score":1197,"play_id":"062623bc-361b-425f-bb5c-f2c3328131ab","local_time":"20190202162424","is_ascension_mode":true,"campfire_choices":[{"data":"Defragment","floor":6,"key":"SMITH"},{"data":"Apotheosis","floor":11,"key":"SMITH"},{"data":"Rainbow","floor":13,"key":"SMITH"},{"floor":15,"key":"REST"},{"data":"Buffer","floor":23,"key":"SMITH"},{"floor":30,"key":"REST"},{"floor":32,"key":"REST"},{"floor":40,"key":"REST"},{"data":"Madness","floor":42,"key":"SMITH"},{"data":"Madness","floor":45,"key":"SMITH"},{"floor":49,"key":"REST"}],"neow_cost":"NONE","seed_source_timestamp":1636448343562474,"circlet_count":0,"master_deck":["AscendersBane","Zap","Dualcast","Defragment+1","Rainbow+1","Loop","Apotheosis+1","Conserve Battery","Buffer+1","Glacier","Hologram","Seek","Lockon","Reinforced Body","Go for the Eyes","Melter","Chill","Madness+1","Madness+1","Sweeping Beam+1"],"relics":["Cracked Core","Mercury Hourglass","Pear","Sundial","Pandora\u0027s Box","Potion Belt","Busted Crown","Bird Faced Urn","Mango","The Courier","Bronze Scales","Bottled Tornado","Toy Ornithopter","Bag of Marbles"],"potions_floor_usage":[22,27,33,41,46,50,50,50],"damage_taken":[{"damage":3,"enemies":"2 Louse","floor":1,"turns":2},{"damage":0,"enemies":"Small Slimes","floor":4,"turns":3},{"damage":15,"enemies":"Lagavulin","floor":7,"turns":8},{"damage":0,"enemies":"Cultist","floor":14,"turns":3},{"damage":22,"enemies":"The Guardian","floor":16,"turns":9},{"damage":9,"enemies":"Chosen","floor":18,"turns":6},{"damage":4,"enemies":"2 Thieves","floor":22,"turns":2},{"damage":0,"enemies":"3 Cultists","floor":24,"turns":6},{"damage":19,"enemies":"Snake Plant","floor":25,"turns":5},{"damage":0,"enemies":"Chosen and Byrds","floor":27,"turns":6},{"damage":0,"enemies":"Snecko","floor":29,"turns":4},{"damage":1,"enemies":"Collector","floor":33,"turns":8},{"damage":2,"enemies":"3 Darklings","floor":35,"turns":5},{"damage":8,"enemies":"2 Orb Walkers","floor":37,"turns":6},{"damage":0,"enemies":"Mind Bloom Boss Battle","floor":38,"turns":6},{"damage":0,"enemies":"Orb Walker","floor":39,"turns":4},{"damage":13,"enemies":"Giant Head","floor":41,"turns":7},{"damage":0,"enemies":"Sphere and 2 Shapes","floor":44,"turns":2},{"damage":0,"enemies":"Maw","floor":46,"turns":7},{"damage":25,"enemies":"Reptomancer","floor":48,"turns":6},{"damage":36,"enemies":"Donu and Deca","floor":50,"turns":12}],"seed_played":"7135079983074923710","potions_obtained":[{"floor":14,"key":"Strength Potion"},{"floor":21,"key":"SmokeBomb"},{"floor":25,"key":"Energy Potion"},{"floor":27,"key":"Swift Potion"},{"floor":35,"key":"Energy Potion"},{"floor":37,"key":"PowerPotion"},{"floor":41,"key":"Swift Potion"},{"floor":48,"key":"SteroidPotion"}],"is_trial":false,"path_per_floor":["M","?","?","M","?","R","E","$","T","$","R","?","R","M","R","B",null,"M","?","$","?","M","R","M","M","T","M","?","M","R","?","R","B",null,"M","?","?","?","M","R","E","R","T","M","R","M","$","E","R","B",null],"character_chosen":"DEFECT","items_purchased":["Apotheosis","Conserve Battery","Reinforced Body","Bottled Tornado","Toy Ornithopter"],"campfire_rested":5,"item_purchase_floors":[8,10,20,47,47],"current_hp_per_floor":[61,66,55,55,55,55,40,40,50,50,50,39,39,39,64,42,75,66,66,66,66,62,62,62,43,43,43,43,43,68,68,86,85,86,84,69,61,81,85,100,95,95,95,95,95,100,100,75,100,78],"gold":74,"neow_bonus":"HUNDRED_GOLD","is_prod":false,"is_daily":false,"chose_seed":false,"campfire_upgraded":6,"win_rate":0,"timestamp":1549146264,"path_taken":["M","?","?","M","?","R","E","$","T","$","R","?","R","M","R","BOSS","M","?","$","?","M","R","M","M","T","?","?","M","R","?","R","BOSS","M","?","?","?","M","R","E","R","T","M","R","M","$","E","R","BOSS"],"build_version":"2019-01-23","purchased_purges":2,"victory":true,"max_hp_per_floor":[71,76,76,76,76,76,76,76,86,86,86,86,86,86,86,86,86,86,86,86,86,86,86,86,86,86,86,86,86,86,86,86,86,86,86,86,86,100,100,100,100,100,100,100,100,100,100,100,100,100],"card_choices":[{"not_picked":["Sweeping Beam","Ball Lightning"],"picked":"Defragment","floor":1},{"not_picked":["Gash","Redo"],"picked":"Rainbow","floor":4},{"not_picked":["Fusion","Force Field"],"picked":"Loop","floor":7},{"not_picked":["Aggregate","Ball Lightning","Go for the Eyes"],"picked":"SKIP","floor":14},{"not_picked":["Steam+1","Conserve Battery","Streamline"],"picked":"SKIP","floor":18},{"not_picked":["Cold Snap","Rip and Tear","Beam Cell"],"picked":"SKIP","floor":24},{"not_picked":["Tempest","Ball Lightning","All For One"],"picked":"SKIP","floor":25},{"not_picked":["FTL","Stack"],"picked":"Go for the Eyes","floor":27},{"not_picked":["Sweeping Beam","Go for the Eyes"],"picked":"Melter","floor":29},{"not_picked":["Lockon+1"],"picked":"SKIP","floor":35},{"not_picked":["Genetic Algorithm"],"picked":"SKIP","floor":39},{"not_picked":[],"picked":"Sweeping Beam+1","floor":41},{"not_picked":["Coolheaded"],"picked":"SKIP","floor":44},{"not_picked":["Coolheaded"],"picked":"SKIP","floor":46},{"not_picked":["Recycle+1"],"picked":"SKIP","floor":48}],"player_experience":679969,"relics_obtained":[{"floor":7,"key":"Mercury Hourglass"},{"floor":9,"key":"Pear"},{"floor":26,"key":"Potion Belt"},{"floor":37,"key":"Bird Faced Urn"},{"floor":38,"key":"Mango"},{"floor":41,"key":"The Courier"},{"floor":43,"key":"Bronze Scales"},{"floor":48,"key":"Bag of Marbles"}],"event_choices":[{"damage_healed":0,"gold_gain":0,"player_choice":"Donut","damage_taken":0,"max_hp_gain":5,"max_hp_loss":0,"event_name":"Big Fish","floor":2,"gold_loss":0},{"damage_healed":0,"gold_gain":75,"player_choice":"Gather Gold","damage_taken":11,"max_hp_gain":0,"max_hp_loss":0,"event_name":"World of Goop","floor":3,"gold_loss":0},{"damage_healed":0,"gold_gain":0,"player_choice":"Ignored","damage_taken":0,"max_hp_gain":0,"max_hp_loss":0,"event_name":"Golden Idol","floor":5,"gold_loss":0},{"damage_healed":0,"gold_gain":0,"player_choice":"Success","damage_taken":11,"relics_obtained":["Sundial"],"max_hp_gain":0,"max_hp_loss":0,"event_name":"Scrap Ooze","floor":12,"gold_loss":0},{"damage_healed":0,"gold_gain":0,"cards_transformed":["Scrape","Steam"],"player_choice":"Became Test Subject","damage_taken":0,"max_hp_gain":0,"max_hp_loss":0,"event_name":"Drug Dealer","floor":19,"gold_loss":0,"cards_obtained":["Seek","Lockon"]},{"damage_healed":0,"gold_gain":0,"player_choice":"Got Potions","damage_taken":0,"max_hp_gain":0,"max_hp_loss":0,"event_name":"Lab","floor":21,"gold_loss":0},{"cards_removed":["Creative AI"],"damage_healed":0,"gold_gain":0,"player_choice":"Elegance","damage_taken":0,"max_hp_gain":0,"max_hp_loss":0,"event_name":"Back to Basics","floor":28,"gold_loss":0},{"damage_healed":0,"gold_gain":0,"player_choice":"Read","damage_taken":0,"max_hp_gain":0,"max_hp_loss":0,"event_name":"The Library","floor":31,"gold_loss":0,"cards_obtained":["Chill"]},{"damage_healed":0,"gold_gain":0,"player_choice":"Embrace Madness","damage_taken":15,"max_hp_gain":0,"max_hp_loss":0,"event_name":"Winding Halls","floor":36,"gold_loss":0,"cards_obtained":["Madness","Madness"]},{"damage_healed":0,"gold_gain":0,"player_choice":"Fight","damage_taken":0,"max_hp_gain":0,"max_hp_loss":0,"event_name":"Mysterious Sphere","floor":37,"gold_loss":0},{"damage_healed":0,"gold_gain":0,"player_choice":"Fight","damage_taken":0,"max_hp_gain":0,"max_hp_loss":0,"event_name":"MindBloom","floor":38,"gold_loss":0}],"is_beta":false,"boss_relics":[{"not_picked":["Orrery","Philosopher\u0027s Stone"],"picked":"Pandora\u0027s Box"},{"not_picked":["Empty Cage","Sozu"],"picked":"Busted Crown"}],"items_purged_floors":[8,10],"is_endless":false,"potions_floor_spawned":[14,22,25,27,35,37,41,48],"ascension_level":16}