{"gold_per_floor":[118,118,43,43,43,43,57,75,75,95,121,135,135,146,146,146],"floor_reached":16,"playtime":754,"items_purged":["Berserk"],"score":117,"play_id":"282af33d-fa2b-47af-8277-247978bf66cd","local_time":"20180821225458","is_ascension_mode":true,"campfire_choices":[{"floor":6,"key":"DIG"},{"floor":13,"key":"REST"},{"floor":15,"key":"REST"}],"neow_cost":"NONE","seed_source_timestamp":483394351988832,"circlet_count":0,"master_deck":["Strike_R","Strike_R","Strike_R","Strike_R","Strike_R","Defend_R","Defend_R","Defend_R","Defend_R","Bash","Headbutt","Iron Wave","Pommel Strike","Armaments","Evolve"],"relics":["Burning Blood","Shovel","Lantern","Centennial Puzzle","Bird Faced Urn"],"potions_floor_usage":[16,16],"damage_taken":[{"damage":5,"enemies":"2 Louse","floor":1,"turns":3},{"damage":2,"enemies":"Jaw Worm","floor":7,"turns":3},{"damage":0,"enemies":"Cultist","floor":8,"turns":4},{"damage":45,"enemies":"Gremlin Gang","floor":10,"turns":7},{"damage":33,"enemies":"3 Sentries","floor":11,"turns":9},{"damage":1,"enemies":"2 Fungi Beasts","floor":12,"turns":4},{"damage":35,"enemies":"Exordium Thugs","floor":14,"turns":8},{"damage":52,"enemies":"Hexaghost","floor":16,"turns":13}],"seed_played":"6072466636117365555","potions_obtained":[{"floor":11,"key":"Weak Potion"},{"floor":14,"key":"Energy Potion"}],"is_trial":false,"path_per_floor":["M","?","$","?","?","R","M","M","T","M","E","M","R","M","R"],"character_chosen":"IRONCLAD","items_purchased":[],"campfire_rested":2,"item_purchase_floors":[],"current_hp_per_floor":[80,85,85,85,78,78,82,85,85,46,19,24,49,22,47,0],"gold":146,"neow_bonus":"ONE_RANDOM_RARE_CARD","is_prod":false,"is_daily":false,"chose_seed":false,"campfire_upgraded":0,"win_rate":0,"timestamp":1534863298,"path_taken":["M","?","$","?","?","R","M","M","T","?","E","M","R","M","R","BOSS"],"build_version":"2018-08-16","purchased_purges":1,"victory":false,"max_hp_per_floor":[80,85,85,85,85,85,85,85,85,85,85,85,85,85,85,85],"card_choices":[{"not_picked":["Fire Breathing","Thunderclap"],"picked":"Headbutt","floor":1},{"not_picked":["Combust","Seeing Red"],"picked":"Iron Wave","floor":7},{"not_picked":["Heavy Blade","Flex"],"picked":"Pommel Strike","floor":8},{"not_picked":["Perfected Strike","Thunderclap"],"picked":"Armaments","floor":10},{"not_picked":["Iron Wave","Flex","Immolate"],"picked":"SKIP","floor":11},{"not_picked":["Sword Boomerang","Power Through"],"picked":"Evolve","floor":12},{"not_picked":["Thunderclap","Dropkick","Dual Wield"],"picked":"SKIP","floor":14}],"player_experience":267126,"relics_obtained":[{"floor":6,"key":"Lantern"},{"floor":9,"key":"Centennial Puzzle"},{"floor":11,"key":"Bird Faced Urn"}],"event_choices":[{"event_name":"Big Fish","player_choice":"Donut","floor":2,"damage_taken":0},{"event_name":"WeMeetAgain","player_choice":"Attack","floor":4,"damage_taken":0},{"event_name":"Scrap Ooze","player_choice":"success","floor":5,"damage_taken":7}],"is_beta":false,"boss_relics":[],"items_purged_floors":[3],"is_endless":false,"potions_floor_spawned":[11,14],"killed_by":"Hexaghost","ascension_level":3}