{"gold_per_floor":[112,124,124,104,122,122,47,72,72,100,100,128,128,146,146,242,242,230,230,249,266,285,285,315,240,240,240],"floor_reached":27,"playtime":1334,"items_purged":["Strike_R"],"score":389,"play_id":"102afb6d-7db0-4673-914d-52524bcb8651","local_time":"20190127112754","is_ascension_mode":true,"campfire_choices":[{"data":"Bash","floor":6,"key":"SMITH"},{"floor":15,"key":"REST"},{"floor":23,"key":"REST"}],"neow_cost":"PERCENT_DAMAGE","seed_source_timestamp":226025829266600,"circlet_count":0,"master_deck":["Strike_R","Defend_R","Defend_R","Defend_R","Defend_R","Bash+1","Dropkick","Headbutt","Impervious","Rampage","Cleave","Pommel Strike","Clash","Warcry","Barricade","Shrug It Off+1","Warcry","Iron Wave+1","Writhe"],"relics":["Burning Blood","Pocketwatch","Magic Flower","Bottled Lightning","Lantern","Cursed Key","StoneCalendar","Ginger"],"potions_floor_usage":[8,10,10,10,10,10,27,27],"damage_taken":[{"damage":8,"enemies":"2 Louse","floor":1,"turns":3},{"damage":3,"enemies":"Jaw Worm","floor":2,"turns":5},{"damage":11,"enemies":"Cultist","floor":5,"turns":4},{"damage":40,"enemies":"3 Sentries","floor":8,"turns":11},{"damage":15,"enemies":"Lagavulin","floor":10,"turns":4},{"damage":32,"enemies":"Gremlin Nob","floor":12,"turns":4},{"damage":7,"enemies":"Lots of Slimes","floor":14,"turns":4},{"damage":51,"enemies":"Hexaghost","floor":16,"turns":11},{"damage":29,"enemies":"2 Thieves","floor":18,"turns":4},{"damage":19,"enemies":"3 Byrds","floor":20,"turns":6},{"damage":14,"enemies":"Centurion and Healer","floor":21,"turns":6},{"damage":31,"enemies":"Snake Plant","floor":22,"turns":4},{"damage":36,"enemies":"Slavers","floor":24,"turns":7},{"damage":25,"enemies":"Book of Stabbing","floor":27,"turns":4}],"seed_played":"4738011231807690215","potions_obtained":[{"floor":1,"key":"PowerPotion"},{"floor":2,"key":"Explosive Potion"},{"floor":4,"key":"EntropicBrew"},{"floor":12,"key":"SpeedPotion"},{"floor":18,"key":"SneckoOil"},{"floor":21,"key":"FearPotion"}],"is_trial":false,"path_per_floor":["M","M","?","?","M","R","$","E","T","E","?","E","?","M","R","B",null,"M","?","M","M","M","R","E","?","T","E"],"character_chosen":"IRONCLAD","items_purchased":[],"campfire_rested":2,"item_purchase_floors":[],"current_hp_per_floor":[65,68,73,73,68,68,68,34,34,47,47,24,24,26,56,14,79,59,59,49,44,22,52,25,25,25,0],"gold":240,"neow_bonus":"TWENTY_PERCENT_HP_BONUS","is_prod":false,"is_daily":false,"chose_seed":false,"campfire_upgraded":1,"win_rate":0,"timestamp":1548588474,"path_taken":["M","M","?","?","?","R","?","E","T","E","?","E","?","?","R","BOSS","M","?","?","M","M","R","E","?","T","E"],"build_version":"2019-01-23","purchased_purges":1,"victory":false,"max_hp_per_floor":[96,96,101,101,101,101,101,101,101,101,101,101,101,101,101,101,101,101,101,101,101,101,101,101,101,101,101],"card_choices":[{"not_picked":["Flex","True Grit"],"picked":"Dropkick","floor":1},{"not_picked":["Sword Boomerang","Entrench"],"picked":"Headbutt","floor":2},{"not_picked":["Twin Strike","Inflame"],"picked":"Impervious","floor":5},{"not_picked":["Clash","Second Wind"],"picked":"Rampage","floor":8},{"not_picked":["Inflame","Perfected Strike"],"picked":"Cleave","floor":10},{"not_picked":["Anger","Flex"],"picked":"Pommel Strike","floor":12},{"not_picked":["True Grit","Carnage"],"picked":"Warcry","floor":14},{"not_picked":["Bludgeon","Offering"],"picked":"Barricade","floor":16},{"not_picked":["Dual Wield","Metallicize"],"picked":"Shrug It Off+1","floor":18},{"not_picked":["Burning Pact","Infernal Blade","Headbutt+1"],"picked":"SKIP","floor":20},{"not_picked":["Body Slam","Anger"],"picked":"Iron Wave+1","floor":21},{"not_picked":["Twin Strike","Heavy Blade+1","Anger+1"],"picked":"SKIP","floor":22},{"not_picked":["Rupture","Clash","Blood for Blood"],"picked":"SKIP","floor":24}],"player_experience":173787,"relics_obtained":[{"floor":8,"key":"Pocketwatch"},{"floor":9,"key":"Magic Flower"},{"floor":10,"key":"Bottled Lightning"},{"floor":12,"key":"Lantern"},{"floor":24,"key":"StoneCalendar"},{"floor":26,"key":"Ginger"}],"event_choices":[{"damage_healed":0,"gold_gain":0,"player_choice":"Donut","damage_taken":0,"max_hp_gain":5,"max_hp_loss":0,"event_name":"Big Fish","floor":3,"gold_loss":0},{"damage_healed":0,"gold_gain":0,"player_choice":"Bought 1 Potion","damage_taken":0,"max_hp_gain":0,"max_hp_loss":0,"event_name":"The Woman in Blue","floor":4,"gold_loss":0},{"damage_healed":0,"gold_gain":0,"player_choice":"Ignored","damage_taken":0,"max_hp_gain":0,"max_hp_loss":0,"event_name":"Liars Game","floor":11,"gold_loss":0},{"damage_healed":0,"gold_gain":0,"cards_transformed":["Strike_R"],"player_choice":"Change","damage_taken":0,"max_hp_gain":0,"max_hp_loss":0,"event_name":"Living Wall","floor":13,"gold_loss":0,"cards_obtained":["Clash"]},{"damage_healed":0,"gold_gain":0,"cards_transformed":["Strike_R"],"player_choice":"Transformed","damage_taken":0,"max_hp_gain":0,"max_hp_loss":0,"event_name":"Transmorgrifier","floor":19,"gold_loss":0,"cards_obtained":["Warcry"]},{"cards_removed":["Strike_R"],"damage_healed":0,"gold_gain":0,"player_choice":"Gave Gold","damage_taken":0,"max_hp_gain":0,"max_hp_loss":0,"event_name":"Beggar","floor":25,"gold_loss":75}],"is_beta":false,"boss_relics":[{"not_picked":["Black Star","Empty Cage"],"picked":"Cursed Key"}],"items_purged_floors":[7],"is_endless":false,"potions_floor_spawned":[1,2,5,12,18,21,22],"killed_by":"Book of Stabbing","ascension_level":9}