{"gold_per_floor":[112,112,132,144,33,60,60,92,92,92,111,121,147,147],"floor_reached":14,"playtime":468,"items_purged":["Strike_R"],"score":110,"play_id":"4c911bce-c3c2-4b69-befd-44a1e26e6c30","local_time":"20190129213914","is_ascension_mode":false,"campfire_choices":[{"floor":10,"key":"REST"}],"neow_cost":"NONE","seed_source_timestamp":3481707301068,"circlet_count":0,"master_deck":["Strike_R","Strike_R","Strike_R","Strike_R","Defend_R","Defend_R","Defend_R","Defend_R","Bash","Disarm","Heavy Blade","Inflame"],"relics":["Burning Blood","NeowsBlessing","Turnip","Girya","Bag of Preparation","The Courier","Ice Cream"],"potions_floor_usage":[6,8,14],"damage_taken":[{"damage":0,"enemies":"Cultist","floor":1,"turns":1},{"damage":0,"enemies":"Jaw Worm","floor":3,"turns":1},{"damage":0,"enemies":"2 Louse","floor":4,"turns":1},{"damage":33,"enemies":"Lagavulin","floor":6,"turns":8},{"damage":51,"enemies":"3 Sentries","floor":8,"turns":11},{"damage":16,"enemies":"Exordium Thugs","floor":11,"turns":5},{"damage":11,"enemies":"3 Louse","floor":12,"turns":5},{"damage":27,"enemies":"Lagavulin","floor":13,"turns":6},{"damage":8,"enemies":"Exordium Wildlife","floor":14,"turns":3}],"seed_played":"-5499678149580297228","potions_obtained":[{"floor":1,"key":"Swift Potion"},{"floor":3,"key":"Regen Potion"},{"floor":4,"key":"Fire Potion"}],"is_trial":false,"path_per_floor":["M","T","M","M","$","E","$","E","T","R","M","M","E","M"],"character_chosen":"IRONCLAD","items_purchased":["Disarm"],"campfire_rested":1,"item_purchase_floors":[5],"current_hp_per_floor":[80,80,80,80,80,53,53,22,22,46,36,31,10,2],"gold":147,"neow_bonus":"THREE_ENEMY_KILL","is_prod":false,"is_daily":false,"chose_seed":false,"campfire_upgraded":0,"win_rate":0,"timestamp":1548810554,"path_taken":["M","?","M","M","$","E","$","E","T","R","M","?","E","M"],"build_version":"2019-01-23","purchased_purges":1,"victory":false,"max_hp_per_floor":[80,80,80,80,80,80,80,80,80,80,80,80,80,80],"card_choices":[{"not_picked":["Second Wind","Armaments","Burning Pact"],"picked":"SKIP","floor":1},{"not_picked":["Second Wind","Armaments","Burning Pact"],"picked":"SKIP","floor":1},{"not_picked":["Rupture","Armaments","Sentinel"],"picked":"SKIP","floor":3},{"not_picked":["Sword Boomerang","Second Wind","Pommel Strike"],"picked":"SKIP","floor":4},{"not_picked":["Cleave","Second Wind"],"picked":"Heavy Blade","floor":6},{"not_picked":["Cleave","Ghostly Armor","Dual Wield"],"picked":"SKIP","floor":8},{"not_picked":["Fire Breathing","Clash"],"picked":"Inflame","floor":11},{"not_picked":["Heavy Blade","Armaments","Battle Trance"],"picked":"SKIP","floor":12},{"not_picked":["Twin Strike","Intimidate","Immolate"],"picked":"SKIP","floor":13}],"player_experience":261048,"relics_obtained":[{"floor":2,"key":"Turnip"},{"floor":6,"key":"Girya"},{"floor":8,"key":"Bag of Preparation"},{"floor":9,"key":"The Courier"},{"floor":13,"key":"Ice Cream"}],"event_choices":[],"is_beta":false,"boss_relics":[],"items_purged_floors":[5],"is_endless":false,"potions_floor_spawned":[1,3,4],"killed_by":"Exordium Wildlife","ascension_level":0}