{"gold_per_floor":[14,32,32,48,68,68,97,97,97,97,22,85,160,60,60,162,162,182,97,7,24,39,54,54,65,65,65,78,92,105,122,122,217,217,234,234,248,264,278,278,118,133,156,168,183,183,183,195,195,195],"floor_reached":51,"playtime":5142,"items_purged":["Defend_B","Strike_B","Defend_B"],"score":707,"play_id":"e9871ced-b0af-427b-b810-a8951d9df065","local_time":"20190125175313","is_ascension_mode":false,"campfire_choices":[{"data":"Zap","floor":6,"key":"SMITH"},{"floor":8,"key":"REST"},{"data":"Genetic Algorithm","floor":10,"key":"SMITH"},{"data":"FTL","floor":15,"key":"SMITH"},{"data":"Fission","floor":24,"key":"SMITH"},{"data":"Sunder","floor":32,"key":"SMITH"},{"data":"Auto Shields","floor":47,"key":"SMITH"},{"data":"Reboot","floor":49,"key":"SMITH"}],"neow_cost":"NO_GOLD","seed_source_timestamp":23978861682854,"circlet_count":0,"master_deck":["Defend_B+1","Defend_B+1","Zap+1","Dualcast+1","FTL+1","Sweeping Beam","Darkness+1","Rebound","Genetic Algorithm+1","Cold Snap+1","Fission+1","Conserve Battery+1","Doom and Gloom","Coolheaded","Auto Shields+1","Reboot+1","Undo","Sunder+1","FTL","Coolheaded","Undo+1","Buffer+1","Defragment+1"],"relics":["Cracked Core","War Paint","Mummified Hand","FossilizedHelix","Velvet Choker","Happy Flower","Mango","Busted Crown","Art of War"],"potions_floor_usage":[12,12,23,33,33,39,50,50,50],"damage_taken":[{"damage":5,"enemies":"Small Slimes","floor":1,"turns":3},{"damage":0,"enemies":"2 Louse","floor":2,"turns":4},{"damage":1,"enemies":"Jaw Worm","floor":4,"turns":2},{"damage":2,"enemies":"2 Fungi Beasts","floor":5,"turns":3},{"damage":22,"enemies":"3 Sentries","floor":7,"turns":5},{"damage":0,"enemies":"Gremlin Nob","floor":12,"turns":2},{"damage":0,"enemies":"Slime Boss","floor":16,"turns":7},{"damage":8,"enemies":"Spheric Guardian","floor":18,"turns":4},{"damage":2,"enemies":"2 Thieves","floor":21,"turns":4},{"damage":0,"enemies":"Cultist and Chosen","floor":22,"turns":5},{"damage":0,"enemies":"Snecko","floor":23,"turns":4},{"damage":0,"enemies":"Centurion and Healer","floor":25,"turns":3},{"damage":0,"enemies":"3 Cultists","floor":28,"turns":5},{"damage":0,"enemies":"Snecko","floor":29,"turns":4},{"damage":0,"enemies":"Centurion and Healer","floor":30,"turns":4},{"damage":7,"enemies":"Snake Plant","floor":31,"turns":5},{"damage":0,"enemies":"Champ","floor":33,"turns":8},{"damage":0,"enemies":"Orb Walker","floor":35,"turns":4},{"damage":0,"enemies":"3 Shapes","floor":37,"turns":3},{"damage":0,"enemies":"Maw","floor":38,"turns":7},{"damage":0,"enemies":"3 Darklings","floor":39,"turns":6},{"damage":0,"enemies":"Sphere and 2 Shapes","floor":42,"turns":4},{"damage":0,"enemies":"Spire Growth","floor":44,"turns":4},{"damage":3,"enemies":"4 Shapes","floor":45,"turns":5},{"damage":0,"enemies":"Transient","floor":48,"turns":5},{"damage":55,"enemies":"Donu and Deca","floor":50,"turns":12}],"seed_played":"-8926639237082134282","potions_obtained":[{"floor":1,"key":"LiquidBronze"},{"floor":2,"key":"AttackPotion"},{"floor":7,"key":"PowerPotion"},{"floor":18,"key":"SpeedPotion"},{"floor":22,"key":"Weak Potion"},{"floor":23,"key":"PowerPotion"},{"floor":30,"key":"FearPotion"},{"floor":33,"key":"Explosive Potion"},{"floor":35,"key":"FocusPotion"},{"floor":37,"key":"Dexterity Potion"},{"floor":44,"key":"GamblersBrew"},{"floor":48,"key":"Block Potion"}],"is_trial":false,"path_per_floor":["M","M","?","M","M","R","E","R","T","R","$","?","?","$","R","B",null,"M","?","?","M","M","M","R","M","T","?","M","M","M","M","R","B",null,"M","?","M","M","M","?","$","M","T","M","M","?","R","M","R","B",null],"character_chosen":"DEFECT","items_purchased":["Defragment"],"campfire_rested":1,"item_purchase_floors":[41],"current_hp_per_floor":[70,70,55,54,52,52,30,52,52,52,52,52,41,41,41,41,75,67,67,67,65,65,65,65,65,79,79,79,79,79,72,72,72,89,89,89,89,89,89,89,89,89,89,89,86,86,86,86,86,31],"gold":195,"neow_bonus":"REMOVE_TWO","is_prod":false,"is_daily":false,"chose_seed":false,"campfire_upgraded":7,"win_rate":0.0,"timestamp":1548406393,"path_taken":["M","M","?","M","M","R","E","R","T","R","$","?","?","?","R","BOSS","M","?","?","?","M","M","R","M","T","?","M","M","M","M","R","BOSS","M","?","M","?","M","?","$","M","T","?","M","?","R","M","R","BOSS"],"build_version":"2019-01-23","purchased_purges":3,"victory":true,"max_hp_per_floor":[75,75,75,75,75,75,75,75,75,75,75,75,75,75,75,75,75,75,75,75,75,75,75,75,75,89,89,89,89,89,89,89,89,89,89,89,89,89,89,89,89,89,89,89,89,89,89,89,89,89],"card_choices":[{"not_picked":["Double Energy","Force Field"],"picked":"FTL","floor":1},{"not_picked":["Steam","Hologram"],"picked":"Sweeping Beam","floor":2},{"not_picked":["Conserve Battery","Hologram"],"picked":"Darkness","floor":4},{"not_picked":["Heatsinks","Barrage"],"picked":"Rebound","floor":5},{"not_picked":["Hyperbeam","Storm"],"picked":"Genetic Algorithm","floor":7},{"not_picked":["Beam Cell","Compile Driver"],"picked":"Cold Snap","floor":12},{"not_picked":["Biased Cognition","Buffer"],"picked":"Fission","floor":16},{"not_picked":["Cold Snap+1","Scrape"],"picked":"Conserve Battery+1","floor":18},{"not_picked":["Cold Snap","Sweeping Beam"],"picked":"Doom and Gloom","floor":21},{"not_picked":["Aggregate","Go for the Eyes"],"picked":"Coolheaded","floor":22},{"not_picked":["Steam","Cold Snap+1"],"picked":"Auto Shields","floor":23},{"not_picked":["Stack","Barrage"],"picked":"Reboot","floor":25},{"not_picked":["Hologram","Sweeping Beam"],"picked":"Sunder","floor":28},{"not_picked":["Melter+1","Conserve Battery"],"picked":"FTL","floor":29},{"not_picked":["Force Field","Compile Driver"],"picked":"Coolheaded","floor":30},{"not_picked":["Beam Cell","Compile Driver"],"picked":"Undo+1","floor":31},{"not_picked":["Reboot","All For One"],"picked":"Buffer","floor":33},{"not_picked":["Go for the Eyes"],"picked":"SKIP","floor":35},{"not_picked":["Barrage"],"picked":"SKIP","floor":37},{"not_picked":["Conserve Battery"],"picked":"SKIP","floor":38},{"not_picked":["Go for the Eyes+1"],"picked":"SKIP","floor":39},{"not_picked":["Genetic Algorithm"],"picked":"SKIP","floor":42},{"not_picked":["Rebound"],"picked":"SKIP","floor":44},{"not_picked":["Streamline"],"picked":"SKIP","floor":45},{"not_picked":["Hologram+1"],"picked":"SKIP","floor":48}],"player_experience":66120,"relics_obtained":[{"floor":7,"key":"War Paint"},{"floor":9,"key":"Mummified Hand"},{"floor":12,"key":"FossilizedHelix"},{"floor":26,"key":"Mango"},{"floor":43,"key":"Art of War"}],"event_choices":[{"damage_healed":0,"gold_gain":0,"player_choice":"Entered Light","damage_taken":15,"max_hp_gain":0,"max_hp_loss":0,"event_name":"Shining Light","floor":3,"gold_loss":0,"cards_upgraded":["Defend_B","Dualcast"]},{"damage_healed":0,"gold_gain":0,"player_choice":"Searched \u00271\u0027 times","damage_taken":0,"max_hp_gain":0,"max_hp_loss":0,"event_name":"Dead Adventurer","floor":12,"gold_loss":0},{"damage_healed":0,"gold_gain":75,"player_choice":"Gather Gold","damage_taken":11,"max_hp_gain":0,"max_hp_loss":0,"event_name":"World of Goop","floor":13,"gold_loss":0},{"damage_healed":0,"gold_gain":0,"player_choice":"Obtained Relic","damage_taken":0,"relics_obtained":["Happy Flower"],"max_hp_gain":0,"max_hp_loss":0,"event_name":"Addict","floor":19,"gold_loss":85},{"cards_removed":["Strike_B"],"damage_healed":0,"gold_gain":0,"player_choice":"Upgrade and Remove","damage_taken":0,"max_hp_gain":0,"max_hp_loss":0,"event_name":"Designer","floor":20,"gold_loss":90,"cards_upgraded":["Cold Snap"]},{"damage_healed":0,"gold_gain":0,"player_choice":"Read","damage_taken":0,"max_hp_gain":0,"max_hp_loss":0,"event_name":"The Library","floor":27,"gold_loss":0,"cards_obtained":["Undo"]},{"damage_healed":0,"gold_gain":0,"player_choice":"Bought 0 Potions","damage_taken":0,"max_hp_gain":0,"max_hp_loss":0,"event_name":"The Woman in Blue","floor":36,"gold_loss":0},{"damage_healed":0,"gold_gain":0,"player_choice":"Upgraded","damage_taken":0,"max_hp_gain":0,"max_hp_loss":0,"event_name":"Upgrade Shrine","floor":40,"gold_loss":0,"cards_upgraded":["Buffer"]},{"damage_healed":0,"gold_gain":0,"player_choice":"Forge","damage_taken":0,"max_hp_gain":0,"max_hp_loss":0,"event_name":"Accursed Blacksmith","floor":46,"gold_loss":0,"cards_upgraded":["Defragment"]}],"is_beta":false,"boss_relics":[{"not_picked":["Fusion Hammer","Calling Bell"],"picked":"Velvet Choker"},{"not_picked":["Coffee Dripper","Runic Dome"],"picked":"Busted Crown"}],"items_purged_floors":[11,14,41],"is_endless":false,"potions_floor_spawned":[1,2,7,18,22,23,29,30,33,35,37,38,44,48],"ascension_level":0}