{"gold_per_floor":[113,132,149,166,9,9,9,43,70,70,36,56,75,107,107,202,202,221,146,146,146],"floor_reached":21,"playtime":912,"items_purged":["Strike_R"],"score":246,"play_id":"e4dda8ef-0b5e-418c-87aa-2aea0121b528","local_time":"20190117165738","is_ascension_mode":true,"campfire_choices":[{"data":"Bash","floor":6.0,"key":"SMITH"},{"data":"Body Slam","floor":10,"key":"SMITH"},{"data":"Iron Wave","floor":15,"key":"SMITH"}],"neow_cost":"PERCENT_DAMAGE","seed_source_timestamp":75107679127700,"circlet_count":0,"master_deck":["Strike_R","Strike_R","Defend_R","Defend_R","Defend_R","Defend_R","Bash+1","True Grit+1","Body Slam+1","Iron Wave+1","Impervious","Double Tap","Battle Trance","Reaper","Inflame","Shrug It Off"],"special_seed":0,"relics":["Burning Blood","Pen Nib","Potion Belt","Dream Catcher","Sozu"],"potions_floor_usage":[21,21],"damage_taken":[{"damage":6.0,"enemies":"Cultist","floor":1.0,"turns":4.0},{"damage":0.0,"enemies":"2 Louse","floor":2.0,"turns":4.0},{"damage":2.0,"enemies":"Small Slimes","floor":3.0,"turns":4.0},{"damage":2.0,"enemies":"3 Louse","floor":4.0,"turns":4.0},{"damage":32,"enemies":"Gremlin Nob","floor":8,"turns":6},{"damage":6,"enemies":"Looter","floor":12,"turns":3},{"damage":0,"enemies":"Blue Slaver","floor":13,"turns":4},{"damage":10,"enemies":"Lagavulin","floor":14,"turns":6},{"damage":7,"enemies":"Hexaghost","floor":16,"turns":8},{"damage":0,"enemies":"Spheric Guardian","floor":18,"turns":3},{"damage":20,"enemies":"Colosseum Slavers","floor":21,"turns":5},{"damage":75,"enemies":"Colosseum Nobs","floor":21,"turns":3}],"seed_played":"758577696762777453","potions_obtained":[{"floor":1.0,"key":"PowerPotion"},{"floor":2.0,"key":"GamblersBrew"},{"floor":12,"key":"Dexterity Potion"},{"floor":16,"key":"PowerPotion"}],"is_trial":false,"path_per_floor":["M","M","M","M","$","R","?","E","T","R","?","M","M","E","R","B",null,"M","$","?","?"],"character_chosen":"IRONCLAD","items_purchased":["Impervious"],"campfire_rested":0,"item_purchase_floors":[5],"current_hp_per_floor":[51,57,61,65,65,65,65,39,39,39,39,39,45,41,41,40,70,76,76,76,0],"gold":146,"neow_bonus":"REMOVE_TWO","is_prod":false,"is_daily":false,"chose_seed":false,"campfire_upgraded":3,"win_rate":0,"timestamp":1547744258,"path_taken":["M","M","M","?","$","R","?","E","T","R","?","M","M","E","R","BOSS","M","$","?","?"],"build_version":"2019-01-10","purchased_purges":1,"victory":false,"max_hp_per_floor":[80,80,80,80,80,80,80,80,80,80,80,80,80,80,80,80,80,80,80,80,80],"card_choices":[{"not_picked":["Infernal Blade","Warcry"],"picked":"True Grit","floor":1.0},{"not_picked":["Rage","Thunderclap"],"picked":"Body Slam","floor":2.0},{"not_picked":["Burning Pact","Headbutt","Entrench"],"picked":"SKIP","floor":3.0},{"not_picked":["Flex","Heavy Blade"],"picked":"Iron Wave","floor":4.0},{"not_picked":["Perfected Strike","Havoc","Iron Wave"],"picked":"SKIP","floor":8},{"not_picked":["Rage","Iron Wave","Havoc"],"picked":"SKIP","floor":12},{"not_picked":["Rage","Iron Wave","Havoc"],"picked":"SKIP","floor":12},{"not_picked":["Anger","Clothesline"],"picked":"Double Tap","floor":13},{"not_picked":["Headbutt","Armaments"],"picked":"Battle Trance","floor":14},{"not_picked":["Exhume","Double Tap"],"picked":"Reaper","floor":16},{"not_picked":["Evolve+1","Searing Blow"],"picked":"Inflame","floor":18}],"player_experience":109813,"relics_obtained":[{"floor":8,"key":"Pen Nib"},{"floor":9,"key":"Potion Belt"},{"floor":14,"key":"Dream Catcher"}],"event_choices":[{"damage_healed":0.0,"max_hp_gain":0.0,"max_hp_loss":0.0,"gold_gain":0.0,"event_name":"Living Wall","player_choice":"Grow","floor":7.0,"gold_loss":0.0,"damage_taken":0.0,"cards_upgraded":["True Grit"]},{"damage_healed":0,"gold_gain":0,"player_choice":"Left Gold","damage_taken":0,"max_hp_gain":0,"max_hp_loss":0,"event_name":"World of Goop","floor":11,"gold_loss":34},{"damage_healed":0,"gold_gain":0,"player_choice":"Read","damage_taken":0,"max_hp_gain":0,"max_hp_loss":0,"event_name":"The Library","floor":20,"gold_loss":0,"cards_obtained":["Shrug It Off"]},{"damage_healed":0,"gold_gain":0,"player_choice":"Fight","damage_taken":0,"max_hp_gain":0,"max_hp_loss":0,"event_name":"Colosseum","floor":21,"gold_loss":0},{"damage_healed":0,"gold_gain":0,"player_choice":"Fought Nobs","damage_taken":0,"max_hp_gain":0,"max_hp_loss":0,"event_name":"Colosseum","floor":21,"gold_loss":0}],"is_beta":false,"boss_relics":[{"not_picked":["Calling Bell","Mark of Pain"],"picked":"Sozu"}],"items_purged_floors":[19],"is_endless":false,"potions_floor_spawned":[1,2,12,16,21],"killed_by":"Colosseum Nobs","ascension_level":6}