{"gold_per_floor":[109,109,109,109,121,148,148,164,243,243,243,269,279,290,290,390,390,401,416,43,43,43,69,69,69,69,15,33,47,82,101,101,101],"floor_reached":33,"playtime":5025,"items_purged":["Strike_G"],"score":320,"play_id":"63f4800c-1ce8-4eed-9636-a86bc26ed1a5","local_time":"20190202160702","is_ascension_mode":false,"campfire_choices":[{"data":"Tools of the Trade","floor":7,"key":"SMITH"},{"data":"Crippling Poison","floor":10,"key":"SMITH"},{"data":"Poisoned Stab","floor":15,"key":"SMITH"},{"floor":32,"key":"REST"}],"neow_cost":"NONE","seed_source_timestamp":1716276864376444,"circlet_count":0,"master_deck":["Defend_G","Defend_G","Defend_G","Defend_G","Defend_G","Strike_G","Strike_G","Survivor","Neutralize","Poisoned Stab+1","Tools of the Trade+1","Crippling Poison+1","Well Laid Plans","Poisoned Stab+1","Backstab","A Thousand Cuts","Caltrops","Backstab+1","Dash","Backflip","Accuracy","Deadly Poison"],"relics":["Ring of the Snake","NeowsBlessing","Mummified Hand","Regal Pillow","Sundial","Unceasing Top","Empty Cage","The Specimen","MutagenicStrength","Bag of Marbles","Juzu Bracelet","Boot"],"potions_floor_usage":[16,19,23,23,30,30,33,33],"damage_taken":[{"damage":0,"enemies":"2 Louse","floor":1,"turns":1},{"damage":0,"enemies":"Jaw Worm","floor":5,"turns":1},{"damage":0,"enemies":"Lagavulin","floor":6,"turns":1},{"damage":0,"enemies":"Cultist","floor":8,"turns":3},{"damage":14,"enemies":"3 Sentries","floor":12,"turns":9},{"damage":0,"enemies":"Looter","floor":13,"turns":4},{"damage":1,"enemies":"Red Slaver","floor":14,"turns":2},{"damage":20,"enemies":"Slime Boss","floor":16,"turns":11},{"damage":17,"enemies":"2 Thieves","floor":18,"turns":4},{"damage":10,"enemies":"3 Byrds","floor":19,"turns":2},{"damage":12,"enemies":"Slavers","floor":23,"turns":4},{"damage":0,"enemies":"Snecko","floor":28,"turns":3},{"damage":0,"enemies":"Centurion and Healer","floor":29,"turns":5},{"damage":14,"enemies":"Gremlin Leader","floor":30,"turns":5},{"damage":3,"enemies":"Snake Plant","floor":31,"turns":2},{"damage":65,"enemies":"Champ","floor":33,"turns":11}],"seed_played":"2628324299040436567","potions_obtained":[{"floor":5,"key":"GhostInAJar"},{"floor":6,"key":"SteroidPotion"},{"floor":12,"key":"Dexterity Potion"},{"floor":16,"key":"SkillPotion"},{"floor":19,"key":"Ancient Potion"},{"floor":23,"key":"LiquidBronze"},{"floor":29,"key":"Energy Potion"},{"floor":31,"key":"EssenceOfSteel"}],"is_trial":false,"path_per_floor":["M","?","?","T","M","E","R","M","T","R","?","E","M","M","R","B",null,"M","M","$","$","?","E","?","?","T","$","M","M","E","M","R","B"],"character_chosen":"THE_SILENT","items_purchased":["The Specimen","Backflip"],"campfire_rested":1,"item_purchase_floors":[20,27],"current_hp_per_floor":[70,75,75,75,75,75,75,75,75,75,75,61,61,60,60,40,75,58,48,48,48,48,36,36,36,36,36,36,36,22,19,56,0],"gold":101,"neow_bonus":"THREE_ENEMY_KILL","is_prod":false,"is_daily":false,"chose_seed":false,"campfire_upgraded":3,"win_rate":0.0,"timestamp":1549120022,"path_taken":["M","?","?","?","M","E","R","?","T","R","?","E","M","M","R","BOSS","M","M","?","$","?","E","?","?","T","?","M","M","E","M","R","BOSS"],"build_version":"2019-01-23","purchased_purges":1,"victory":false,"max_hp_per_floor":[70,75,75,75,75,75,75,75,75,75,75,75,75,75,75,75,75,75,75,75,75,75,75,75,75,75,75,75,75,75,75,75,75],"card_choices":[{"not_picked":["Dagger Throw","Flechettes"],"picked":"Poisoned Stab","floor":1},{"not_picked":["Choke","Blur","Heel Hook"],"picked":"SKIP","floor":5},{"not_picked":["Acrobatics","Deflect"],"picked":"Tools of the Trade","floor":6},{"not_picked":["Underhanded Strike","Tactician"],"picked":"Crippling Poison","floor":8},{"not_picked":["Night Terror","Deflect"],"picked":"Well Laid Plans","floor":12},{"not_picked":["Riddle With Holes","Bane"],"picked":"Poisoned Stab","floor":13},{"not_picked":["Catalyst","Dash"],"picked":"Backstab","floor":14},{"not_picked":["Phantasmal Killer","Unload"],"picked":"A Thousand Cuts","floor":16},{"not_picked":["Slice","Dash"],"picked":"Caltrops","floor":18},{"not_picked":["Bane","Cloak And Dagger"],"picked":"Backstab+1","floor":19},{"not_picked":["Heel Hook","Slice"],"picked":"Dash","floor":23},{"not_picked":["Eviscerate+1","Cloak And Dagger"],"picked":"Accuracy","floor":28},{"not_picked":["Outmaneuver","Glass Knife","Quick Slash"],"picked":"SKIP","floor":29},{"not_picked":["Heel Hook","PiercingWail","Reflex"],"picked":"SKIP","floor":30},{"not_picked":["Prepared+1","Tactician"],"picked":"Deadly Poison","floor":31}],"player_experience":85880,"relics_obtained":[{"floor":4,"key":"Mummified Hand"},{"floor":6,"key":"Regal Pillow"},{"floor":9,"key":"Sundial"},{"floor":12,"key":"Unceasing Top"},{"floor":23,"key":"Bag of Marbles"},{"floor":26,"key":"Juzu Bracelet"},{"floor":30,"key":"Boot"}],"event_choices":[{"damage_healed":0,"gold_gain":0,"player_choice":"Donut","damage_taken":0,"max_hp_gain":5,"max_hp_loss":0,"event_name":"Big Fish","floor":2,"gold_loss":0},{"damage_healed":0,"gold_gain":0,"player_choice":"Grow","damage_taken":0,"max_hp_gain":0,"max_hp_loss":0,"event_name":"Living Wall","floor":3,"gold_loss":0,"cards_upgraded":["Poisoned Stab"]},{"damage_healed":0,"gold_gain":0,"player_choice":"0 cards matched","damage_taken":0,"max_hp_gain":0,"max_hp_loss":0,"event_name":"Match and Keep!","floor":11,"gold_loss":0,"cards_obtained":[]},{"damage_healed":0,"gold_gain":0,"player_choice":"Inject Mutagens","damage_taken":0,"relics_obtained":["MutagenicStrength"],"max_hp_gain":0,"max_hp_loss":0,"event_name":"Drug Dealer","floor":22,"gold_loss":0},{"damage_healed":0,"gold_gain":0,"player_choice":"Ignored","damage_taken":0,"max_hp_gain":0,"max_hp_loss":0,"event_name":"Beggar","floor":24,"gold_loss":0}],"is_beta":false,"boss_relics":[{"not_picked":["White Beast Statue","Cursed Key"],"picked":"Empty Cage"}],"items_purged_floors":[20],"is_endless":false,"potions_floor_spawned":[5,6,12,16,19,23,29,31],"killed_by":"Champ","ascension_level":0}