{"gold_per_floor":[118,131,131,131,146,176,176,208,208,221,253,267,286,302,302,398,398,398,398,398,398,398,398,398,398,398,398,152,152,152,152,152,152,152,152,152,152,152,77,77,77,77,77,77,77,77,1,1,1,1],"floor_reached":51,"playtime":2243,"items_purged":["Strike_G"],"score":915,"play_id":"178e83a1-0997-4ba3-b786-e80d41400ecf","local_time":"20190127010806","is_ascension_mode":false,"campfire_choices":[{"data":"Catalyst","floor":7.0,"key":"SMITH"},{"floor":15.0,"key":"REST"},{"floor":25.0,"key":"REST"},{"floor":30.0,"key":"REST"},{"data":"Noxious Fumes","floor":32.0,"key":"SMITH"},{"floor":42.0,"key":"REST"},{"floor":45.0,"key":"REST"},{"floor":49,"key":"REST"}],"neow_cost":"NONE","seed_source_timestamp":546979659060811,"circlet_count":0,"master_deck":["Defend_G","Defend_G","Defend_G","Defend_G","Strike_G","Strike_G","Strike_G","Strike_G","Survivor","Neutralize","Poisoned Stab","Deflect","Outmaneuver","Catalyst+1","Bane+1","Noxious Fumes+1","Bane+1","Bane+1","Crippling Poison+1","Catalyst+1","Catalyst+1","Bane+1","Catalyst+1"],"special_seed":0,"relics":["Ring of the Snake","Bag of Marbles","Molten Egg 2","Toxic Egg 2","Snake Skull","Ectoplasm","Bird Faced Urn","Paper Crane","PreservedInsect","Unceasing Top","DollysMirror","Bottled Tornado","Busted Crown","MawBank"],"potions_floor_usage":[],"damage_taken":[{"damage":0.0,"enemies":"2 Louse","floor":1.0,"turns":3.0},{"damage":0.0,"enemies":"Cultist","floor":2.0,"turns":4.0},{"damage":0.0,"enemies":"Jaw Worm","floor":5.0,"turns":4.0},{"damage":28.0,"enemies":"Gremlin Nob","floor":6.0,"turns":5.0},{"damage":37.0,"enemies":"Lagavulin","floor":8.0,"turns":9.0},{"damage":0.0,"enemies":"2 Fungi Beasts","floor":10.0,"turns":4.0},{"damage":5.0,"enemies":"3 Sentries","floor":11.0,"turns":8.0},{"damage":6.0,"enemies":"3 Louse","floor":12.0,"turns":4.0},{"damage":0.0,"enemies":"Looter","floor":13.0,"turns":1.0},{"damage":0.0,"enemies":"Exordium Wildlife","floor":14.0,"turns":3.0},{"damage":0.0,"enemies":"Slime Boss","floor":16.0,"turns":5.0},{"damage":0.0,"enemies":"Chosen","floor":18.0,"turns":3.0},{"damage":0.0,"enemies":"3 Byrds","floor":19.0,"turns":2.0},{"damage":11.0,"enemies":"Colosseum Slavers","floor":21.0,"turns":4.0},{"damage":12.0,"enemies":"Colosseum Nobs","floor":21.0,"turns":4.0},{"damage":11.0,"enemies":"Snecko","floor":22.0,"turns":4.0},{"damage":16.0,"enemies":"Centurion and Healer","floor":23.0,"turns":6.0},{"damage":12.0,"enemies":"Shelled Parasite and Fungi","floor":24.0,"turns":4.0},{"damage":19.0,"enemies":"Slavers","floor":27.0,"turns":4.0},{"damage":0.0,"enemies":"Book of Stabbing","floor":29.0,"turns":2.0},{"damage":0.0,"enemies":"Cultist and Chosen","floor":31.0,"turns":3.0},{"damage":28.0,"enemies":"Champ","floor":33.0,"turns":6.0},{"damage":0.0,"enemies":"Orb Walker","floor":35.0,"turns":2.0},{"damage":16.0,"enemies":"3 Darklings","floor":36.0,"turns":4.0},{"damage":10.0,"enemies":"Jaw Worm Horde","floor":40.0,"turns":4.0},{"damage":43.0,"enemies":"4 Shapes","floor":41.0,"turns":4.0},{"damage":32.0,"enemies":"3 Darklings","floor":44.0,"turns":4.0},{"damage":10.0,"enemies":"Spire Growth","floor":46.0,"turns":2.0},{"damage":0,"enemies":"Transient","floor":48,"turns":4},{"damage":17,"enemies":"Time Eater","floor":50,"turns":3}],"seed_played":"-6290906784923616419","potions_obtained":[{"floor":2.0,"key":"SpeedPotion"},{"floor":6.0,"key":"GhostInAJar"},{"floor":10.0,"key":"Explosive Potion"},{"floor":12.0,"key":"Strength Potion"},{"floor":14.0,"key":"Explosive Potion"},{"floor":18.0,"key":"Block Potion"},{"floor":21.0,"key":"SpeedPotion"},{"floor":22.0,"key":"AttackPotion"},{"floor":24.0,"key":"Energy Potion"},{"floor":27.0,"key":"FearPotion"},{"floor":44.0,"key":"GhostInAJar"},{"floor":46.0,"key":"Regen Potion"}],"is_trial":false,"path_per_floor":["M","M","?","?","M","E","R","E","T","M","E","M","M","M","R","B",null,"M","M","?","?","M","M","M","R","T","E","$","E","R","M","R","B",null,"M","M","?","?","$","M","M","R","T","M","R","M","$","M","R","B",null],"character_chosen":"THE_SILENT","items_purchased":["DollysMirror","Poison Potion","Catalyst+1"],"campfire_rested":6,"item_purchase_floors":[28,28,47],"current_hp_per_floor":[77,77,77,77,77,49,49,12,12,12,7,1,1,1,24,24,77,77,77,77,54,45,31,21,44,44,27,27,27,50,52,52,26,77,77,61,61,61,61,53,12,35,35,5,28,20,20,22,45,28],"gold":1,"neow_bonus":"TEN_PERCENT_HP_BONUS","is_prod":false,"is_daily":false,"chose_seed":false,"campfire_upgraded":2,"win_rate":0.0,"timestamp":1548572886,"path_taken":["M","M","?","?","M","E","R","E","T","M","E","?","M","M","R","BOSS","M","M","?","?","M","M","M","R","T","E","$","E","R","M","R","BOSS","M","M","?","?","$","M","M","R","T","M","R","M","$","M","R","BOSS"],"build_version":"2019-01-23","purchased_purges":1,"victory":true,"max_hp_per_floor":[77,77,77,77,77,77,77,77,77,77,77,77,77,77,77,77,77,77,77,77,77,77,77,77,77,77,77,77,77,77,77,77,77,77,77,77,77,77,77,77,77,77,77,77,77,77,77,77,77,77],"card_choices":[{"not_picked":["Dagger Spray","Predator"],"picked":"Poisoned Stab","floor":1.0},{"not_picked":["Sucker Punch","Distraction","Backflip"],"picked":"SKIP","floor":2.0},{"not_picked":["Blade Dance","Heel Hook"],"picked":"Outmaneuver","floor":5.0},{"not_picked":["Reflex","Tools of the Trade"],"picked":"Catalyst","floor":6.0},{"not_picked":["All Out Attack","Envenom","Masterful Stab"],"picked":"SKIP","floor":8.0},{"not_picked":["Terror+1","Backflip+1"],"picked":"Bane+1","floor":10.0},{"not_picked":["Deflect+1","Flechettes+1","All Out Attack+1"],"picked":"SKIP","floor":11.0},{"not_picked":["Blade Dance+1","Heel Hook+1"],"picked":"Noxious Fumes","floor":12.0},{"not_picked":["Predator+1","Outmaneuver+1"],"picked":"Bane+1","floor":13.0},{"not_picked":["Flying Knee+1","Terror+1"],"picked":"Bane+1","floor":14.0},{"not_picked":["Slice+1","Underhanded Strike+1"],"picked":"Crippling Poison+1","floor":18.0},{"not_picked":["Flying Knee+1","Riddle With Holes+1","Cloak And Dagger+1"],"picked":"SKIP","floor":19.0},{"not_picked":["Prepared+1","PiercingWail+1","Outmaneuver+1"],"picked":"SKIP","floor":22.0},{"not_picked":["Underhanded Strike+1","Deflect+1","Dagger Throw+1"],"picked":"SKIP","floor":23.0},{"not_picked":["Skewer+1","Underhanded Strike+1","Well Laid Plans+1"],"picked":"SKIP","floor":24.0},{"not_picked":["Tactician+1","PiercingWail+1"],"picked":"Catalyst+1","floor":27.0},{"not_picked":["Endless Agony+1","Deadly Poison+1","PiercingWail+1"],"picked":"SKIP","floor":29.0},{"not_picked":["Tools of the Trade","Skewer+1","Backstab+1"],"picked":"SKIP","floor":31.0},{"not_picked":["Bouncing Flask+1"],"picked":"SKIP","floor":35.0},{"not_picked":["Dagger Throw+1"],"picked":"SKIP","floor":36.0},{"not_picked":["Slice+1"],"picked":"SKIP","floor":40.0},{"not_picked":[],"picked":"Bane+1","floor":41.0},{"not_picked":["Expertise+1"],"picked":"SKIP","floor":44.0},{"not_picked":["Acrobatics+1"],"picked":"SKIP","floor":46.0},{"not_picked":["Sucker Punch+1"],"picked":"SKIP","floor":48}],"player_experience":195663,"relics_obtained":[{"floor":6.0,"key":"Bag of Marbles"},{"floor":8.0,"key":"Molten Egg 2"},{"floor":9.0,"key":"Toxic Egg 2"},{"floor":11.0,"key":"Snake Skull"},{"floor":21.0,"key":"Bird Faced Urn"},{"floor":21.0,"key":"Paper Crane"},{"floor":26.0,"key":"PreservedInsect"},{"floor":27.0,"key":"Unceasing Top"},{"floor":29.0,"key":"Bottled Tornado"},{"floor":43.0,"key":"MawBank"}],"event_choices":[{"damage_healed":0.0,"max_hp_gain":0.0,"max_hp_loss":0.0,"gold_gain":0.0,"event_name":"Liars Game","player_choice":"Ignored","floor":3.0,"gold_loss":0.0,"damage_taken":0.0},{"damage_healed":0.0,"max_hp_gain":0.0,"max_hp_loss":0.0,"gold_gain":0.0,"cards_transformed":["Defend_G"],"event_name":"Transmorgrifier","player_choice":"Transformed","floor":4.0,"gold_loss":0.0,"damage_taken":0.0,"cards_obtained":["Deflect"]},{"damage_healed":0.0,"max_hp_gain":0.0,"max_hp_loss":0.0,"gold_gain":99.0,"event_name":"Nest","player_choice":"Stole From Cult","floor":20.0,"gold_loss":0.0,"damage_taken":0.0},{"damage_healed":0.0,"max_hp_gain":0.0,"max_hp_loss":0.0,"gold_gain":0.0,"event_name":"Colosseum","player_choice":"Fight","floor":21.0,"gold_loss":0.0,"damage_taken":0.0},{"damage_healed":0.0,"max_hp_gain":0.0,"max_hp_loss":0.0,"gold_gain":0.0,"event_name":"Colosseum","player_choice":"Fought Nobs","floor":21.0,"gold_loss":0.0,"damage_taken":0.0},{"damage_healed":0.0,"max_hp_gain":0.0,"max_hp_loss":0.0,"gold_gain":0.0,"event_name":"Tomb of Lord Red Mask","player_choice":"Ignored","floor":37.0,"gold_loss":0.0,"damage_taken":0.0},{"damage_healed":0.0,"max_hp_gain":0.0,"max_hp_loss":0.0,"gold_gain":0.0,"event_name":"SensoryStone","player_choice":"Memory 1","floor":38.0,"gold_loss":0.0,"damage_taken":0.0}],"is_beta":false,"boss_relics":[{"not_picked":["White Beast Statue","Runic Pyramid"],"picked":"Ectoplasm"},{"not_picked":["Tiny House","WristBlade"],"picked":"Busted Crown"}],"items_purged_floors":[39],"is_endless":false,"potions_floor_spawned":[2,6,10,12,14,18,21,22,24,27,35,44,46],"ascension_level":0}