{"gold_per_floor":[115,215,235,88,101,129,139,139,139,164,178,155,186,186,186,286,286,296,296,309,322,21,21,56,76,76,76,76,76,76,88,88,187,187,205,223,223,323,337,337,337,349,397,397,428,428,442,455,455,455],"floor_reached":50,"playtime":2699,"items_purged":[],"score":537,"play_id":"a3d0be9b-9c90-423d-9267-521dc4dcfdcc","local_time":"20181204205258","is_ascension_mode":false,"campfire_choices":[{"floor":8,"key":"REST"},{"data":"Perfected Strike","floor":15,"key":"SMITH"},{"floor":23,"key":"REST"},{"floor":27,"key":"REST"},{"floor":30,"key":"REST"},{"data":"Demon Form","floor":32,"key":"SMITH"},{"floor":40,"key":"REST"},{"floor":44,"key":"REST"},{"floor":46,"key":"REST"},{"floor":49,"key":"REST"}],"neow_cost":"NONE","seed_source_timestamp":1725021214990468,"circlet_count":0,"master_deck":["Strike_R","Strike_R","Strike_R","Strike_R","Strike_R","Defend_R","Defend_R","Defend_R","Defend_R","Bash","Carnage","Pommel Strike","Cleave","Wild Strike","Disarm","Perfected Strike+1","Pommel Strike","Pommel Strike","Demon Form+1","Flex+1","Perfected Strike+1","Wild Strike+1","Wild Strike","Bludgeon+1","Impervious","Regret"],"relics":["Burning Blood","Red Skull","Oddly Smooth Stone","Letter Opener","Gambling Chip","Bird Faced Urn","Strawberry","Eternal Feather","Champion Belt","Singing Bowl","Dodecahedron","Cursed Key","Charon\u0027s Ashes","Juzu Bracelet","Lantern"],"potions_floor_usage":[6,10,18,18,24,24,33,33,33,42,45,48,50,50],"damage_taken":[{"damage":0,"enemies":"2 Louse","floor":1,"turns":2},{"damage":6,"enemies":"Cultist","floor":3,"turns":3},{"damage":1,"enemies":"Small Slimes","floor":5,"turns":3},{"damage":18,"enemies":"Gremlin Nob","floor":6,"turns":4},{"damage":18,"enemies":"Gremlin Gang","floor":7,"turns":5},{"damage":15,"enemies":"3 Sentries","floor":10,"turns":6},{"damage":4,"enemies":"Blue Slaver","floor":11,"turns":4},{"damage":14,"enemies":"Gremlin Nob","floor":13,"turns":3},{"damage":60,"enemies":"Hexaghost","floor":16,"turns":9},{"damage":34,"enemies":"Shell Parasite","floor":18,"turns":7},{"damage":18,"enemies":"2 Thieves","floor":20,"turns":4},{"damage":18,"enemies":"Centurion and Healer","floor":21,"turns":6},{"damage":37,"enemies":"Book of Stabbing","floor":24,"turns":4},{"damage":40,"enemies":"Snecko","floor":25,"turns":5},{"damage":0,"enemies":"Snake Plant","floor":31,"turns":2},{"damage":79,"enemies":"Automaton","floor":33,"turns":9},{"damage":33,"enemies":"3 Darklings","floor":35,"turns":4},{"damage":18,"enemies":"3 Shapes","floor":36,"turns":3},{"damage":0,"enemies":"Mind Bloom Boss Battle","floor":38,"turns":4},{"damage":24,"enemies":"Jaw Worm Horde","floor":39,"turns":3},{"damage":66,"enemies":"Transient","floor":42,"turns":5},{"damage":8,"enemies":"Nemesis","floor":45,"turns":3},{"damage":10,"enemies":"3 Darklings","floor":47,"turns":6},{"damage":20,"enemies":"Maw","floor":48,"turns":6},{"damage":127,"enemies":"Donu and Deca","floor":50,"turns":6}],"seed_played":"5838068528993685349","potions_obtained":[{"floor":1,"key":"EssenceOfSteel"},{"floor":3,"key":"PowerPotion"},{"floor":10,"key":"Explosive Potion"},{"floor":11,"key":"Explosive Potion"},{"floor":16,"key":"Swift Potion"},{"floor":18,"key":"AttackPotion"},{"floor":21,"key":"BloodPotion"},{"floor":24,"key":"Block Potion"},{"floor":25,"key":"EssenceOfSteel"},{"floor":35,"key":"EssenceOfSteel"},{"floor":38,"key":"LiquidBronze"},{"floor":42,"key":"AttackPotion"},{"floor":45,"key":"Block Potion"},{"floor":47,"key":"BloodPotion"}],"is_trial":false,"path_per_floor":["M","?","M","$","M","E","M","R","T","E","M","$","E","$","R","B",null,"M","?","M","M","$","R","E","M","T","R","?","?","R","M","R","B",null,"M","M","$","?","M","R","?","M","T","R","E","R","M","M","R","B"],"character_chosen":"IRONCLAD","items_purchased":["Oddly Smooth Stone","Pommel Strike","Champion Belt"],"campfire_rested":8,"item_purchase_floors":[4,12,22],"current_hp_per_floor":[80,80,80,80,80,68,56,80,80,71,73,73,72,72,72,18,87,59,59,47,35,35,73,50,20,20,58,58,58,89,89,89,16,89,64,54,54,64,46,89,89,31,31,75,77,99,97,87,103,0],"gold":455,"neow_bonus":"RANDOM_COMMON_RELIC","is_prod":false,"is_daily":false,"chose_seed":false,"campfire_upgraded":2,"win_rate":0,"timestamp":1543953178,"path_taken":["M","?","M","$","?","E","M","R","T","E","M","?","E","$","R","BOSS","M","?","M","?","$","R","E","M","T","R","?","?","R","M","R","BOSS","M","M","$","?","M","R","?","M","T","R","E","R","M","M","R","BOSS"],"build_version":"2018-11-15","purchased_purges":0,"victory":false,"max_hp_per_floor":[80,80,80,80,80,80,80,80,80,80,80,80,87,87,87,87,87,87,87,87,87,87,87,87,89,89,89,89,89,89,89,89,89,89,91,93,93,95,95,95,95,97,97,97,99,99,101,103,103,103],"card_choices":[{"not_picked":["Anger","Combust"],"picked":"Carnage","floor":1},{"not_picked":["Twin Strike","Dropkick"],"picked":"Pommel Strike","floor":3},{"not_picked":["Corruption","Anger"],"picked":"Cleave","floor":5},{"not_picked":["Cleave","Twin Strike"],"picked":"Wild Strike","floor":6},{"not_picked":["Intimidate","Searing Blow"],"picked":"Disarm","floor":7},{"not_picked":["Corruption","Flex","Dark Embrace"],"picked":"SKIP","floor":10},{"not_picked":["Rampage","Clothesline"],"picked":"Perfected Strike","floor":11},{"not_picked":["Body Slam","Rupture"],"picked":"Pommel Strike","floor":13},{"not_picked":["Immolate","Dark Embrace"],"picked":"Demon Form","floor":16},{"not_picked":["Hemokinesis","Havoc"],"picked":"Flex+1","floor":18},{"not_picked":["Uppercut+1","Body Slam"],"picked":"Perfected Strike+1","floor":20},{"not_picked":["Sword Boomerang","Body Slam","Berserk"],"picked":"SKIP","floor":21},{"not_picked":["Shockwave","Shrug It Off"],"picked":"Wild Strike+1","floor":24},{"not_picked":["Armaments","Ghostly Armor","Bloodletting"],"picked":"Singing Bowl","floor":25},{"not_picked":["Feel No Pain+1","Flex+1"],"picked":"Wild Strike","floor":31},{"not_picked":["Immolate","Dark Embrace"],"picked":"Bludgeon","floor":33},{"not_picked":["Headbutt+1","Iron Wave","Warcry"],"picked":"Singing Bowl","floor":35},{"not_picked":["Clash+1","Havoc+1","Sentinel"],"picked":"Singing Bowl","floor":36},{"not_picked":["Body Slam+1","Iron Wave+1","Clothesline"],"picked":"Singing Bowl","floor":38},{"not_picked":["Warcry","Sword Boomerang+1"],"picked":"Impervious","floor":39},{"not_picked":["Spot Weakness","Body Slam","Carnage+1"],"picked":"Singing Bowl","floor":42},{"not_picked":["Ghostly Armor","Flex","Bloodletting+1"],"picked":"Singing Bowl","floor":45},{"not_picked":["True Grit+1","Armaments","Sword Boomerang+1"],"picked":"Singing Bowl","floor":47},{"not_picked":["Cleave","Clothesline","Seeing Red"],"picked":"Singing Bowl","floor":48}],"player_experience":135660,"relics_obtained":[{"floor":6,"key":"Letter Opener"},{"floor":9,"key":"Gambling Chip"},{"floor":10,"key":"Bird Faced Urn"},{"floor":13,"key":"Strawberry"},{"floor":24,"key":"Singing Bowl"},{"floor":26,"key":"Dodecahedron"},{"floor":38,"key":"Charon\u0027s Ashes"},{"floor":43,"key":"Juzu Bracelet"},{"floor":45,"key":"Lantern"}],"event_choices":[{"damage_healed":0,"gold_gain":100,"player_choice":"Pray","damage_taken":0,"max_hp_gain":0,"max_hp_loss":0,"event_name":"Golden Shrine","floor":2,"gold_loss":0},{"damage_healed":0,"gold_gain":0,"player_choice":"Ignored","damage_taken":0,"max_hp_gain":0,"max_hp_loss":0,"event_name":"NoteForYourself","floor":19,"gold_loss":0},{"damage_healed":0,"gold_gain":0,"player_choice":"Ignored","damage_taken":0,"max_hp_gain":0,"max_hp_loss":0,"event_name":"Vampires","floor":29,"gold_loss":0},{"damage_healed":0,"gold_gain":0,"player_choice":"Fight","damage_taken":0,"max_hp_gain":0,"max_hp_loss":0,"event_name":"MindBloom","floor":38,"gold_loss":0},{"damage_healed":0,"gold_gain":0,"player_choice":"Forge","damage_taken":0,"max_hp_gain":0,"max_hp_loss":0,"event_name":"Accursed Blacksmith","floor":41,"gold_loss":0,"cards_upgraded":["Bludgeon"]}],"is_beta":false,"boss_relics":[{"not_picked":["White Beast Statue","Coffee Dripper"],"picked":"Eternal Feather"},{"not_picked":["Busted Crown","Calling Bell"],"picked":"Cursed Key"}],"items_purged_floors":[],"is_endless":false,"potions_floor_spawned":[1,3,10,11,16,18,21,24,25,35,38,42,45,47],"killed_by":"Donu and Deca","ascension_level":0}