{"gold_per_floor":[112,112,74,36,47,74,74,133,157,7,34,54,54,66,66,163,163,183,183,183,197,112,112,147,147,173,191,191,191,201,101,101,206,206,226,226,47,1046,1058,1058,1093,1093,1169,1181,1181,238,272,287,287,287],"floor_reached":51,"playtime":3524,"items_purged":["Strike_R","Decay","Bash","Writhe"],"score":838,"play_id":"4e5ac623-20e4-44a3-b0cb-9317e3471696","local_time":"20190202013607","is_ascension_mode":true,"campfire_choices":[{"data":"Heavy Blade","floor":7,"key":"SMITH"},{"data":"Armaments","floor":13,"key":"SMITH"},{"floor":15,"key":"REST"},{"data":"True Grit","floor":23,"key":"SMITH"},{"data":"Demon Form","floor":29,"key":"SMITH"},{"data":"Flame Barrier","floor":32,"key":"SMITH"},{"data":"Uppercut","floor":40,"key":"SMITH"},{"floor":49,"key":"REST"}],"neow_cost":"CURSE","seed_source_timestamp":1114342016198006,"circlet_count":0,"master_deck":["Strike_R","Strike_R","Strike_R","Defend_R","Defend_R","Defend_R+1","Defend_R","Demon Form+1","Uppercut+1","Heavy Blade+1","Armaments+1","Shockwave","Corruption","Uppercut","Exhume+1","True Grit+1","Heavy Blade+1","Headbutt","Sword Boomerang","Ghostly Armor+1","Flame Barrier+1","Shrug It Off","Juggernaut+1","Pommel Strike+1","Shrug It Off","Disarm+1","Injury","Pommel Strike+1","Panacea","Exhume"],"relics":["Burning Blood","MawBank","Orichalcum","Boot","Bronze Scales","Pear","Calling Bell","Mango","Frozen Egg 2","War Paint","Anchor","Bag of Preparation","Spirit Poop","Omamori","Cursed Key","Incense Burner","Mummified Hand","Strange Spoon","Ancient Tea Set","Singing Bowl","Regal Pillow"],"potions_floor_usage":[11,21,30,33],"damage_taken":[{"damage":0,"enemies":"Small Slimes","floor":1,"turns":3},{"damage":5,"enemies":"2 Louse","floor":5,"turns":3},{"damage":26,"enemies":"Lagavulin","floor":6,"turns":6},{"damage":23,"enemies":"Lagavulin Event","floor":8,"turns":6},{"damage":15,"enemies":"3 Sentries","floor":11,"turns":8},{"damage":2,"enemies":"Jaw Worm","floor":12,"turns":5},{"damage":15,"enemies":"Large Slime","floor":14,"turns":6},{"damage":48,"enemies":"Slime Boss","floor":16,"turns":12},{"damage":31,"enemies":"Chosen","floor":18,"turns":9},{"damage":4,"enemies":"Spheric Guardian","floor":21,"turns":3},{"damage":38,"enemies":"Book of Stabbing","floor":24,"turns":7},{"damage":9,"enemies":"Snecko","floor":27,"turns":4},{"damage":8,"enemies":"Centurion and Healer","floor":30,"turns":6},{"damage":30,"enemies":"Champ","floor":33,"turns":13},{"damage":4,"enemies":"3 Shapes","floor":35,"turns":8},{"damage":4,"enemies":"Orb Walker","floor":39,"turns":4},{"damage":60,"enemies":"Nemesis","floor":41,"turns":7},{"damage":34,"enemies":"Sphere and 2 Shapes","floor":44,"turns":8},{"damage":27,"enemies":"Giant Head","floor":47,"turns":8},{"damage":3,"enemies":"Jaw Worm Horde","floor":48,"turns":4},{"damage":39,"enemies":"Donu and Deca","floor":50,"turns":7}],"seed_played":"-3981880051927864280","potions_obtained":[{"floor":6,"key":"Dexterity Potion"},{"floor":8,"key":"BloodPotion"},{"floor":11,"key":"Weak Potion"},{"floor":16,"key":"Ancient Potion"},{"floor":18,"key":"SteroidPotion"},{"floor":24,"key":"Block Potion"},{"floor":30,"key":"Strength Potion"},{"floor":41,"key":"SkillPotion"}],"is_trial":false,"path_per_floor":["M","?","?","$","M","E","R","?","T","$","E","M","R","M","R","B",null,"M","?","?","M","?","R","E","?","T","M","?","R","M","$","R","B",null,"M","?","$","?","M","R","E","?","T","M","?","$","E","M","R","B",null],"character_chosen":"IRONCLAD","items_purchased":["Heavy Blade","Shockwave","Shrug It Off","Strange Spoon","Ancient Tea Set","Singing Bowl","Exhume","Dexterity Potion"],"campfire_rested":2,"item_purchase_floors":[4,10,37,46,46,46,46,46],"current_hp_per_floor":[80,62,62,62,63,43,43,26,26,26,27,31,31,22,49,7,104,79,79,79,81,81,81,49,49,49,46,46,46,44,44,44,20,104,104,104,104,104,104,104,50,76,76,48,48,48,29,34,81,48],"gold":287,"neow_bonus":"THREE_RARE_CARDS","is_prod":false,"is_daily":false,"chose_seed":false,"campfire_upgraded":6,"win_rate":0,"timestamp":1549089367,"path_taken":["M","?","?","?","M","E","R","?","T","$","E","M","R","M","R","BOSS","M","?","?","?","?","R","E","?","T","?","?","R","M","$","R","BOSS","M","?","$","?","M","R","E","?","T","M","?","$","E","M","R","BOSS"],"build_version":"2019-01-23","purchased_purges":4,"victory":true,"max_hp_per_floor":[80,80,80,80,80,80,80,80,80,80,90,90,90,90,90,90,104,104,104,104,104,104,104,104,104,104,104,104,104,104,104,104,104,104,104,104,104,104,104,104,104,104,104,104,104,104,106,108,108,108],"card_choices":[{"not_picked":["Exhume","Berserk"],"picked":"Demon Form","floor":0},{"not_picked":["Seeing Red","Warcry"],"picked":"Uppercut","floor":1},{"not_picked":["Iron Wave","Bloodletting","Anger"],"picked":"SKIP","floor":5},{"not_picked":["Cleave","Perfected Strike","Bloodletting"],"picked":"SKIP","floor":6},{"not_picked":["Carnage","Fire Breathing"],"picked":"Armaments","floor":8},{"not_picked":["Seeing Red","Wild Strike"],"picked":"Corruption","floor":11},{"not_picked":["Thunderclap","Hemokinesis","Anger"],"picked":"SKIP","floor":12},{"not_picked":["Thunderclap","Perfected Strike"],"picked":"Uppercut","floor":14},{"not_picked":["Brutality","Dark Embrace"],"picked":"Exhume","floor":16},{"not_picked":["Perfected Strike+1","Twin Strike"],"picked":"True Grit","floor":18},{"not_picked":["Twin Strike+1","Havoc+1"],"picked":"Headbutt","floor":21},{"not_picked":["Feed","Perfected Strike"],"picked":"Sword Boomerang","floor":24},{"not_picked":["Wild Strike+1","Iron Wave+1"],"picked":"Ghostly Armor+1","floor":27},{"not_picked":["Uppercut","Shockwave"],"picked":"Shrug It Off","floor":30},{"not_picked":["Brutality+1","Bludgeon"],"picked":"Juggernaut+1","floor":33},{"not_picked":["Clash","Sever Soul"],"picked":"Pommel Strike+1","floor":35},{"not_picked":["Headbutt+1","Armaments"],"picked":"Disarm+1","floor":39},{"not_picked":["Fiend Fire","Wild Strike","Clash"],"picked":"SKIP","floor":41},{"not_picked":["True Grit+1","Brutality+1"],"picked":"Pommel Strike+1","floor":44},{"not_picked":["Impatience","Trip"],"picked":"Panacea","floor":45},{"not_picked":["Body Slam+1","Evolve+1","Twin Strike"],"picked":"Singing Bowl","floor":47},{"not_picked":["Anger+1","Wild Strike+1","True Grit+1"],"picked":"Singing Bowl","floor":48}],"player_experience":135161,"relics_obtained":[{"floor":6,"key":"Orichalcum"},{"floor":9,"key":"Bronze Scales"},{"floor":11,"key":"Pear"},{"floor":17,"key":"Mango"},{"floor":17,"key":"Frozen Egg 2"},{"floor":17,"key":"War Paint"},{"floor":24,"key":"Bag of Preparation"},{"floor":26,"key":"Omamori"},{"floor":41,"key":"Incense Burner"},{"floor":43,"key":"Mummified Hand"},{"floor":47,"key":"Regal Pillow"}],"event_choices":[{"damage_healed":0,"gold_gain":0,"player_choice":"Success","damage_taken":18,"relics_obtained":["MawBank"],"max_hp_gain":0,"max_hp_loss":0,"event_name":"Scrap Ooze","floor":2,"gold_loss":0},{"cards_removed":["Injury"],"damage_healed":0,"gold_gain":0,"player_choice":"Card Removal","damage_taken":0,"max_hp_gain":0,"max_hp_loss":0,"event_name":"The Cleric","floor":3,"gold_loss":50},{"damage_healed":0,"gold_gain":0,"player_choice":"Searched \u00273\u0027 times","damage_taken":0,"relics_obtained":["Boot"],"max_hp_gain":0,"max_hp_loss":0,"event_name":"Dead Adventurer","floor":8,"gold_loss":0},{"cards_removed":["Shame"],"damage_healed":0,"gold_gain":0,"player_choice":"Elegance","damage_taken":0,"max_hp_gain":0,"max_hp_loss":0,"event_name":"Back to Basics","floor":19,"gold_loss":0},{"damage_healed":0,"gold_gain":0,"player_choice":"Copied","damage_taken":0,"max_hp_gain":0,"max_hp_loss":0,"event_name":"Duplicator","floor":20,"gold_loss":0,"cards_obtained":["Heavy Blade"]},{"damage_healed":0,"gold_gain":0,"player_choice":"Obtained Relic","damage_taken":0,"relics_obtained":["Anchor"],"max_hp_gain":0,"max_hp_loss":0,"event_name":"Addict","floor":22,"gold_loss":85},{"cards_removed":["Shame"],"damage_healed":0,"gold_gain":0,"player_choice":"Offered Curse","damage_taken":0,"relics_obtained":["Spirit Poop"],"max_hp_gain":0,"max_hp_loss":0,"event_name":"Bonfire Elementals","floor":25,"gold_loss":0},{"damage_healed":0,"gold_gain":0,"player_choice":"Read","damage_taken":0,"max_hp_gain":0,"max_hp_loss":0,"event_name":"The Library","floor":28,"gold_loss":0,"cards_obtained":["Flame Barrier"]},{"cards_removed":["Strike_R"],"damage_healed":0,"gold_gain":0,"player_choice":"Removed Attack","damage_taken":0,"max_hp_gain":0,"max_hp_loss":0,"event_name":"Falling","floor":36,"gold_loss":0},{"damage_healed":0,"gold_gain":999,"player_choice":"Gold","damage_taken":0,"max_hp_gain":0,"max_hp_loss":0,"event_name":"MindBloom","floor":38,"gold_loss":0,"cards_obtained":["Normality","Normality"]},{"damage_healed":26,"gold_gain":0,"player_choice":"Writhe","damage_taken":0,"max_hp_gain":0,"max_hp_loss":0,"event_name":"Winding Halls","floor":42,"gold_loss":0,"cards_obtained":["Writhe"]},{"damage_healed":0,"gold_gain":0,"player_choice":"Memory 1","damage_taken":0,"max_hp_gain":0,"max_hp_loss":0,"event_name":"SensoryStone","floor":45,"gold_loss":0}],"is_beta":false,"boss_relics":[{"not_picked":["Ectoplasm","Runic Pyramid"],"picked":"Calling Bell"},{"not_picked":["Tiny House","Runic Cube"],"picked":"Cursed Key"}],"items_purged_floors":[10,31,37,46],"is_endless":false,"potions_floor_spawned":[6,8,11,16,18,24,30,41,44],"ascension_level":1}