{"gold_per_floor":[116,116,140,140,215,215,215,248,248,263,281,246,246,3,3,129,129,69,84,84],"floor_reached":20,"playtime":1642,"items_purged":[],"score":179,"play_id":"a32e3821-cefb-4135-9933-6dce0c361eae","local_time":"20181113031842","is_ascension_mode":true,"campfire_choices":[{"floor":6,"key":"REST"},{"floor":13,"key":"REST"},{"data":"After Image","floor":15,"key":"SMITH"}],"neow_cost":"NONE","seed_source_timestamp":476325915682018,"circlet_count":0,"master_deck":["Defend_G","Defend_G","Defend_G","Defend_G","Defend_G","Strike_G","Strike_G","Strike_G","Strike_G","Strike_G","Survivor","Neutralize","Dodge and Roll","Injury","Leg Sweep","After Image+1","Leg Sweep","Dodge and Roll","Good Instincts","Night Terror","Dash+1","Deadly Poison"],"relics":["Ring of the Snake","Orichalcum","Golden Idol","Boot","NlothsMask","Lantern","PreservedInsect"],"potions_floor_usage":[16,16,16,20,20],"damage_taken":[{"damage":0,"enemies":"2 Louse","floor":1,"turns":4},{"damage":0,"enemies":"Small Slimes","floor":3,"turns":5},{"damage":30,"enemies":"3 Sentries","floor":8,"turns":19},{"damage":4,"enemies":"Cultist","floor":10,"turns":5},{"damage":0,"enemies":"Blue Slaver","floor":11,"turns":7},{"damage":36,"enemies":"The Guardian","floor":16,"turns":26},{"damage":0,"enemies":"2 Thieves","floor":18,"turns":4},{"damage":4,"enemies":"3 Byrds","floor":19,"turns":11},{"damage":73,"enemies":"3 Cultists","floor":20,"turns":8}],"seed_played":"8786781736852074837","potions_obtained":[{"floor":3,"key":"GhostInAJar"},{"floor":8,"key":"Weak Potion"},{"floor":10,"key":"Ancient Potion"},{"floor":11,"key":"LiquidBronze"},{"floor":16,"key":"EssenceOfSteel"},{"floor":19,"key":"Poison Potion"}],"is_trial":false,"path_per_floor":["M","?","M","?","?","R","?","E","T","M","M","?","R","$","R","B",null,"M","M","M"],"character_chosen":"THE_SILENT","items_purchased":["PreservedInsect","Good Instincts"],"campfire_rested":2,"item_purchase_floors":[14,14],"current_hp_per_floor":[70,70,70,45,34,55,55,25,25,21,21,38,59,59,59,23,70,70,66,0],"gold":84,"neow_bonus":"RANDOM_COMMON_RELIC","is_prod":false,"is_daily":false,"chose_seed":false,"campfire_upgraded":1,"win_rate":0,"timestamp":1542107922,"path_taken":["M","?","M","?","?","R","?","E","T","M","?","?","R","$","R","BOSS","M","M","M"],"build_version":"2018-11-08","purchased_purges":0,"victory":false,"max_hp_per_floor":[70,70,70,70,70,70,70,70,70,70,70,70,70,70,70,70,70,70,70,70],"card_choices":[{"not_picked":["Flying Knee","Deadly Poison"],"picked":"Dodge and Roll","floor":1},{"not_picked":["Acrobatics","Blade Dance"],"picked":"Leg Sweep","floor":3},{"not_picked":["Sucker Punch","Finisher"],"picked":"After Image","floor":8},{"not_picked":["Slice","Skewer"],"picked":"Leg Sweep","floor":10},{"not_picked":["Tactician","Distraction"],"picked":"Dodge and Roll","floor":11},{"not_picked":["Doppelganger","Envenom"],"picked":"Night Terror","floor":16},{"not_picked":["Acrobatics+1","Underhanded Strike"],"picked":"Dash+1","floor":18},{"not_picked":["Bane","Slice"],"picked":"Deadly Poison","floor":19}],"player_experience":31807,"relics_obtained":[{"floor":8,"key":"Lantern"}],"event_choices":[{"damage_healed":0,"gold_gain":0,"player_choice":"Take Wound","damage_taken":0,"relics_obtained":["Golden Idol"],"max_hp_gain":0,"max_hp_loss":0,"event_name":"Golden Idol","floor":2,"gold_loss":0,"cards_obtained":["Injury"]},{"damage_healed":0,"gold_gain":0,"player_choice":"Success","damage_taken":25,"relics_obtained":["Boot"],"max_hp_gain":0,"max_hp_loss":0,"event_name":"Scrap Ooze","floor":4,"gold_loss":0},{"damage_healed":0,"gold_gain":75,"player_choice":"Gather Gold","damage_taken":11,"max_hp_gain":0,"max_hp_loss":0,"event_name":"World of Goop","floor":5,"gold_loss":0},{"damage_healed":0,"gold_gain":0,"player_choice":"Trade","damage_taken":0,"relics_obtained":["NlothsMask"],"max_hp_gain":0,"max_hp_loss":0,"event_name":"FaceTrader","floor":7,"gold_loss":0},{"damage_healed":17,"gold_gain":0,"player_choice":"Healed","damage_taken":0,"max_hp_gain":0,"max_hp_loss":0,"event_name":"The Cleric","floor":12,"gold_loss":35}],"is_beta":false,"boss_relics":[{"not_picked":["Ring of the Serpent","Busted Crown","Cursed Key"]}],"items_purged_floors":[],"is_endless":false,"potions_floor_spawned":[3,8,10,11,16,19],"killed_by":"3 Cultists","ascension_level":1}