{"gold_per_floor":[119,119,119,44,58,58,118,133,157,157,79,99,424,441,441,515,515,425,246,161,161,171,171,205,205],"floor_reached":25,"playtime":1554,"items_purged":["Strike_B","Strike_B"],"score":409,"play_id":"0d2349f8-844b-4ff6-bfe4-21a0a52a08ba","local_time":"20190131203445","is_ascension_mode":true,"campfire_choices":[{"data":"Zap","floor":6.0,"key":"SMITH"},{"floor":10.0,"key":"REST"},{"floor":15.0,"key":"REST"},{"floor":23.0,"key":"REST"}],"neow_cost":"NONE","seed_source_timestamp":1481192711398189,"circlet_count":0,"master_deck":["AscendersBane","Strike_B","Defend_B","Defend_B","Defend_B","Defend_B","Zap+1","Dualcast","Loop+1","BootSequence","Defragment","Coolheaded","Echo Form","Loop","Zap","Doom and Gloom","Auto Shields"],"special_seed":0,"relics":["Cracked Core","Art of War","Tiny Chest","Ancient Tea Set","Old Coin","Inserter","Incense Burner","Mercury Hourglass"],"potions_floor_usage":[],"damage_taken":[{"damage":12.0,"enemies":"Small Slimes","floor":1.0,"turns":3.0},{"damage":2.0,"enemies":"Jaw Worm","floor":5.0,"turns":3.0},{"damage":15.0,"enemies":"Lagavulin","floor":7.0,"turns":4.0},{"damage":0.0,"enemies":"2 Louse","floor":8.0,"turns":3.0},{"damage":2.0,"enemies":"Lots of Slimes","floor":12.0,"turns":3.0},{"damage":40.0,"enemies":"3 Sentries","floor":13.0,"turns":8.0},{"damage":3.0,"enemies":"Exordium Wildlife","floor":14.0,"turns":3.0},{"damage":11.0,"enemies":"The Guardian","floor":16.0,"turns":16.0},{"damage":20.0,"enemies":"2 Thieves","floor":18.0,"turns":5.0},{"damage":17.0,"enemies":"Spheric Guardian","floor":22.0,"turns":5.0},{"damage":40,"enemies":"Slavers","floor":24,"turns":7},{"damage":4,"enemies":"Shelled Parasite and Fungi","floor":25,"turns":2}],"seed_played":"391080381870932337","potions_obtained":[{"floor":1.0,"key":"Poison Potion"},{"floor":5.0,"key":"PowerPotion"},{"floor":7.0,"key":"SpeedPotion"},{"floor":8.0,"key":"Swift Potion"},{"floor":13.0,"key":"Block Potion"},{"floor":24,"key":"Ancient Potion"}],"is_trial":false,"path_per_floor":["M","?","?","$","M","R","E","M","T","R","$","M","E","M","R","B",null,"M","$","?","?","M","R","E","M"],"character_chosen":"DEFECT","items_purchased":["Defragment","Loop"],"campfire_rested":3,"item_purchase_floors":[11,19],"current_hp_per_floor":[52,45,45,45,43,43,28,28,28,49,49,47,7,4,25,14,57,37,37,37,37,20,41,1,0],"gold":205,"neow_bonus":"RANDOM_COMMON_RELIC","is_prod":false,"is_daily":false,"chose_seed":false,"campfire_upgraded":1,"win_rate":0,"timestamp":1548988485,"path_taken":["M","?","?","$","M","R","E","M","T","R","?","M","E","M","R","BOSS","M","$","?","?","M","R","E","M"],"build_version":"2019-01-23","purchased_purges":2,"victory":false,"max_hp_per_floor":[71,71,71,71,71,71,71,71,71,71,71,71,71,71,71,71,71,71,71,71,71,71,71,71,71],"card_choices":[{"not_picked":["Heatsinks","Doom and Gloom"],"picked":"Loop","floor":1.0},{"not_picked":["Rebound","Streamline","Compile Driver"],"picked":"SKIP","floor":5.0},{"not_picked":["Hologram","Static Discharge"],"picked":"BootSequence","floor":7.0},{"not_picked":["Meteor Strike","Sweeping Beam","Go for the Eyes"],"picked":"SKIP","floor":8.0},{"not_picked":["Fusion","Doom and Gloom","Coolheaded"],"picked":"SKIP","floor":12.0},{"not_picked":["Barrage","Blizzard","Aggregate"],"picked":"SKIP","floor":13.0},{"not_picked":["Blizzard","Cold Snap"],"picked":"Coolheaded","floor":14.0},{"not_picked":["Thunder Strike","Machine Learning"],"picked":"Echo Form","floor":16.0},{"not_picked":["Compile Driver+1","Capacitor","Heatsinks"],"picked":"SKIP","floor":18.0},{"not_picked":["Conserve Battery+1","Leap"],"picked":"Doom and Gloom","floor":22.0},{"not_picked":["Cold Snap","Barrage"],"picked":"Auto Shields","floor":24}],"player_experience":671610,"relics_obtained":[{"floor":7.0,"key":"Tiny Chest"},{"floor":9.0,"key":"Ancient Tea Set"},{"floor":13.0,"key":"Old Coin"},{"floor":24,"key":"Mercury Hourglass"}],"event_choices":[{"cards_removed":["Strike_B"],"damage_healed":0.0,"max_hp_gain":0.0,"max_hp_loss":0.0,"gold_gain":0.0,"event_name":"Golden Wing","player_choice":"Card Removal","floor":2.0,"gold_loss":0.0,"damage_taken":7.0},{"damage_healed":0.0,"max_hp_gain":0.0,"max_hp_loss":0.0,"gold_gain":0.0,"event_name":"Living Wall","player_choice":"Grow","floor":3.0,"gold_loss":0.0,"damage_taken":0.0,"cards_upgraded":["Loop"]},{"damage_healed":0.0,"max_hp_gain":0.0,"max_hp_loss":0.0,"gold_gain":0.0,"event_name":"Addict","player_choice":"Obtained Relic","floor":20.0,"gold_loss":85.0,"damage_taken":0.0,"relics_obtained":["Incense Burner"]},{"damage_healed":0.0,"max_hp_gain":0.0,"max_hp_loss":0.0,"gold_gain":0.0,"event_name":"Match and Keep!","player_choice":"1 cards matched","floor":21.0,"gold_loss":0.0,"damage_taken":0.0,"cards_obtained":["Zap"]}],"is_beta":false,"boss_relics":[{"not_picked":["Snecko Eye","Eternal Feather"],"picked":"Inserter"}],"items_purged_floors":[4,19],"is_endless":false,"potions_floor_spawned":[1,5,7,8,13,24],"killed_by":"Shelled Parasite and Fungi","ascension_level":16}