{"gold_per_floor":[119,136,311,328,61,86,86,86,113,124,124,24,41,55,55,158,158,176,176,376,343,360,360,377,11,85,105,105,117,117,133,133,235,235,254,272,242,242,252,252,265,265,292,324,336,348,360,22,22,22],"floor_reached":50,"playtime":7086,"items_purged":["Doubt","Defend_G","Defend_G","Strike_G"],"score":471,"play_id":"92bfdef9-5a98-4985-8ab0-397945b59871","local_time":"20180727200511","is_ascension_mode":false,"campfire_choices":[{"floor":11.0,"key":"REST"},{"floor":15.0,"key":"REST"},{"data":"Tools of the Trade","floor":23,"key":"SMITH"},{"floor":28,"key":"REST"},{"data":"Choke","floor":30,"key":"SMITH"},{"floor":32,"key":"REST"},{"floor":40,"key":"REST"},{"floor":42,"key":"REST"},{"data":"Prepared","floor":47,"key":"SMITH"},{"data":"Apotheosis","floor":49,"key":"SMITH"}],"neow_cost":"NONE","seed_source_timestamp":0,"circlet_count":0,"master_deck":["Defend_G","Defend_G","Defend_G","Strike_G","Survivor","Neutralize","Choke+1","Predator","Backflip","Tools of the Trade+1","Reflex","After Image","Outmaneuver","Footwork","Infinite Blades","Adrenaline","Prepared+1","Infinite Blades+1","Finesse","Blade Dance","Prepared","Finisher","Tactician+1","Underhanded Strike+1","Doubt","Apotheosis+1"],"special_seed":0,"relics":["Ring of the Snake","Lantern","Juzu Bracelet","Eternal Feather","Strawberry","Dodecahedron","HoveringKite","MawBank"],"potions_floor_usage":[22,33,33,33,41,50,50],"damage_taken":[{"damage":3.0,"enemies":"Small Slimes","floor":1.0,"turns":3.0},{"damage":0.0,"enemies":"2 Louse","floor":2.0,"turns":2.0},{"damage":0.0,"enemies":"Jaw Worm","floor":4.0,"turns":4.0},{"damage":25.0,"enemies":"3 Sentries","floor":6.0,"turns":9.0},{"damage":1.0,"enemies":"Looter","floor":10.0,"turns":4.0},{"damage":6.0,"enemies":"Blue Slaver","floor":13.0,"turns":5.0},{"damage":3.0,"enemies":"Gremlin Gang","floor":14.0,"turns":7.0},{"damage":46.0,"enemies":"Hexaghost","floor":16.0,"turns":15.0},{"damage":7.0,"enemies":"Shell Parasite","floor":18.0,"turns":9.0},{"damage":16,"enemies":"2 Thieves","floor":21,"turns":5},{"damage":14,"enemies":"Centurion and Healer","floor":22,"turns":12},{"damage":25,"enemies":"Sentry and Sphere","floor":24,"turns":6},{"damage":2,"enemies":"Chosen and Byrds","floor":27,"turns":7},{"damage":8,"enemies":"Centurion and Healer","floor":29,"turns":7},{"damage":21,"enemies":"Slaver and Parasite","floor":31,"turns":5},{"damage":55,"enemies":"Collector","floor":33,"turns":10},{"damage":5,"enemies":"3 Darklings","floor":35,"turns":9},{"damage":22,"enemies":"Orb Walker","floor":36,"turns":5},{"damage":24,"enemies":"Spire Growth","floor":39,"turns":5},{"damage":26,"enemies":"Maw","floor":41,"turns":9},{"damage":32,"enemies":"3 Darklings","floor":44,"turns":9},{"damage":108,"enemies":"Awakened One","floor":50,"turns":5}],"seed_played":"-5163551231843096048","potions_obtained":[{"floor":10.0,"key":"GamblersBrew"},{"floor":13.0,"key":"SkillPotion"},{"floor":14.0,"key":"Block Potion"},{"floor":16.0,"key":"Fire Potion"},{"floor":19,"key":"Strength Potion"},{"floor":22,"key":"SkillPotion"},{"floor":36,"key":"Ancient Potion"},{"floor":37,"key":"Poison Potion"},{"floor":37,"key":"Regen Potion"},{"floor":39,"key":"Dexterity Potion"},{"floor":44,"key":"Regen Potion"}],"is_trial":false,"path_per_floor":["M","M","?","M","$","E","?","?","T","M","R","$","M","M","R","B",null,"M","?","?","M","M","R","M","$","T","M","R","M","R","M","R","B",null,"M","M","?","?","M","R","M","R","T","M","?","?","R","$","R"],"character_chosen":"THE_SILENT","items_purchased":["Tools of the Trade","Reflex","Finesse","Strawberry","Apotheosis"],"campfire_rested":6,"item_purchase_floors":[5,5,25,25,48],"current_hp_per_floor":[67,67,67,67,67,42,30,30,30,29,50,50,44,41,62,16,70,63,63,63,47,33,45,20,27,27,25,60,52,64,43,77,22,77,72,50,50,50,26,64,38,76,76,44,77,77,77,77,77,0],"gold":22,"neow_bonus":"TRANSFORM_CARD","is_prod":false,"is_daily":false,"chose_seed":false,"campfire_upgraded":4,"win_rate":0.0,"timestamp":1532693111,"path_taken":["M","M","?","M","$","E","?","?","T","M","R","?","M","M","R","BOSS","M","?","?","M","M","R","M","$","T","M","R","M","R","M","R","BOSS","M","M","?","?","M","R","M","R","T","M","?","?","R","$","R","BOSS"],"build_version":"2018-07-26","purchased_purges":4,"victory":false,"max_hp_per_floor":[70,70,70,70,70,70,70,70,70,70,70,70,70,70,70,70,70,70,70,70,70,70,70,70,77,77,77,77,77,77,77,77,77,77,77,77,77,77,77,77,77,77,77,77,77,77,77,77,77,77],"card_choices":[{"not_picked":["PiercingWail","Bane"],"picked":"Predator","floor":1.0},{"not_picked":["Calculated Gamble","Deflect","Sucker Punch"],"picked":"SKIP","floor":2.0},{"not_picked":["Prepared","Dagger Spray"],"picked":"Backflip","floor":4.0},{"not_picked":["Deflect","Eviscerate"],"picked":"After Image","floor":6.0},{"not_picked":["Poisoned Stab","Sucker Punch"],"picked":"Outmaneuver","floor":10.0},{"not_picked":["Masterful Stab","Endless Agony"],"picked":"Footwork","floor":13.0},{"not_picked":["Crippling Poison","Flying Knee"],"picked":"Infinite Blades","floor":14.0},{"not_picked":["Doppelganger","Unload"],"picked":"Adrenaline","floor":16.0},{"not_picked":["Blur","Riddle With Holes"],"picked":"Prepared","floor":18},{"not_picked":["Deflect","Crippling Poison+1","Leg Sweep"],"picked":"SKIP","floor":21},{"not_picked":["Expertise+1","Quick Slash","Bane"],"picked":"SKIP","floor":22},{"not_picked":["Outmaneuver+1","Bane"],"picked":"Infinite Blades+1","floor":24},{"not_picked":["Sucker Punch+1","Bane+1"],"picked":"Blade Dance","floor":27},{"not_picked":["Predator+1","Quick Slash"],"picked":"Prepared","floor":29},{"not_picked":["Dodge and Roll+1","Masterful Stab","Endless Agony+1"],"picked":"SKIP","floor":31},{"not_picked":["Masterful Stab","PiercingWail","Predator+1"],"picked":"SKIP","floor":35},{"not_picked":["Outmaneuver+1","PiercingWail"],"picked":"Finisher","floor":36},{"not_picked":["Caltrops+1","Outmaneuver+1"],"picked":"Tactician+1","floor":39},{"not_picked":["Backflip","Outmaneuver","Bouncing Flask+1"],"picked":"SKIP","floor":41},{"not_picked":["Blade Dance","PiercingWail+1"],"picked":"Underhanded Strike+1","floor":44}],"player_experience":89161,"relics_obtained":[{"floor":6.0,"key":"Lantern"},{"floor":9.0,"key":"Juzu Bracelet"},{"floor":26,"key":"Dodecahedron"},{"floor":43,"key":"MawBank"}],"event_choices":[{"event_name":"Liars Game","player_choice":"agreed","floor":3.0,"damage_taken":0.0},{"event_name":"Scrap Ooze","player_choice":"unsuccessful","floor":7.0,"damage_taken":12.0},{"event_name":"Living Wall","player_choice":"Forget","floor":8.0,"damage_taken":0.0},{"event_name":"The Lab","player_choice":"Got Potions","floor":19,"damage_taken":0},{"event_name":"Wheel of Change","player_choice":"Gold","floor":20,"damage_taken":0},{"event_name":"The Woman in Blue","player_choice":"Bought 2 Potions","floor":37,"damage_taken":0},{"event_name":"Mysterious Sphere","player_choice":"Ignore","floor":38,"damage_taken":0},{"event_name":"MindBloom","player_choice":"Heal","floor":45,"damage_taken":0},{"event_name":"Falling","player_choice":"Removed Attack","floor":46,"damage_taken":0}],"is_beta":false,"boss_relics":[{"not_picked":["Orrery","Coffee Dripper"],"picked":"Eternal Feather"},{"not_picked":["Velvet Choker","Runic Dome"],"picked":"HoveringKite"}],"items_purged_floors":[5,12,25,48],"is_endless":false,"potions_floor_spawned":[10,13,14,16,18,21,22,36,39,44],"killed_by":"Awakened One","ascension_level":0}