{"gold_per_floor":[119,12,12,29,29,94,108,136,162,197,211,211,241,255,255,355,355,374,384,384,384,384,384,396,396,396,410,410,44,44,57,57,57],"floor_reached":33,"playtime":1243,"items_purged":[],"score":460,"play_id":"8f229d49-1ab7-40a0-bdb1-2981bf63bc45","local_time":"20190127131609","is_ascension_mode":true,"campfire_choices":[{"floor":12.0,"key":"REST"},{"floor":15.0,"key":"REST"},{"floor":23.0,"key":"REST"},{"data":"Neutralize","floor":25.0,"key":"SMITH"},{"floor":28.0,"key":"REST"},{"data":"Neutralize","floor":32.0,"key":"SMITH"}],"neow_cost":"NONE","seed_source_timestamp":0,"circlet_count":0,"master_deck":["AscendersBane","Defend_G","Defend_G","Defend_G","Defend_G","Defend_G","Strike_G","Strike_G","Strike_G","Strike_G","Strike_G","Survivor","Neutralize+1","Backflip","Deadly Poison","Noxious Fumes","Backflip","Deadly Poison","Deadly Poison","Backflip","Corpse Explosion","Backflip","Dash","Neutralize+1","PiercingWail+1","Caltrops+1","Crippling Poison"],"special_seed":0,"relics":["Ring of the Snake","NeowsBlessing","Orichalcum","Tiny Chest","Omamori","Juzu Bracelet","Letter Opener","Frozen Egg 2","Philosopher\u0027s Stone","MutagenicStrength","Bottled Flame","Lee\u0027s Waffle","Gambling Chip"],"potions_floor_usage":[33,33,33],"damage_taken":[{"damage":0.0,"enemies":"2 Louse","floor":1.0,"turns":1.0},{"damage":0.0,"enemies":"Small Slimes","floor":4.0,"turns":1.0},{"damage":0.0,"enemies":"3 Sentries","floor":6.0,"turns":1.0},{"damage":2.0,"enemies":"Jaw Worm","floor":7.0,"turns":5.0},{"damage":12.0,"enemies":"Gremlin Nob","floor":8.0,"turns":5.0},{"damage":21.0,"enemies":"Lagavulin","floor":10.0,"turns":7.0},{"damage":4.0,"enemies":"2 Fungi Beasts","floor":11.0,"turns":3.0},{"damage":0.0,"enemies":"Lots of Slimes","floor":14.0,"turns":2.0},{"damage":31.0,"enemies":"Hexaghost","floor":16.0,"turns":9.0},{"damage":34.0,"enemies":"2 Thieves","floor":18.0,"turns":3.0},{"damage":6.0,"enemies":"3 Byrds","floor":19.0,"turns":2.0},{"damage":1.0,"enemies":"3 Cultists","floor":24.0,"turns":3.0},{"damage":2.0,"enemies":"Chosen and Byrds","floor":27.0,"turns":6.0},{"damage":26.0,"enemies":"Sentry and Sphere","floor":31.0,"turns":6.0},{"damage":67,"enemies":"Collector","floor":33,"turns":6}],"seed_played":"4575014674734434245","potions_obtained":[{"floor":1.0,"key":"Ancient Potion"},{"floor":6.0,"key":"SneckoOil"},{"floor":8.0,"key":"PowerPotion"},{"floor":11.0,"key":"Explosive Potion"},{"floor":19.0,"key":"Dexterity Potion"}],"is_trial":false,"path_per_floor":["M","$","?","M","?","E","M","E","T","E","M","R","?","M","R","B",null,"M","M","?","?","?","R","M","R","T","M","R","$","?","M","R","B"],"character_chosen":"THE_SILENT","items_purchased":["Deadly Poison","Noxious Fumes","Caltrops+1","Lee\u0027s Waffle","Crippling Poison","PowerPotion"],"campfire_rested":4,"item_purchase_floors":[2,2,29,29,29,29],"current_hp_per_floor":[63,63,63,63,56,56,54,42,42,21,17,38,38,38,59,28,60,26,20,20,20,20,41,40,40,40,38,59,77,77,51,51,0],"gold":57,"neow_bonus":"THREE_ENEMY_KILL","is_prod":false,"is_daily":false,"chose_seed":false,"campfire_upgraded":2,"win_rate":0,"timestamp":1548623769,"path_taken":["M","$","?","M","?","E","M","E","T","E","M","R","?","M","R","BOSS","M","M","?","?","?","R","M","R","T","M","R","$","?","M","R","BOSS"],"build_version":"2019-01-23","purchased_purges":0,"victory":false,"max_hp_per_floor":[70,70,70,70,70,70,70,70,70,70,70,70,70,70,70,70,70,70,70,70,70,70,70,70,70,70,70,70,77,77,77,77,77],"card_choices":[{"not_picked":["Noxious Fumes","Dagger Throw"],"picked":"Backflip","floor":1.0},{"not_picked":["Infinite Blades","Flying Knee","Choke"],"picked":"SKIP","floor":4.0},{"not_picked":["Flying Knee","Dagger Throw"],"picked":"Backflip","floor":6.0},{"not_picked":["Slice","PiercingWail","Flying Knee"],"picked":"SKIP","floor":7.0},{"not_picked":["Quick Slash","Footwork","Slice"],"picked":"SKIP","floor":8.0},{"not_picked":["Cloak And Dagger","Adrenaline"],"picked":"Deadly Poison","floor":10.0},{"not_picked":["Acrobatics","Sucker Punch"],"picked":"Deadly Poison","floor":11.0},{"not_picked":["Underhanded Strike","Skewer"],"picked":"Backflip","floor":14.0},{"not_picked":["Burst","Envenom+1"],"picked":"Corpse Explosion","floor":16.0},{"not_picked":["Outmaneuver+1","Quick Slash"],"picked":"Backflip","floor":18.0},{"not_picked":["Dagger Spray","Cloak And Dagger"],"picked":"Dash","floor":19.0},{"not_picked":["Outmaneuver","Poisoned Stab"],"picked":"PiercingWail+1","floor":24.0},{"not_picked":["All Out Attack","Riddle With Holes","Flying Knee+1"],"picked":"SKIP","floor":27.0},{"not_picked":["Slice","Backflip","Deadly Poison"],"picked":"SKIP","floor":31.0}],"player_experience":387478,"relics_obtained":[{"floor":6.0,"key":"Tiny Chest"},{"floor":8.0,"key":"Omamori"},{"floor":9.0,"key":"Juzu Bracelet"},{"floor":10.0,"key":"Letter Opener"},{"floor":26.0,"key":"Bottled Flame"}],"event_choices":[{"damage_healed":0.0,"max_hp_gain":0.0,"max_hp_loss":0.0,"gold_gain":0.0,"event_name":"The Cleric","player_choice":"Leave","floor":3.0,"gold_loss":0.0,"damage_taken":0.0},{"damage_healed":0.0,"max_hp_gain":0.0,"max_hp_loss":0.0,"gold_gain":0.0,"event_name":"Scrap Ooze","player_choice":"Success","floor":5.0,"gold_loss":0.0,"damage_taken":7.0,"relics_obtained":["Orichalcum"]},{"damage_healed":0.0,"max_hp_gain":0.0,"max_hp_loss":0.0,"gold_gain":30.0,"event_name":"Dead Adventurer","player_choice":"Searched \u00272\u0027 times","floor":13.0,"gold_loss":0.0,"damage_taken":0.0,"relics_obtained":["Frozen Egg 2"]},{"damage_healed":0.0,"max_hp_gain":0.0,"max_hp_loss":0.0,"gold_gain":0.0,"event_name":"Vampires","player_choice":"Ignored","floor":20.0,"gold_loss":0.0,"damage_taken":0.0},{"damage_healed":0.0,"max_hp_gain":0.0,"max_hp_loss":0.0,"gold_gain":0.0,"event_name":"Match and Keep!","player_choice":"1 cards matched","floor":21.0,"gold_loss":0.0,"damage_taken":0.0,"cards_obtained":["Neutralize"]},{"damage_healed":0.0,"max_hp_gain":0.0,"max_hp_loss":0.0,"gold_gain":0.0,"event_name":"Drug Dealer","player_choice":"Inject Mutagens","floor":22.0,"gold_loss":0.0,"damage_taken":0.0,"relics_obtained":["MutagenicStrength"]},{"damage_healed":0.0,"max_hp_gain":0.0,"max_hp_loss":0.0,"gold_gain":0.0,"event_name":"The Mausoleum","player_choice":"Opened","floor":30.0,"gold_loss":0.0,"damage_taken":0.0,"relics_obtained":["Gambling Chip"],"cards_obtained":["Writhe"]}],"is_beta":false,"boss_relics":[{"not_picked":["Black Star","Empty Cage"],"picked":"Philosopher\u0027s Stone"}],"items_purged_floors":[],"is_endless":false,"potions_floor_spawned":[1,6,8,11,19,31],"killed_by":"Collector","ascension_level":10}