{"gold_per_floor":[118,118,118,137,13,13,48,69,69,100,125,125],"floor_reached":12,"playtime":820,"items_purged":["Injury"],"score":119,"play_id":"b5ba80de-53dd-4e64-9a07-350b0d8ad4d1","local_time":"20190101234750","is_ascension_mode":true,"campfire_choices":[{"data":"Footwork","floor":6.0,"key":"SMITH"}],"neow_cost":"NONE","seed_source_timestamp":1120832697029861,"circlet_count":0,"master_deck":["Defend_G","Defend_G","Defend_G","Defend_G","Defend_G","Strike_G","Strike_G","Strike_G","Strike_G","Strike_G","Survivor","Neutralize","Footwork+1","All Out Attack","Cloak And Dagger","Backflip"],"special_seed":0,"relics":["Ring of the Snake","Golden Idol","Calipers","Lantern","Thread and Needle","Oddly Smooth Stone"],"potions_floor_usage":[12],"damage_taken":[{"damage":0.0,"enemies":"Small Slimes","floor":1.0,"turns":4.0},{"damage":0.0,"enemies":"2 Louse","floor":4.0,"turns":2.0},{"damage":48.0,"enemies":"Lagavulin","floor":7.0,"turns":13.0},{"damage":0.0,"enemies":"Cultist","floor":8.0,"turns":5.0},{"damage":1.0,"enemies":"3 Sentries","floor":10.0,"turns":8.0},{"damage":0.0,"enemies":"3 Louse","floor":11.0,"turns":2.0},{"damage":10,"enemies":"Gremlin Nob","floor":12,"turns":5}],"seed_played":"8396118572452852328","potions_obtained":[{"floor":0.0,"key":"Energy Potion"},{"floor":0.0,"key":"AttackPotion"},{"floor":0.0,"key":"Explosive Potion"},{"floor":8.0,"key":"SkillPotion"},{"floor":11.0,"key":"FearPotion"}],"is_trial":false,"path_per_floor":["M","?","?","M","$","R","E","M","T","E","M","E"],"character_chosen":"THE_SILENT","items_purchased":["Fire Potion"],"campfire_rested":0,"item_purchase_floors":[5],"current_hp_per_floor":[63,63,63,63,63,63,15,15,15,14,14,4],"gold":125,"neow_bonus":"THREE_SMALL_POTIONS","is_prod":false,"is_daily":false,"chose_seed":false,"campfire_upgraded":1,"win_rate":0,"timestamp":1546415270,"path_taken":["M","?","?","?","$","R","E","M","T","E","M","E"],"build_version":"2018-12-20","purchased_purges":1,"victory":false,"max_hp_per_floor":[70,70,70,70,70,70,70,70,70,70,70,70],"card_choices":[{"not_picked":["Quick Slash","Outmaneuver"],"picked":"Footwork","floor":1.0},{"not_picked":["Quick Slash","Blade Dance"],"picked":"All Out Attack","floor":4.0},{"not_picked":["Blade Dance","Corpse Explosion"],"picked":"Cloak And Dagger","floor":7.0},{"not_picked":["Underhanded Strike","Quick Slash","Concentrate"],"picked":"SKIP","floor":8.0},{"not_picked":["Poisoned Stab","Well Laid Plans","Deflect"],"picked":"SKIP","floor":10.0},{"not_picked":["Distraction","Terror"],"picked":"Backflip","floor":11.0}],"player_experience":254823,"relics_obtained":[{"floor":7.0,"key":"Lantern"},{"floor":9.0,"key":"Thread and Needle"},{"floor":10.0,"key":"Oddly Smooth Stone"}],"event_choices":[{"damage_healed":0.0,"max_hp_gain":0.0,"max_hp_loss":0.0,"gold_gain":0.0,"event_name":"Golden Idol","player_choice":"Take Wound","floor":2.0,"gold_loss":0.0,"damage_taken":0.0,"relics_obtained":["Golden Idol"],"cards_obtained":["Injury"]},{"damage_healed":0.0,"max_hp_gain":0.0,"max_hp_loss":0.0,"gold_gain":0.0,"event_name":"WeMeetAgain","player_choice":"Gave Potion","floor":3.0,"gold_loss":0.0,"damage_taken":0.0,"relics_obtained":["Calipers"]}],"is_beta":false,"boss_relics":[],"items_purged_floors":[5],"is_endless":false,"potions_floor_spawned":[8,11],"killed_by":"Gremlin Nob","ascension_level":7}