{"gold_per_floor":[118,118,171,191,208,208,228,239,289,289,304,304,233,250,250,353,403,422,81,81,98,123,123,123,135,161,161,82,112,112],"floor_reached":30,"playtime":685,"items_purged":[],"score":265,"play_id":"3d580fb8-d8fa-4621-a9cf-577c841baec3","local_time":"20190114043249","is_ascension_mode":false,"campfire_choices":[{"data":"Static Discharge","floor":6,"key":"SMITH"},{"floor":10,"key":"REST"},{"floor":12,"key":"REST"},{"floor":15,"key":"REST"},{"floor":23,"key":"REST"},{"data":"Static Discharge","floor":27,"key":"SMITH"}],"neow_cost":"NONE","seed_source_timestamp":317761236173123,"circlet_count":0,"master_deck":["Strike_B","Strike_B","Strike_B+1","Strike_B","Defend_B+1","Defend_B","Defend_B","Defend_B+1","Zap","Dualcast","Gash","Static Discharge+1","Rip and Tear","White Noise","Static Discharge","Static Discharge+1","Seek","All For One","Leap","Defragment","Ball Lightning","Capacitor","Conserve Battery"],"relics":["Cracked Core","Bag of Marbles","Smiling Mask","Tiny House","Meat on the Bone","Ancient Tea Set","Happy Flower","Letter Opener"],"potions_floor_usage":[29],"damage_taken":[{"damage":8,"enemies":"2 Louse","floor":1,"turns":3},{"damage":3,"enemies":"Jaw Worm","floor":4,"turns":4},{"damage":7,"enemies":"Small Slimes","floor":5,"turns":3},{"damage":14,"enemies":"Exordium Thugs","floor":7,"turns":4},{"damage":7,"enemies":"Blue Slaver","floor":8,"turns":2},{"damage":13,"enemies":"2 Fungi Beasts","floor":11,"turns":3},{"damage":14,"enemies":"3 Louse","floor":14,"turns":4},{"damage":40,"enemies":"Hexaghost","floor":16,"turns":4},{"damage":10,"enemies":"3 Byrds","floor":18,"turns":2},{"damage":27,"enemies":"Spheric Guardian","floor":21,"turns":4},{"damage":28,"enemies":"3 Cultists","floor":25,"turns":3},{"damage":48,"enemies":"Slavers","floor":29,"turns":3},{"damage":22,"enemies":"Shelled Parasite and Fungi","floor":30,"turns":4}],"seed_played":"-3776675637079200604","potions_obtained":[{"floor":5,"key":"Strength Potion"},{"floor":8,"key":"Fire Potion"},{"floor":11,"key":"SkillPotion"}],"is_trial":false,"path_per_floor":["M","?","T","M","M","R","M","M","T","R","M","R","$","M","R","B",null,"M","$","?","M","T","R","$","M","T","R","$","E","M"],"character_chosen":"DEFECT","items_purchased":["Static Discharge","Defragment","Meat on the Bone","Capacitor"],"campfire_rested":4,"item_purchase_floors":[13,19,19,28],"current_hp_per_floor":[74,58,58,55,48,48,34,27,27,51,38,62,62,48,72,32,87,77,77,60,45,45,72,72,56,56,56,56,20,0],"gold":112,"neow_bonus":"TEN_PERCENT_HP_BONUS","is_prod":false,"is_daily":false,"chose_seed":false,"campfire_upgraded":2,"win_rate":0,"timestamp":1547436769,"path_taken":["M","?","?","M","M","R","M","M","T","R","M","R","?","M","R","BOSS","M","$","?","M","?","R","$","M","T","R","$","E","M"],"build_version":"2019-01-10","purchased_purges":0,"victory":false,"max_hp_per_floor":[82,82,82,82,82,82,82,82,82,82,82,82,82,82,82,82,87,87,87,92,92,92,92,92,92,92,92,92,92,92],"card_choices":[{"not_picked":["Recycle","Lockon"],"picked":"Gash","floor":1},{"not_picked":["Genetic Algorithm","Rebound"],"picked":"Static Discharge","floor":4},{"not_picked":["Conserve Battery","Leap"],"picked":"Rip and Tear","floor":5},{"not_picked":["Turbo","Beam Cell"],"picked":"White Noise","floor":7},{"not_picked":["Coolheaded","Chaos","Compile Driver"],"picked":"SKIP","floor":8},{"not_picked":["Lockon","Streamline"],"picked":"Static Discharge","floor":11},{"not_picked":["Conserve Battery","Redo"],"picked":"Seek","floor":14},{"not_picked":["Core Surge","Biased Cognition"],"picked":"All For One","floor":16},{"not_picked":["Cold Snap","Doom and Gloom"],"picked":"Leap","floor":17},{"not_picked":["Melter","Steam Power","Chaos+1"],"picked":"SKIP","floor":18},{"not_picked":["Redo","Compile Driver"],"picked":"Ball Lightning","floor":21},{"not_picked":["Stack","Turbo","Beam Cell"],"picked":"SKIP","floor":25},{"not_picked":["Doom and Gloom","Machine Learning"],"picked":"Conserve Battery","floor":29}],"player_experience":411980,"relics_obtained":[{"floor":3,"key":"Bag of Marbles"},{"floor":9,"key":"Smiling Mask"},{"floor":22,"key":"Ancient Tea Set"},{"floor":26,"key":"Happy Flower"},{"floor":29,"key":"Letter Opener"}],"event_choices":[{"damage_healed":0,"gold_gain":0,"player_choice":"Entered Light","damage_taken":16,"max_hp_gain":0,"max_hp_loss":0,"event_name":"Shining Light","floor":2,"gold_loss":0,"cards_upgraded":["Defend_B","Strike_B"]},{"damage_healed":0,"gold_gain":0,"player_choice":"Shed Blood","damage_taken":22,"max_hp_gain":5,"max_hp_loss":0,"event_name":"Forgotten Altar","floor":20,"gold_loss":0}],"is_beta":false,"boss_relics":[{"not_picked":["Astrolabe","Fusion Hammer"],"picked":"Tiny House"}],"items_purged_floors":[],"is_endless":false,"potions_floor_spawned":[5,8,11,18,25],"killed_by":"Shelled Parasite and Fungi","ascension_level":0}