{"gold_per_floor":[109,109,126,142,156,191,203,233,245,10,26,37,37,47,47,148,148,166,177,187,202,301,301,301,301,301,301,329,344,364,380,380,380],"floor_reached":33,"playtime":1867,"items_purged":[],"score":325,"play_id":"e024dd1f-af91-4ae4-94ff-5e66028bc53a","local_time":"20190121212734","is_ascension_mode":false,"campfire_choices":[{"data":"Noxious Fumes","floor":7,"key":"SMITH"},{"data":"Footwork","floor":13,"key":"SMITH"},{"floor":15,"key":"REST"},{"floor":23,"key":"REST"},{"data":"Survivor","floor":25,"key":"SMITH"},{"floor":27,"key":"REST"},{"floor":32,"key":"REST"}],"neow_cost":"NONE","seed_source_timestamp":294025051495377,"circlet_count":0,"master_deck":["Defend_G","Defend_G","Defend_G","Defend_G","Defend_G","Strike_G","Strike_G","Strike_G","Strike_G","Strike_G","Survivor+1","Neutralize","Backstab","Infinite Blades","Backflip","Noxious Fumes+1","Dodge and Roll","Poisoned Stab","Footwork+1","Caltrops","Dagger Spray","Corpse Explosion","Eviscerate","Underhanded Strike+1","Bane+1","Crippling Poison","Riddle With Holes+1"],"relics":["Ring of the Snake","Blood Vial","MawBank","Bottled Tornado","Snecko Eye","Bag of Preparation","Matryoshka"],"potions_floor_usage":[6,28,33,33],"damage_taken":[{"damage":0,"enemies":"2 Louse","floor":1,"turns":4},{"damage":2,"enemies":"Small Slimes","floor":3,"turns":5},{"damage":5,"enemies":"Jaw Worm","floor":4,"turns":4},{"damage":0,"enemies":"Looter","floor":5,"turns":4},{"damage":13,"enemies":"Lagavulin","floor":6,"turns":12},{"damage":2,"enemies":"Large Slime","floor":8,"turns":6},{"damage":13,"enemies":"Exordium Wildlife","floor":11,"turns":5},{"damage":4,"enemies":"Blue Slaver","floor":12,"turns":4},{"damage":23,"enemies":"Exordium Thugs","floor":14,"turns":5},{"damage":0,"enemies":"The Guardian","floor":16,"turns":10},{"damage":26,"enemies":"Chosen","floor":18,"turns":7},{"damage":12,"enemies":"Shell Parasite","floor":19,"turns":9},{"damage":16,"enemies":"Sentry and Sphere","floor":20,"turns":4},{"damage":7,"enemies":"Centurion and Healer","floor":21,"turns":5},{"damage":9,"enemies":"Book of Stabbing","floor":28,"turns":6},{"damage":30,"enemies":"Shelled Parasite and Fungi","floor":29,"turns":7},{"damage":0,"enemies":"3 Cultists","floor":30,"turns":2},{"damage":10,"enemies":"Cultist and Chosen","floor":31,"turns":5},{"damage":54,"enemies":"Champ","floor":33,"turns":12}],"seed_played":"-1438100195657235597","potions_obtained":[{"floor":0,"key":"GamblersBrew"},{"floor":0,"key":"SmokeBomb"},{"floor":0,"key":"SmokeBomb"},{"floor":3,"key":"SkillPotion"},{"floor":8,"key":"Dexterity Potion"},{"floor":28,"key":"Swift Potion"}],"is_trial":false,"path_per_floor":["M","?","M","M","M","E","R","M","T","$","M","M","R","M","R","B",null,"M","M","M","M","?","R","?","R","T","R","E","M","M","M","R","B"],"character_chosen":"THE_SILENT","items_purchased":["Bottled Tornado"],"campfire_rested":4,"item_purchase_floors":[10],"current_hp_per_floor":[70,63,63,60,62,51,51,51,51,51,40,38,38,17,38,40,70,44,34,20,15,15,36,36,36,36,57,50,22,24,16,37,0],"gold":380,"neow_bonus":"THREE_SMALL_POTIONS","is_prod":false,"is_daily":false,"chose_seed":false,"campfire_upgraded":3,"win_rate":0,"timestamp":1548077254,"path_taken":["M","?","M","M","M","E","R","M","T","$","M","M","R","M","R","BOSS","M","M","M","M","?","R","?","R","T","R","E","M","M","M","R","BOSS"],"build_version":"2019-01-17v2","purchased_purges":0,"victory":false,"max_hp_per_floor":[70,70,70,70,70,70,70,70,70,70,70,70,70,70,70,70,70,70,70,70,70,70,70,70,70,70,70,70,70,70,70,70,70],"card_choices":[{"not_picked":["Blade Dance","Backflip"],"picked":"Backstab","floor":1},{"not_picked":["Flying Knee","Concentrate"],"picked":"Infinite Blades","floor":3},{"not_picked":["Deadly Poison","Bouncing Flask"],"picked":"Backflip","floor":4},{"not_picked":["Burst","PiercingWail"],"picked":"Noxious Fumes","floor":5},{"not_picked":["PiercingWail","Backflip"],"picked":"Dodge and Roll","floor":6},{"not_picked":["Acrobatics","Outmaneuver"],"picked":"Poisoned Stab","floor":8},{"not_picked":["Distraction","Backstab"],"picked":"Footwork","floor":11},{"not_picked":["Bouncing Flask","Dagger Throw"],"picked":"Caltrops","floor":12},{"not_picked":["Flying Knee","Blur"],"picked":"Dagger Spray","floor":14},{"not_picked":["Adrenaline","Glass Knife"],"picked":"Corpse Explosion","floor":16},{"not_picked":["Calculated Gamble","Acrobatics"],"picked":"Eviscerate","floor":18},{"not_picked":["Concentrate","Calculated Gamble"],"picked":"Underhanded Strike+1","floor":19},{"not_picked":["Backflip","Tactician","Noxious Fumes"],"picked":"SKIP","floor":20},{"not_picked":["Blade Dance+1","Dodge and Roll+1","Backstab"],"picked":"SKIP","floor":21},{"not_picked":["Prepared","Backflip+1"],"picked":"Bane+1","floor":28},{"not_picked":["Deadly Poison","Corpse Explosion"],"picked":"Crippling Poison","floor":29},{"not_picked":["Dagger Spray+1","Backflip","Prepared+1"],"picked":"SKIP","floor":30},{"not_picked":["Die Die Die","Blade Dance"],"picked":"Riddle With Holes+1","floor":31}],"player_experience":601424,"relics_obtained":[{"floor":6,"key":"MawBank"},{"floor":26,"key":"Bag of Preparation"},{"floor":28,"key":"Matryoshka"}],"event_choices":[{"damage_healed":0,"gold_gain":0,"player_choice":"Success","damage_taken":7,"relics_obtained":["Blood Vial"],"max_hp_gain":0,"max_hp_loss":0,"event_name":"Scrap Ooze","floor":2,"gold_loss":0},{"damage_healed":0,"gold_gain":99,"player_choice":"Stole From Cult","damage_taken":0,"max_hp_gain":0,"max_hp_loss":0,"event_name":"Nest","floor":22,"gold_loss":0},{"damage_healed":0,"gold_gain":0,"player_choice":"Ignored","damage_taken":0,"max_hp_gain":0,"max_hp_loss":0,"event_name":"Vampires","floor":24,"gold_loss":0}],"is_beta":false,"boss_relics":[{"not_picked":["Pandora\u0027s Box","Ectoplasm"],"picked":"Snecko Eye"}],"items_purged_floors":[],"is_endless":false,"potions_floor_spawned":[3,8,12,14,16,21,28,31],"killed_by":"Champ","ascension_level":0}