{"gold_per_floor":[116,128,203,223,240,240,257,257,257,288,20,20],"floor_reached":12,"playtime":546,"items_purged":["Strike_G"],"score":112,"play_id":"b4ce2fb5-5c6b-49d5-8bb4-92dd4e52ff21","local_time":"20190123122333","is_ascension_mode":true,"campfire_choices":[{"data":"Neutralize","floor":6,"key":"SMITH"},{"floor":8,"key":"REST"}],"neow_cost":"NONE","seed_source_timestamp":264779955620637,"circlet_count":0,"master_deck":["Defend_G","Defend_G","Defend_G","Defend_G","Defend_G","Strike_G","Strike_G","Strike_G","Strike_G","Survivor","Neutralize+1","Bane","Glass Knife","Backflip","Bane","Leg Sweep","Burst","Well Laid Plans","Cloak And Dagger","Bouncing Flask"],"relics":["Eternal Feather","Shuriken","Mummified Hand"],"potions_floor_usage":[10],"damage_taken":[{"damage":13,"enemies":"Cultist","floor":1,"turns":6},{"damage":5,"enemies":"2 Louse","floor":2,"turns":3},{"damage":3,"enemies":"Jaw Worm","floor":4,"turns":4},{"damage":14,"enemies":"Exordium Thugs","floor":5,"turns":5},{"damage":14,"enemies":"Lots of Slimes","floor":7,"turns":6},{"damage":29,"enemies":"3 Sentries","floor":10,"turns":11},{"damage":13,"enemies":"3 Louse","floor":12,"turns":2}],"seed_played":"7763175235718764167","potions_obtained":[{"floor":2,"key":"SpeedPotion"},{"floor":7,"key":"GamblersBrew"},{"floor":10,"key":"SpeedPotion"}],"is_trial":false,"path_per_floor":["M","M","?","M","M","R","M","R","T","E","$","M"],"character_chosen":"THE_SILENT","items_purchased":["Well Laid Plans","Cloak And Dagger","Bouncing Flask"],"campfire_rested":1,"item_purchase_floors":[11,11,11],"current_hp_per_floor":[50,45,34,31,17,26,12,42,42,13,13,0],"gold":20,"neow_bonus":"BOSS_RELIC","is_prod":false,"is_daily":false,"chose_seed":false,"campfire_upgraded":1,"win_rate":0,"timestamp":1548206613,"path_taken":["M","?","?","M","M","R","M","R","T","E","$","M"],"build_version":"2019-01-17v2","purchased_purges":1,"victory":false,"max_hp_per_floor":[70,70,70,70,70,70,70,70,70,70,70,70],"card_choices":[{"not_picked":["PiercingWail","Deadly Poison"],"picked":"Bane","floor":1},{"not_picked":["Flying Knee","Riddle With Holes"],"picked":"Glass Knife","floor":2},{"not_picked":["All Out Attack","Endless Agony"],"picked":"Backflip","floor":4},{"not_picked":["Acrobatics","Calculated Gamble"],"picked":"Bane","floor":5},{"not_picked":["Underhanded Strike","Dagger Throw"],"picked":"Leg Sweep","floor":7},{"not_picked":["Bane","Crippling Poison"],"picked":"Burst","floor":10}],"player_experience":676344,"relics_obtained":[{"floor":9,"key":"Shuriken"},{"floor":10,"key":"Mummified Hand"}],"event_choices":[{"damage_healed":0,"gold_gain":75,"player_choice":"Gather Gold","damage_taken":11,"max_hp_gain":0,"max_hp_loss":0,"event_name":"World of Goop","floor":3,"gold_loss":0}],"is_beta":false,"boss_relics":[],"items_purged_floors":[11],"is_endless":false,"potions_floor_spawned":[2,7,10],"killed_by":"3 Louse","ascension_level":8}