{"gold_per_floor":[110,125,74,74,174,174,209,209,258,258,275,150,162,173,173,275,275,293,305,67,77,77,77,77,97,122,122,122,0,12,29,29,129,129,142,42,56,56,56,56,73,93,93,93,52,52,52,63,63,63],"floor_reached":50,"playtime":1971,"items_purged":["Strike_G","Strike_G"],"score":575,"play_id":"ff1ffabc-78a6-4782-b61e-c7435df8d77a","local_time":"20190105052232","is_ascension_mode":true,"campfire_choices":[{"data":"Poisoned Stab","floor":6.0,"key":"SMITH"},{"data":"Poisoned Stab","floor":8.0,"key":"SMITH"},{"floor":10.0,"key":"REST"},{"data":"Bane","floor":15.0,"key":"SMITH"},{"data":"Envenom","floor":23.0,"key":"SMITH"},{"floor":28.0,"key":"REST"},{"floor":32.0,"key":"REST"},{"data":"Catalyst","floor":40.0,"key":"SMITH"},{"floor":44.0,"key":"REST"},{"data":"Footwork","floor":46.0,"key":"SMITH"},{"floor":49.0,"key":"REST"}],"neow_cost":"NONE","seed_source_timestamp":2438154442280561,"circlet_count":0,"master_deck":["Defend_G","Defend_G","Defend_G","Defend_G","Defend_G","Strike_G","Strike_G","Strike_G","Survivor","Neutralize+1","Poisoned Stab+1","Dagger Spray+1","Poisoned Stab+1","After Image","Bouncing Flask","Bane+1","Deadly Poison","Backflip","Envenom+1","Catalyst+1","Writhe","Decay","Prepared","Clumsy","Backflip","Prepared+1","Cloak And Dagger+1","Backflip+1","Shame","Footwork+1"],"special_seed":0,"relics":["Ring of the Snake","Ancient Tea Set","PreservedInsect","Cursed Key","Bottled Tornado","Ninja Scroll","Vajra","White Beast Statue","Strawberry","Thread and Needle"],"potions_floor_usage":[50,50,50],"damage_taken":[{"damage":4.0,"enemies":"2 Louse","floor":1.0,"turns":3.0},{"damage":2.0,"enemies":"Small Slimes","floor":2.0,"turns":4.0},{"damage":37.0,"enemies":"Lagavulin","floor":7.0,"turns":7.0},{"damage":0.0,"enemies":"Cultist","floor":11.0,"turns":3.0},{"damage":3.0,"enemies":"Lots of Slimes","floor":13.0,"turns":4.0},{"damage":1.0,"enemies":"Large Slime","floor":14.0,"turns":3.0},{"damage":23.0,"enemies":"The Guardian","floor":16.0,"turns":7.0},{"damage":6.0,"enemies":"3 Byrds","floor":18.0,"turns":4.0},{"damage":3.0,"enemies":"Chosen","floor":19.0,"turns":4.0},{"damage":30.0,"enemies":"Snake Plant","floor":21.0,"turns":4.0},{"damage":18.0,"enemies":"Centurion and Healer","floor":25.0,"turns":4.0},{"damage":13.0,"enemies":"Sentry and Sphere","floor":30.0,"turns":5.0},{"damage":0.0,"enemies":"Snecko","floor":31.0,"turns":3.0},{"damage":39.0,"enemies":"Automaton","floor":33.0,"turns":8.0},{"damage":17.0,"enemies":"3 Shapes","floor":35.0,"turns":5.0},{"damage":21.0,"enemies":"3 Darklings","floor":37.0,"turns":5.0},{"damage":8.0,"enemies":"Jaw Worm Horde","floor":41.0,"turns":5.0},{"damage":24.0,"enemies":"Sphere and 2 Shapes","floor":42.0,"turns":5.0},{"damage":2.0,"enemies":"Transient","floor":48.0,"turns":5.0},{"damage":73,"enemies":"Donu and Deca","floor":50,"turns":7}],"seed_played":"-7045194114598111853","potions_obtained":[{"floor":2.0,"key":"GamblersBrew"},{"floor":7.0,"key":"Strength Potion"},{"floor":13.0,"key":"GhostInAJar"},{"floor":14.0,"key":"Swift Potion"},{"floor":19.0,"key":"Regen Potion"},{"floor":25.0,"key":"GhostInAJar"},{"floor":33.0,"key":"Swift Potion"},{"floor":35.0,"key":"Energy Potion"},{"floor":37.0,"key":"Dexterity Potion"},{"floor":42.0,"key":"PowerPotion"}],"is_trial":false,"path_per_floor":["M","M","$","?","?","R","E","R","T","R","M","$","M","M","R","B",null,"M","M","$","M","?","R","T","M","T","?","R","?","M","M","R","B",null,"M","$","M","$","?","R","M","M","T","R","$","R","?","M","R","B"],"character_chosen":"THE_SILENT","items_purchased":["Poisoned Stab","Bane","Bottled Tornado","Footwork"],"campfire_rested":5,"item_purchase_floors":[3,12,20,45],"current_hp_per_floor":[59,57,57,57,57,57,20,20,20,41,41,41,38,37,37,14,56,50,47,47,31,31,31,31,13,13,13,34,34,21,21,42,3,53,36,36,15,15,61,61,53,29,36,56,56,56,56,54,68,0],"gold":63,"neow_bonus":"UPGRADE_CARD","is_prod":false,"is_daily":false,"chose_seed":false,"campfire_upgraded":6,"win_rate":0,"timestamp":1546662152,"path_taken":["M","M","$","?","?","R","E","R","T","R","?","$","M","M","R","BOSS","M","M","?","M","?","R","?","M","T","?","R","?","M","M","R","BOSS","M","$","M","$","?","R","M","M","T","R","$","R","?","M","R","BOSS"],"build_version":"2019-01-03v4","purchased_purges":2,"victory":false,"max_hp_per_floor":[70,70,70,70,70,70,70,70,70,70,70,70,70,70,70,70,70,70,70,70,70,70,70,70,70,70,70,70,70,70,70,70,70,70,70,70,70,70,61,61,61,61,68,68,68,68,68,68,68,68],"card_choices":[{"not_picked":["Quick Slash","Caltrops"],"picked":"Poisoned Stab","floor":1.0},{"not_picked":["Sucker Punch","Cloak And Dagger"],"picked":"Dagger Spray","floor":2.0},{"not_picked":["Slice","Dagger Throw"],"picked":"After Image","floor":7.0},{"not_picked":["Prepared","Blur"],"picked":"Bouncing Flask","floor":11.0},{"not_picked":["Slice","Dagger Throw"],"picked":"Deadly Poison","floor":13.0},{"not_picked":["Choke","Backstab"],"picked":"Backflip","floor":14.0},{"not_picked":["Doppelganger","Night Terror"],"picked":"Envenom","floor":16.0},{"not_picked":["Dagger Throw","Slice","Deadly Poison"],"picked":"SKIP","floor":18.0},{"not_picked":["Flying Knee","Well Laid Plans"],"picked":"Catalyst","floor":19.0},{"not_picked":["Tactician","Dodge and Roll","Caltrops+1"],"picked":"SKIP","floor":21.0},{"not_picked":["Dodge and Roll","Concentrate"],"picked":"Prepared","floor":25.0},{"not_picked":["Terror","Dagger Spray"],"picked":"Backflip","floor":30.0},{"not_picked":["Dagger Throw+1","All Out Attack+1"],"picked":"Prepared+1","floor":31.0},{"not_picked":["Flying Knee","Blade Dance+1","Underhanded Strike"],"picked":"SKIP","floor":35.0},{"not_picked":["Dodge and Roll+1","Masterful Stab+1"],"picked":"Cloak And Dagger+1","floor":37.0},{"not_picked":["Eviscerate","Poisoned Stab"],"picked":"Backflip+1","floor":41.0},{"not_picked":["Eviscerate","Deadly Poison","Backstab"],"picked":"SKIP","floor":42.0},{"not_picked":["Dagger Throw","Die Die Die","Blur"],"picked":"SKIP","floor":48.0}],"player_experience":675033,"relics_obtained":[{"floor":7.0,"key":"Ancient Tea Set"},{"floor":9.0,"key":"PreservedInsect"},{"floor":26.0,"key":"Vajra"},{"floor":43.0,"key":"Strawberry"},{"floor":47.0,"key":"Thread and Needle"}],"event_choices":[{"damage_healed":0.0,"max_hp_gain":0.0,"max_hp_loss":0.0,"gold_gain":0.0,"event_name":"Living Wall","player_choice":"Grow","floor":4.0,"gold_loss":0.0,"damage_taken":0.0,"cards_upgraded":["Dagger Spray"]},{"damage_healed":0.0,"max_hp_gain":0.0,"max_hp_loss":0.0,"gold_gain":100.0,"event_name":"Golden Shrine","player_choice":"Pray","floor":5.0,"gold_loss":0.0,"damage_taken":0.0},{"damage_healed":0.0,"max_hp_gain":0.0,"max_hp_loss":0.0,"gold_gain":0.0,"event_name":"The Mausoleum","player_choice":"Opened","floor":22.0,"gold_loss":0.0,"damage_taken":0.0,"relics_obtained":["Ninja Scroll"],"cards_obtained":["Writhe"]},{"damage_healed":0.0,"max_hp_gain":0.0,"max_hp_loss":0.0,"gold_gain":0.0,"event_name":"Vampires","player_choice":"Ignored","floor":27.0,"gold_loss":0.0,"damage_taken":0.0},{"damage_healed":0.0,"max_hp_gain":0.0,"max_hp_loss":0.0,"gold_gain":0.0,"event_name":"Masked Bandits","player_choice":"Paid Fearfully","floor":29.0,"gold_loss":122.0,"damage_taken":0.0},{"damage_healed":61.0,"max_hp_gain":0.0,"max_hp_loss":9.0,"gold_gain":0.0,"event_name":"The Moai Head","player_choice":"Heal","floor":39.0,"gold_loss":0.0,"damage_taken":0.0},{"damage_healed":0.0,"max_hp_gain":0.0,"max_hp_loss":0.0,"gold_gain":0.0,"event_name":"Wheel of Change","player_choice":"Relic","floor":47.0,"gold_loss":0.0,"damage_taken":0.0}],"is_beta":false,"boss_relics":[{"not_picked":["Ring of the Serpent","Lizard Tail"],"picked":"Cursed Key"},{"not_picked":["Fusion Hammer","Snecko Eye"],"picked":"White Beast Statue"}],"items_purged_floors":[12,36],"is_endless":false,"potions_floor_spawned":[2,7,13,14,18,19,25,33,35,37,41,42,48],"killed_by":"Donu and Deca","ascension_level":6}