{"gold_per_floor":[115,115,115,115,43,43,62,85,136,180,205,240,261,277,277,398,398,419,432,279,300,316,316],"floor_reached":23,"playtime":2277,"items_purged":["Strike_G"],"score":205,"play_id":"26c8c298-2888-46b7-8830-6abbb0e4d13d","local_time":"20181225213902","is_ascension_mode":false,"campfire_choices":[{"data":"Noxious Fumes","floor":6,"key":"SMITH"},{"data":"Bouncing Flask","floor":15,"key":"SMITH"}],"neow_cost":"NONE","seed_source_timestamp":340670117233638,"circlet_count":0,"master_deck":["Defend_G","Defend_G","Defend_G","Defend_G","Defend_G","Strike_G","Strike_G","Strike_G","Strike_G","Survivor","Neutralize","Well Laid Plans","Noxious Fumes+1","Dagger Spray","Infinite Blades","Escape Plan","Bouncing Flask+1","Escape Plan","Infinite Blades","Envenom","Glass Knife","Dagger Spray","Flying Knee","Catalyst","Flying Knee","Prepared+1"],"relics":["Ring of the Snake","PreservedInsect","Bird Faced Urn","Golden Idol","Ancient Tea Set","Anchor","Boot","Philosopher\u0027s Stone"],"potions_floor_usage":[10,23,23,23],"damage_taken":[{"damage":0,"enemies":"Jaw Worm","floor":1,"turns":8},{"damage":0,"enemies":"Small Slimes","floor":7,"turns":5},{"damage":0,"enemies":"Cultist","floor":8,"turns":4},{"damage":21,"enemies":"Gremlin Nob","floor":10,"turns":5},{"damage":0,"enemies":"Exordium Wildlife","floor":11,"turns":4},{"damage":22,"enemies":"3 Sentries","floor":12,"turns":5},{"damage":5,"enemies":"Looter","floor":13,"turns":3},{"damage":1,"enemies":"2 Fungi Beasts","floor":14,"turns":3},{"damage":18,"enemies":"Slime Boss","floor":16,"turns":7},{"damage":0,"enemies":"Chosen","floor":18,"turns":3},{"damage":20,"enemies":"Spheric Guardian","floor":19,"turns":5},{"damage":10,"enemies":"Centurion and Healer","floor":21,"turns":5},{"damage":50,"enemies":"3 Cultists","floor":22,"turns":5},{"damage":29,"enemies":"Slavers","floor":23,"turns":3}],"seed_played":"3565686601435116419","potions_obtained":[{"floor":4,"key":"Poison Potion"},{"floor":4,"key":"GamblersBrew"},{"floor":4,"key":"SneckoOil"},{"floor":10,"key":"Fruit Juice"},{"floor":16,"key":"Poison Potion"},{"floor":19,"key":"SkillPotion"}],"is_trial":false,"path_per_floor":["M","?","?","?","$","R","M","M","T","E","M","E","M","M","R","B",null,"M","M","$","M","M","E"],"character_chosen":"THE_SILENT","items_purchased":["Noxious Fumes","Catalyst"],"campfire_rested":0,"item_purchase_floors":[5,20],"current_hp_per_floor":[70,58,41,41,41,41,45,49,49,39,45,29,30,37,37,29,75,75,60,60,60,18,0],"gold":316,"neow_bonus":"RANDOM_COMMON_RELIC","is_prod":false,"is_daily":false,"chose_seed":false,"campfire_upgraded":2,"win_rate":0.0,"timestamp":1545786542,"path_taken":["M","?","?","?","$","R","M","?","T","E","M","E","M","M","R","BOSS","M","M","$","M","M","E"],"build_version":"2018-12-20","purchased_purges":1,"victory":false,"max_hp_per_floor":[70,70,70,70,70,70,70,70,70,75,75,75,75,75,75,75,75,75,75,75,75,75,75],"card_choices":[{"not_picked":["Dodge and Roll","Underhanded Strike"],"picked":"Well Laid Plans","floor":1},{"not_picked":["Dagger Throw","Skewer"],"picked":"Dagger Spray","floor":7},{"not_picked":["Venomology","Quick Slash"],"picked":"Infinite Blades","floor":8},{"not_picked":["Dagger Throw","Reflex"],"picked":"Escape Plan","floor":10},{"not_picked":["Deflect","Outmaneuver"],"picked":"Bouncing Flask","floor":11},{"not_picked":["Blade Dance","Dagger Throw"],"picked":"Escape Plan","floor":12},{"not_picked":["Leg Sweep","Flying Knee"],"picked":"Infinite Blades","floor":13},{"not_picked":["Flying Knee","Quick Slash"],"picked":"Envenom","floor":14},{"not_picked":["Malaise","Wraith Form v2"],"picked":"Glass Knife","floor":16},{"not_picked":["Reflex","Choke"],"picked":"Dagger Spray","floor":18},{"not_picked":["Riddle With Holes","Poisoned Stab"],"picked":"Flying Knee","floor":19},{"not_picked":["Flechettes","Slice"],"picked":"Flying Knee","floor":21},{"not_picked":["Predator","Slice"],"picked":"Prepared+1","floor":22}],"player_experience":9783,"relics_obtained":[{"floor":9,"key":"Ancient Tea Set"},{"floor":10,"key":"Anchor"},{"floor":12,"key":"Boot"}],"event_choices":[{"damage_healed":0,"gold_gain":0,"player_choice":"Success","damage_taken":12,"relics_obtained":["Bird Faced Urn"],"max_hp_gain":0,"max_hp_loss":0,"event_name":"Scrap Ooze","floor":2,"gold_loss":0},{"damage_healed":0,"gold_gain":0,"player_choice":"Take Damage","damage_taken":17,"relics_obtained":["Golden Idol"],"max_hp_gain":0,"max_hp_loss":0,"event_name":"Golden Idol","floor":3,"gold_loss":0},{"damage_healed":0,"gold_gain":0,"player_choice":"Got Potions","damage_taken":0,"max_hp_gain":0,"max_hp_loss":0,"event_name":"Lab","floor":4,"gold_loss":0}],"is_beta":false,"boss_relics":[{"not_picked":["Runic Pyramid","Empty Cage"],"picked":"Philosopher\u0027s Stone"}],"items_purged_floors":[20],"is_endless":false,"potions_floor_spawned":[8,10,16,18,19],"killed_by":"Slavers","ascension_level":0}