{"gold_per_floor":[115,130,144,319,319,349,365,365],"floor_reached":8,"playtime":312,"items_purged":[],"score":61,"play_id":"2569406e-fdc3-43d5-ab04-1d671e4626c6","local_time":"20181124002309","is_ascension_mode":true,"campfire_choices":[],"neow_cost":"NONE","seed_source_timestamp":1417523248142236,"circlet_count":0,"master_deck":["Strike_R","Strike_R","Strike_R","Strike_R","Strike_R","Defend_R","Defend_R+1","Defend_R","Defend_R","Bash","Hemokinesis","Sentinel+1","Flex","Doubt","Pommel Strike","Iron Wave"],"relics":["Burning Blood","Blood Vial","Pantograph"],"potions_floor_usage":[],"damage_taken":[{"damage":8,"enemies":"Jaw Worm","floor":1,"turns":5},{"damage":13,"enemies":"Small Slimes","floor":2,"turns":3},{"damage":4,"enemies":"Cultist","floor":3,"turns":3},{"damage":34,"enemies":"Gremlin Nob","floor":6,"turns":4},{"damage":8,"enemies":"Looter","floor":7,"turns":4},{"damage":59,"enemies":"Lagavulin","floor":8,"turns":11}],"seed_played":"6886492677037409895","potions_obtained":[{"floor":1,"key":"FairyPotion"}],"is_trial":false,"path_per_floor":["M","M","M","?","?","E","M","E"],"character_chosen":"IRONCLAD","items_purchased":[],"campfire_rested":0,"item_purchase_floors":[],"current_hp_per_floor":[78,73,77,77,61,35,35,0],"gold":365,"neow_bonus":"RANDOM_COMMON_RELIC","is_prod":false,"is_daily":false,"chose_seed":false,"campfire_upgraded":0,"win_rate":0,"timestamp":1543047789,"path_taken":["M","M","M","?","?","E","?","E"],"build_version":"2018-11-15","purchased_purges":0,"victory":false,"max_hp_per_floor":[80,80,80,80,80,80,80,80],"card_choices":[{"not_picked":["Spot Weakness","Disarm"],"picked":"Hemokinesis","floor":1},{"not_picked":["Ghostly Armor","Headbutt"],"picked":"Sentinel","floor":2},{"not_picked":["Clothesline","Wild Strike"],"picked":"Flex","floor":3},{"not_picked":["Evolve","Iron Wave"],"picked":"Pommel Strike","floor":6},{"not_picked":["Cleave","Wild Strike"],"picked":"Iron Wave","floor":7}],"player_experience":121280,"relics_obtained":[{"floor":6,"key":"Pantograph"}],"event_choices":[{"damage_healed":0,"gold_gain":175,"player_choice":"AGREE","damage_taken":0,"max_hp_gain":0,"max_hp_loss":0,"event_name":"Liars Game","floor":4,"gold_loss":0,"cards_obtained":["Doubt"]},{"damage_healed":0,"gold_gain":0,"player_choice":"Entered Light","damage_taken":16,"max_hp_gain":0,"max_hp_loss":0,"event_name":"Shining Light","floor":5,"gold_loss":0,"cards_upgraded":["Defend_R","Sentinel"]}],"is_beta":false,"boss_relics":[],"items_purged_floors":[],"is_endless":false,"potions_floor_spawned":[1],"killed_by":"Lagavulin","ascension_level":1}