{"gold_per_floor":[116,131,131,143,160,160,10,27,73,102,143,169,200,235,247,364,376,403,426,438,450,462,507,519,544,582,626,650,676,308,319,319,422,422,437,437,447,457,3,3,103,115,187,187,199,199,199,199,199,199],"floor_reached":50,"playtime":2857,"items_purged":["Strike_R","Wild Strike","Strike_R"],"score":513,"play_id":"44e7931a-991a-4b6f-aab7-397a94813f92","local_time":"20190111004935","is_ascension_mode":false,"campfire_choices":[{"data":"Battle Trance","floor":6,"key":"SMITH"},{"floor":15,"key":"REST"},{"floor":24,"key":"REST"},{"floor":32,"key":"REST"},{"data":"Strike_R","floor":40,"key":"PURGE"},{"floor":44,"key":"RECALL"},{"floor":46,"key":"REST"},{"data":"Defend_R","floor":49,"key":"PURGE"}],"neow_cost":"NONE","seed_source_timestamp":36632914604467,"circlet_count":0,"master_deck":["Strike_R","Strike_R","Defend_R","Defend_R","Bash","Battle Trance+1","Shrug It Off","Metallicize","Rampage","Metallicize","Headbutt","Fiend Fire","Rampage","Disarm","Rage","Cleave+1","Armaments+1","Barricade","Bloodletting","Flex","Shockwave+1"],"relics":["Burning Blood","Red Skull","MawBank","Question Card","Odd Mushroom","Runic Pyramid","Juzu Bracelet","Anchor","Bag of Preparation","Boot","Strange Spoon","Busted Crown","Kunai","Peace Pipe","Magic Flower"],"potions_floor_usage":[16,23,27,31,50],"damage_taken":[{"damage":0,"enemies":"Cultist","floor":1,"turns":4},{"damage":2,"enemies":"Small Slimes","floor":2,"turns":4},{"damage":6,"enemies":"Jaw Worm","floor":4,"turns":3},{"damage":10,"enemies":"Looter","floor":5,"turns":3},{"damage":9,"enemies":"Exordium Thugs","floor":8,"turns":5},{"damage":9,"enemies":"3 Louse","floor":10,"turns":4},{"damage":33,"enemies":"Gremlin Nob","floor":11,"turns":5},{"damage":5,"enemies":"Lots of Slimes","floor":12,"turns":4},{"damage":9,"enemies":"Gremlin Gang","floor":13,"turns":5},{"damage":13,"enemies":"The Mushroom Lair","floor":14,"turns":4},{"damage":39,"enemies":"Slime Boss","floor":16,"turns":10},{"damage":23,"enemies":"2 Thieves","floor":18,"turns":4},{"damage":0,"enemies":"Spheric Guardian","floor":19,"turns":3},{"damage":46,"enemies":"Gremlin Leader","floor":23,"turns":7},{"damage":10,"enemies":"Snake Plant","floor":25,"turns":5},{"damage":17,"enemies":"Book of Stabbing","floor":27,"turns":5},{"damage":1,"enemies":"Centurion and Healer","floor":28,"turns":5},{"damage":8,"enemies":"Sentry and Sphere","floor":29,"turns":4},{"damage":3,"enemies":"Cultist and Chosen","floor":31,"turns":5},{"damage":12,"enemies":"Champ","floor":33,"turns":11},{"damage":7,"enemies":"Orb Walker","floor":35,"turns":3},{"damage":0,"enemies":"3 Shapes","floor":37,"turns":9},{"damage":3,"enemies":"Maw","floor":38,"turns":7},{"damage":14,"enemies":"Mind Bloom Boss Battle","floor":41,"turns":7},{"damage":26,"enemies":"Spire Growth","floor":42,"turns":7},{"damage":19,"enemies":"3 Darklings","floor":45,"turns":5},{"damage":69,"enemies":"Donu and Deca","floor":50,"turns":6}],"seed_played":"2323736445878783666","potions_obtained":[{"floor":1,"key":"Dexterity Potion"},{"floor":2,"key":"GamblersBrew"},{"floor":3,"key":"Ancient Potion"},{"floor":3,"key":"Regen Potion"},{"floor":16,"key":"PowerPotion"},{"floor":23,"key":"PowerPotion"},{"floor":29,"key":"Ancient Potion"},{"floor":33,"key":"Explosive Potion"},{"floor":41,"key":"Poison Potion"},{"floor":45,"key":"SkillPotion"}],"is_trial":false,"path_per_floor":["M","M","?","M","M","R","$","M","T","M","E","M","M","?","R","B",null,"M","M","?","T","?","E","R","M","T","E","M","M","$","M","R","B",null,"M","?","M","M","$","R","?","M","T","R","M","R","?","?","R","B"],"character_chosen":"IRONCLAD","items_purchased":["Metallicize","Strange Spoon","LiquidBronze","Peace Pipe","Flex"],"campfire_rested":4,"item_purchase_floors":[7,30,30,39,39],"current_hp_per_floor":[80,80,80,80,76,76,76,73,73,70,43,44,41,34,58,40,80,63,69,69,69,69,29,53,49,49,38,43,41,41,44,68,62,80,79,79,80,80,80,80,72,55,55,55,45,69,69,69,69,0],"gold":199,"neow_bonus":"RANDOM_COMMON_RELIC","is_prod":false,"is_daily":false,"chose_seed":false,"campfire_upgraded":1,"win_rate":0,"timestamp":1547160575,"path_taken":["M","?","?","M","?","R","$","M","T","M","E","M","M","?","R","BOSS","M","M","?","?","?","E","R","M","T","E","M","M","$","M","R","BOSS","M","?","M","M","$","R","?","M","T","R","M","R","?","?","R","BOSS"],"build_version":"2019-01-03v4","purchased_purges":3,"victory":false,"max_hp_per_floor":[80,80,80,80,80,80,80,80,80,80,80,80,80,80,80,80,80,80,80,80,80,80,80,80,80,80,80,80,80,80,80,80,80,80,80,80,80,80,80,80,80,80,80,80,80,80,80,80,80,80],"card_choices":[{"not_picked":["Entrench","Heavy Blade","Flex"],"picked":"SKIP","floor":1},{"not_picked":["Disarm","Havoc"],"picked":"Wild Strike","floor":2},{"not_picked":["Iron Wave","Perfected Strike"],"picked":"Battle Trance","floor":4},{"not_picked":["Havoc","Pommel Strike"],"picked":"Shrug It Off","floor":5},{"not_picked":["Shrug It Off","Flex"],"picked":"Rampage","floor":8},{"not_picked":["Clothesline","Searing Blow","Clash"],"picked":"SKIP","floor":10},{"not_picked":["Flex","Dropkick","Brutality"],"picked":"SKIP","floor":11},{"not_picked":["Sword Boomerang","Pommel Strike","Shrug It Off"],"picked":"Metallicize","floor":12},{"not_picked":["Demon Form","Blood for Blood","Cleave"],"picked":"Headbutt","floor":13},{"not_picked":["Limit Break","Berserk","Barricade"],"picked":"Fiend Fire","floor":16},{"not_picked":["Warcry+1","Shrug It Off","Iron Wave"],"picked":"Rampage","floor":18},{"not_picked":["Warcry","Iron Wave","Body Slam","Infernal Blade+1"],"picked":"SKIP","floor":19},{"not_picked":["Warcry","Flex","Pommel Strike"],"picked":"Cleave+1","floor":23},{"not_picked":["Pommel Strike","Anger","Wild Strike","Sword Boomerang+1"],"picked":"SKIP","floor":25},{"not_picked":["Dual Wield","Rage","Body Slam+1"],"picked":"Armaments+1","floor":27},{"not_picked":["Blood for Blood","Feel No Pain","Pommel Strike","Warcry"],"picked":"SKIP","floor":28},{"not_picked":["Uppercut+1","Second Wind+1","Anger","Battle Trance+1"],"picked":"SKIP","floor":29},{"not_picked":["Seeing Red","Clash","Fiend Fire","Infernal Blade+1"],"picked":"SKIP","floor":31},{"not_picked":["Berserk","Immolate","Fiend Fire"],"picked":"Barricade","floor":33},{"not_picked":["Shrug It Off","Twin Strike+1"],"picked":"SKIP","floor":35},{"not_picked":["Spot Weakness"],"picked":"Bloodletting","floor":37},{"not_picked":["Armaments+1","Pommel Strike"],"picked":"SKIP","floor":38},{"not_picked":["Clothesline+1"],"picked":"Shockwave+1","floor":42},{"not_picked":["Sword Boomerang+1","Anger"],"picked":"SKIP","floor":45}],"player_experience":179574,"relics_obtained":[{"floor":9,"key":"MawBank"},{"floor":11,"key":"Question Card"},{"floor":14,"key":"Odd Mushroom"},{"floor":21,"key":"Juzu Bracelet"},{"floor":23,"key":"Anchor"},{"floor":26,"key":"Bag of Preparation"},{"floor":27,"key":"Boot"},{"floor":41,"key":"Magic Flower"}],"event_choices":[{"damage_healed":0,"gold_gain":0,"player_choice":"Got Potions","damage_taken":0,"max_hp_gain":0,"max_hp_loss":0,"event_name":"Lab","floor":3,"gold_loss":0},{"damage_healed":0,"gold_gain":0,"player_choice":"Fought Mushrooms","damage_taken":0,"max_hp_gain":0,"max_hp_loss":0,"event_name":"Mushrooms","floor":14,"gold_loss":0},{"damage_healed":0,"gold_gain":0,"player_choice":"Read","damage_taken":0,"max_hp_gain":0,"max_hp_loss":0,"event_name":"The Library","floor":20,"gold_loss":0,"cards_obtained":["Disarm"]},{"damage_healed":0,"gold_gain":0,"player_choice":"1 cards matched","damage_taken":0,"max_hp_gain":0,"max_hp_loss":0,"event_name":"Match and Keep!","floor":22,"gold_loss":0,"cards_obtained":["Rage"]},{"damage_healed":0,"gold_gain":0,"player_choice":"Gave Potion","damage_taken":0,"relics_obtained":["Kunai"],"max_hp_gain":0,"max_hp_loss":0,"event_name":"WeMeetAgain","floor":36,"gold_loss":0},{"damage_healed":0,"gold_gain":0,"player_choice":"Fight","damage_taken":0,"max_hp_gain":0,"max_hp_loss":0,"event_name":"MindBloom","floor":41,"gold_loss":0},{"damage_healed":0,"gold_gain":0,"player_choice":"Bought 0 Potions","damage_taken":0,"max_hp_gain":0,"max_hp_loss":0,"event_name":"The Woman in Blue","floor":47,"gold_loss":0},{"cards_removed":["Defend_R"],"damage_healed":0,"gold_gain":0,"player_choice":"Purged","damage_taken":0,"max_hp_gain":0,"max_hp_loss":0,"event_name":"Purifier","floor":48,"gold_loss":0}],"is_beta":false,"boss_relics":[{"not_picked":["Empty Cage","Velvet Choker"],"picked":"Runic Pyramid"},{"not_picked":["Orrery","Mark of Pain"],"picked":"Busted Crown"}],"items_purged_floors":[7,30,39],"is_endless":false,"potions_floor_spawned":[1,2,5,13,14,16,23,29,33,35,41,45],"killed_by":"Donu and Deca","ascension_level":0}