{"path_per_floor":["M","M","?","?","M","E","M","R","T","R","M","M","$","M","R","B",null,"M","?","M","?","M"],"character_chosen":"IRONCLAD","items_purchased":["Jack Of All Trades","Shrug It Off","Limit Break","Inflame","Swift Potion"],"gold_per_floor":[111,129,129,304,314,348,367,367,435,435,453,468,72,84,84,185,185,199,99,112,112,130],"floor_reached":23,"campfire_rested":1,"playtime":5931,"current_hp_per_floor":[72,74,74,74,80,23,29,53,53,53,59,60,60,60,60,29,80,46,46,35,35,9],"items_purged":[],"gold":130,"play_id":"9f7330ba-ba05-4586-b03d-79941253c0f3","is_prod":false,"is_daily":false,"campfire_rituals":0,"campfire_upgraded":2,"is_hardmode":false,"path_taken":["M","M","?","?","M","E","M","R","T","R","M","M","$","M","R","BOSS","M","?","M","?","M","E"],"build_version":"2018-01-11-PROD2","purchased_purges":0,"victory":false,"master_deck":["Strike_R","Strike_R","Strike_R","Strike_R","Strike_R","Defend_R","Defend_R","Defend_R","Defend_R","Bash","Clothesline","Reckless Charge","Doubt","Whirlwind","Anger","Clash","Seeing Red","Thunderclap","Jack Of All Trades","Shrug It Off","Limit Break","Inflame","Impervious","Bludgeon","Uppercut","Clash","Body Slam"],"max_hp_per_floor":[80,80,80,80,80,80,80,80,80,80,80,80,80,80,80,80,80,80,80,80,80,80],"relics":["Burning Blood","Oddly Smooth Stone","Toolbox","Black Star","Girya"],"campfire_meditates":0,"card_choices":[{"not_picked":["Cleave","Burning Pact"],"picked":"Clothesline"},{"not_picked":["Sword Boomerang","Armaments"],"picked":"Reckless Charge"},{"not_picked":["Dual Wield","Bloodletting"],"picked":"Whirlwind"},{"not_picked":["Sword Boomerang","Shrug It Off"],"picked":"Anger"},{"not_picked":["Searing Blow","Whirlwind"],"picked":"Clash"},{"not_picked":["Shrug It Off","True Grit"],"picked":"Seeing Red"},{"not_picked":["Iron Wave","Cleave"],"picked":"Thunderclap"},{"not_picked":["Armaments","Corruption"],"picked":"Impervious"},{"not_picked":["Fiend Fire","Brutality"],"picked":"Bludgeon"},{"not_picked":["Power Through","Perfected Strike"],"picked":"Uppercut"},{"not_picked":["Headbutt","Iron Wave"],"picked":"Clash"},{"not_picked":["Cleave","Spot Weakness"],"picked":"Body Slam"}],"player_experience":12210,"potions_floor_usage":[18,22,22,22],"damage_taken":[{"damage":14,"enemies":"Jaw Worm","floor":1,"turns":4},{"damage":4,"enemies":"Blue Slaver","floor":2,"turns":6},{"damage":0,"enemies":"Cultist","floor":5,"turns":3},{"damage":63,"enemies":"3 Sentries","floor":6,"turns":9},{"damage":0,"enemies":"Exordium Wildlife","floor":7,"turns":3},{"damage":0,"enemies":"2 Fungi Beasts","floor":11,"turns":3},{"damage":5,"enemies":"Looter","floor":12,"turns":3},{"damage":6,"enemies":"Exordium Wildlife","floor":14,"turns":3},{"damage":37,"enemies":"Slime Boss","floor":16,"turns":14},{"damage":46,"enemies":"2 Thieves","floor":18,"turns":4},{"damage":17,"enemies":"Shell Parasite","floor":20,"turns":4},{"damage":32,"enemies":"3 Cultists","floor":22,"turns":5},{"damage":13,"enemies":"Gremlin Leader","floor":23,"turns":2}],"event_choices":[{"event_name":"Upgrade Shrine","player_choice":"Upgraded","floor":3,"damage_taken":0},{"event_name":"Liars Game","player_choice":"agreed","floor":4,"damage_taken":0},{"event_name":"Drug Dealer","player_choice":"Got JAXXED","floor":19,"damage_taken":0},{"event_name":"Addict","player_choice":"Gave JAX","floor":21,"damage_taken":0}],"boss_relics":[{"not_picked":["Calling Bell","Question Card"],"picked":"Black Star"}],"potions_floor_spawned":[2,5,7,14,20,22],"seed_played":"-6509965006676722052","killed_by":"Gremlin Leader","is_trial":false}