{"gold_per_floor":[116,44,57,72,82,108,183,183,207,234,245,245,245,264,264,361,361,372,389,389,30,43,104,104,114,114,138,155,155,181,181,181,277,277,291,291,308,308,408,408,439,454,454,454,467,467,484,516,516,516,516,516,0,28,28],"floor_reached":55,"playtime":4419,"items_purged":[],"score":752,"play_id":"c396a472-0c8d-4c90-977f-d666db973b25","local_time":"20190130211354","is_ascension_mode":false,"campfire_choices":[{"floor":12.0,"key":"REST"},{"floor":15.0,"key":"RECALL"},{"floor":24.0,"key":"REST"},{"floor":29.0,"key":"REST"},{"floor":32.0,"key":"REST"},{"data":"Echo Form","floor":40.0,"key":"SMITH"},{"floor":44.0,"key":"REST"},{"floor":49.0,"key":"REST"},{"data":"Creative AI","floor":52.0,"key":"SMITH"}],"neow_cost":"NONE","seed_source_timestamp":0,"circlet_count":0,"master_deck":["Zap","Dualcast+1","Chill+1","Glacier","Go for the Eyes","Cold Snap","Capacitor","Self Repair","Conserve Battery","Seek+1","Beam Cell","Ball Lightning","Storm","Defragment","Doom and Gloom","Leap","Sweeping Beam","Undo","Force Field","Echo Form+1","Forethought","FTL+1","Buffer","Sweeping Beam","Chaos","Auto Shields","Reboot","Force Field","Chill","Reinforced Body+1","Defragment+1","Loop+1","Self Repair+1","Ball Lightning+1","Creative AI+1","Ball Lightning+1","Steam+1"],"special_seed":0,"relics":["Cracked Core","Bronze Scales","Bag of Preparation","Dream Catcher","Omamori","Black Star","Emotion Chip","Tiny Chest","Unceasing Top","Gremlin Horn","War Paint","StoneCalendar","Pandora\u0027s Box","FossilizedHelix","Calipers","Oddly Smooth Stone","Bag of Marbles","Kunai","Molten Egg 2","Frozen Egg 2","Pantograph","Symbiotic Virus","Pen Nib","Art of War"],"potions_floor_usage":[55],"damage_taken":[{"damage":1.0,"enemies":"Small Slimes","floor":1.0,"turns":3.0},{"damage":0.0,"enemies":"2 Louse","floor":3.0,"turns":2.0},{"damage":0.0,"enemies":"Jaw Worm","floor":4.0,"turns":3.0},{"damage":0.0,"enemies":"Red Slaver","floor":5.0,"turns":3.0},{"damage":8.0,"enemies":"Lagavulin","floor":6.0,"turns":11.0},{"damage":11.0,"enemies":"3 Sentries","floor":10.0,"turns":15.0},{"damage":0.0,"enemies":"Exordium Wildlife","floor":11.0,"turns":4.0},{"damage":2.0,"enemies":"2 Fungi Beasts","floor":14.0,"turns":4.0},{"damage":51.0,"enemies":"Slime Boss","floor":16.0,"turns":19.0},{"damage":0.0,"enemies":"3 Byrds","floor":18.0,"turns":2.0},{"damage":3.0,"enemies":"Spheric Guardian","floor":19.0,"turns":7.0},{"damage":14.0,"enemies":"Snecko","floor":22.0,"turns":7.0},{"damage":48.0,"enemies":"Gremlin Leader","floor":23.0,"turns":10.0},{"damage":4.0,"enemies":"Cultist and Chosen","floor":25.0,"turns":6.0},{"damage":14.0,"enemies":"Snake Plant","floor":28.0,"turns":4.0},{"damage":16.0,"enemies":"Book of Stabbing","floor":30.0,"turns":6.0},{"damage":37.0,"enemies":"Collector","floor":33.0,"turns":13.0},{"damage":6.0,"enemies":"3 Shapes","floor":35.0,"turns":5.0},{"damage":12.0,"enemies":"Orb Walker","floor":37.0,"turns":6.0},{"damage":0.0,"enemies":"Mind Bloom Boss Battle","floor":39.0,"turns":6.0},{"damage":12.0,"enemies":"Nemesis","floor":41.0,"turns":7.0},{"damage":30.0,"enemies":"Transient","floor":42.0,"turns":5.0},{"damage":0.0,"enemies":"3 Darklings","floor":45.0,"turns":6.0},{"damage":8.0,"enemies":"Maw","floor":47.0,"turns":7.0},{"damage":38.0,"enemies":"Giant Head","floor":48.0,"turns":11.0},{"damage":50.0,"enemies":"Time Eater","floor":50.0,"turns":10.0},{"damage":44,"enemies":"Shield and Spear","floor":54,"turns":8},{"damage":75,"enemies":"The Heart","floor":55,"turns":6}],"seed_played":"4662615635796263507","potions_obtained":[{"floor":3.0,"key":"LiquidBronze"},{"floor":5.0,"key":"PowerPotion"},{"floor":10.0,"key":"FearPotion"},{"floor":14.0,"key":"Dexterity Potion"},{"floor":39.0,"key":"GamblersBrew"},{"floor":42.0,"key":"SpeedPotion"},{"floor":45.0,"key":"AttackPotion"}],"is_trial":false,"path_per_floor":["M","$","M","M","M","E","?","?","T","E","M","R","?","M","R","B",null,"M","M","?","$","M","E","R","M","T","T","M","R","E","?","R","B",null,"M","T","M","?","?","R","E","M","T","R","M","$","M","E","R","B",null,"R","$","E","B"],"character_chosen":"DEFECT","items_purchased":["Glacier","Emotion Chip","Storm","Pantograph","Symbiotic Virus"],"campfire_rested":6,"item_purchase_floors":[2,21,21,53,53],"current_hp_per_floor":[74,74,74,74,74,66,55,48,48,37,37,59,59,64,64,20,75,75,75,75,75,68,27,49,52,52,52,38,60,44,44,66,36,75,75,75,75,75,75,75,70,57,57,75,75,75,75,47,69,26,75,75,75,51,0],"gold":28,"neow_bonus":"RANDOM_COMMON_RELIC","is_prod":false,"is_daily":false,"chose_seed":false,"campfire_upgraded":2,"win_rate":0,"timestamp":1548904434,"path_taken":["M","$","M","M","M","E","?","?","T","E","M","R","?","M","R","BOSS","M","M","?","$","?","E","R","M","T","?","M","R","E","?","R","BOSS","M","?","M","?","?","R","E","M","T","R","M","$","M","E","R","BOSS","R","$","E","BOSS"],"build_version":"2019-01-23","purchased_purges":0,"victory":false,"max_hp_per_floor":[75,75,75,75,75,75,75,75,75,75,75,75,75,75,75,75,75,75,75,75,75,75,75,75,75,75,75,75,75,75,75,75,75,75,75,75,75,75,75,75,75,75,75,75,75,75,75,75,75,75,75,75,75,75,75],"card_choices":[{"not_picked":["Hologram","Rip and Tear"],"picked":"Chill","floor":1.0},{"not_picked":["Chill","Streamline"],"picked":"Go for the Eyes","floor":3.0},{"not_picked":["Rebound","Chill"],"picked":"Cold Snap","floor":4.0},{"not_picked":["Barrage","Multi-Cast","Rebound"],"picked":"SKIP","floor":5.0},{"not_picked":["Stack","Fusion","Steam"],"picked":"SKIP","floor":6.0},{"not_picked":["Steam","Compile Driver"],"picked":"Capacitor","floor":10.0},{"not_picked":["Redo","Ball Lightning"],"picked":"Self Repair","floor":11.0},{"not_picked":["Beam Cell","Cold Snap"],"picked":"Conserve Battery","floor":12.0},{"not_picked":["Barrage","Cold Snap","Turbo"],"picked":"SKIP","floor":14.0},{"not_picked":["Buffer","Core Surge"],"picked":"Seek","floor":16.0},{"not_picked":["Cold Snap","Go for the Eyes"],"picked":"Beam Cell","floor":18.0},{"not_picked":["Streamline","Stack"],"picked":"Ball Lightning","floor":19.0},{"not_picked":["Redo","Chaos+1"],"picked":"Defragment","floor":22.0},{"not_picked":["Hello World","Fission"],"picked":"Doom and Gloom","floor":23.0},{"not_picked":["Defragment","Coolheaded"],"picked":"Leap","floor":24.0},{"not_picked":["Hologram","Gash"],"picked":"Sweeping Beam","floor":25.0},{"not_picked":["Steam Power+1","Gash"],"picked":"Undo","floor":28.0},{"not_picked":["Stack","Beam Cell+1"],"picked":"Force Field","floor":30.0},{"not_picked":["Aggregate","Rebound+1"],"picked":"FTL+1","floor":32.0},{"not_picked":["Reboot","Amplify"],"picked":"Buffer","floor":33.0},{"not_picked":["BootSequence","Hello World+1"],"picked":"Reinforced Body+1","floor":35.0},{"not_picked":["Chaos+1","Stack+1"],"picked":"Defragment+1","floor":37.0},{"not_picked":["Barrage","Coolheaded+1"],"picked":"Loop+1","floor":39.0},{"not_picked":["Stack+1","Gash+1"],"picked":"Self Repair+1","floor":41.0},{"not_picked":["Coolheaded","Doom and Gloom","Streamline+1"],"picked":"SKIP","floor":42.0},{"not_picked":["Redo","Steam"],"picked":"Ball Lightning+1","floor":45.0},{"not_picked":["Redo+1","Chill+1"],"picked":"Creative AI","floor":47.0},{"not_picked":["Stack","Compile Driver","Streamline"],"picked":"SKIP","floor":48.0},{"not_picked":["Blizzard+1","Compile Driver+1"],"picked":"Ball Lightning+1","floor":49.0},{"not_picked":["Gash+1","Darkness+1"],"picked":"Steam+1","floor":54}],"player_experience":348028,"relics_obtained":[{"floor":6.0,"key":"Bag of Preparation"},{"floor":9.0,"key":"Dream Catcher"},{"floor":10.0,"key":"Omamori"},{"floor":23.0,"key":"Tiny Chest"},{"floor":23.0,"key":"Unceasing Top"},{"floor":26.0,"key":"Gremlin Horn"},{"floor":30.0,"key":"War Paint"},{"floor":30.0,"key":"StoneCalendar"},{"floor":36.0,"key":"FossilizedHelix"},{"floor":39.0,"key":"Calipers"},{"floor":41.0,"key":"Oddly Smooth Stone"},{"floor":41.0,"key":"Bag of Marbles"},{"floor":43.0,"key":"Kunai"},{"floor":48.0,"key":"Molten Egg 2"},{"floor":48.0,"key":"Frozen Egg 2"},{"floor":54,"key":"Pen Nib"},{"floor":54,"key":"Art of War"}],"event_choices":[{"damage_healed":0.0,"max_hp_gain":0.0,"max_hp_loss":0.0,"gold_gain":75.0,"event_name":"World of Goop","player_choice":"Gather Gold","floor":7.0,"gold_loss":0.0,"damage_taken":11.0},{"cards_removed":["Strike_B"],"damage_healed":0.0,"max_hp_gain":0.0,"max_hp_loss":0.0,"gold_gain":0.0,"event_name":"Golden Wing","player_choice":"Card Removal","floor":8.0,"gold_loss":0.0,"damage_taken":7.0},{"damage_healed":0.0,"max_hp_gain":0.0,"max_hp_loss":0.0,"gold_gain":0.0,"event_name":"Living Wall","player_choice":"Grow","floor":13.0,"gold_loss":0.0,"damage_taken":0.0,"cards_upgraded":["Chill"]},{"cards_removed":["Strike_B"],"damage_healed":0.0,"max_hp_gain":0.0,"max_hp_loss":0.0,"gold_gain":0.0,"event_name":"Purifier","player_choice":"Purged","floor":20.0,"gold_loss":0.0,"damage_taken":0.0},{"damage_healed":0.0,"max_hp_gain":0.0,"max_hp_loss":0.0,"gold_gain":0.0,"event_name":"Match and Keep!","player_choice":"2 cards matched","floor":31.0,"gold_loss":0.0,"damage_taken":0.0,"cards_obtained":["Echo Form","Forethought"]},{"damage_healed":0.0,"max_hp_gain":0.0,"max_hp_loss":0.0,"gold_gain":0.0,"event_name":"Tomb of Lord Red Mask","player_choice":"Ignored","floor":38.0,"gold_loss":0.0,"damage_taken":0.0},{"damage_healed":0.0,"max_hp_gain":0.0,"max_hp_loss":0.0,"gold_gain":0.0,"event_name":"MindBloom","player_choice":"Fight","floor":39.0,"gold_loss":0.0,"damage_taken":0.0}],"is_beta":false,"boss_relics":[{"not_picked":["Astrolabe","Runic Dome"],"picked":"Black Star"},{"not_picked":["Tiny House","Coffee Dripper"],"picked":"Pandora\u0027s Box"}],"items_purged_floors":[],"is_endless":false,"potions_floor_spawned":[3,5,10,14,18,22,23,30,39,42,45],"killed_by":"The Heart","ascension_level":0}