{"gold_per_floor":[318,330,330,255,330,330,138,212,235,257,279,303,315,390,402,516,528,552,533,545,432,450,450],"floor_reached":23,"playtime":1027,"items_purged":["Defend_R","Strike_R","Defend_R"],"score":181,"play_id":"4b308023-0f9d-4028-bacc-55132a928002","local_time":"20190202022130","is_ascension_mode":false,"campfire_choices":[{"data":"Shrug It Off","floor":6,"key":"SMITH"},{"data":"Discovery","floor":15,"key":"SMITH"}],"neow_cost":"NO_GOLD","seed_source_timestamp":279060710335542,"circlet_count":0,"master_deck":["Strike_R","Strike_R","Strike_R","Strike_R","Defend_R","Defend_R","Bash+1","Shrug It Off+1","Discovery+1"],"relics":["Burning Blood","Old Coin","Toxic Egg 2","MawBank","Juzu Bracelet","Ancient Tea Set","Runic Pyramid"],"potions_floor_usage":[14,23,23],"damage_taken":[{"damage":3,"enemies":"Jaw Worm","floor":1,"turns":4},{"damage":6,"enemies":"Small Slimes","floor":2,"turns":5},{"damage":0,"enemies":"Cultist","floor":10,"turns":2},{"damage":9,"enemies":"Blue Slaver","floor":11,"turns":4},{"damage":2,"enemies":"3 Louse","floor":12,"turns":3},{"damage":15,"enemies":"Gremlin Nob","floor":14,"turns":5},{"damage":20,"enemies":"The Guardian","floor":16,"turns":14},{"damage":3,"enemies":"3 Byrds","floor":18,"turns":4},{"damage":25,"enemies":"2 Thieves","floor":19,"turns":5},{"damage":32,"enemies":"3 Cultists","floor":22,"turns":5},{"damage":42,"enemies":"Gremlin Leader","floor":23,"turns":11}],"seed_played":"-2463876797920144432","potions_obtained":[{"floor":1,"key":"BloodPotion"},{"floor":2,"key":"Ancient Potion"},{"floor":11,"key":"Weak Potion"},{"floor":18,"key":"GamblersBrew"},{"floor":19,"key":"Swift Potion"}],"is_trial":false,"path_per_floor":["M","M","?","$","?","R","$","T","T","M","M","M","?","?","R","B",null,"M","M","?","$","M","E"],"character_chosen":"IRONCLAD","items_purchased":["Discovery"],"campfire_rested":0,"item_purchase_floors":[7],"current_hp_per_floor":[80,80,85,85,74,74,74,74,74,80,77,81,74,65,65,51,85,85,66,66,66,40,6],"gold":450,"neow_bonus":"ONE_RARE_RELIC","is_prod":false,"is_daily":false,"chose_seed":false,"campfire_upgraded":2,"win_rate":0,"timestamp":1549086690,"path_taken":["M","M","?","$","?","R","$","?","T","?","M","M","?","?","R","BOSS","M","M","?","$","M","E"],"build_version":"2019-01-23","purchased_purges":3,"victory":false,"max_hp_per_floor":[80,80,85,85,85,85,85,85,85,85,85,85,85,85,85,85,85,85,85,85,85,85,85],"card_choices":[{"not_picked":["Havoc","Searing Blow"],"picked":"Shrug It Off","floor":1},{"not_picked":["Inflame","Iron Wave","Clash"],"picked":"SKIP","floor":2},{"not_picked":["Body Slam","Pommel Strike","Havoc+1"],"picked":"SKIP","floor":10},{"not_picked":["Shockwave+1","Intimidate+1","Shrug It Off+1"],"picked":"SKIP","floor":11},{"not_picked":["Iron Wave","Cleave","Clash"],"picked":"SKIP","floor":12},{"not_picked":["Warcry+1","Shockwave+1","Cleave"],"picked":"SKIP","floor":18},{"not_picked":["Burning Pact+1","Body Slam+1","Perfected Strike"],"picked":"SKIP","floor":19},{"not_picked":["Flex+1","Clash+1","Cleave"],"picked":"SKIP","floor":22}],"player_experience":321907,"relics_obtained":[{"floor":8,"key":"Toxic Egg 2"},{"floor":9,"key":"MawBank"}],"event_choices":[{"damage_healed":0,"gold_gain":0,"player_choice":"Donut","damage_taken":0,"max_hp_gain":5,"max_hp_loss":0,"event_name":"Big Fish","floor":3,"gold_loss":0},{"damage_healed":0,"gold_gain":75,"player_choice":"Gather Gold","damage_taken":11,"max_hp_gain":0,"max_hp_loss":0,"event_name":"World of Goop","floor":5,"gold_loss":0},{"damage_healed":0,"gold_gain":0,"player_choice":"Success","damage_taken":7,"relics_obtained":["Juzu Bracelet"],"max_hp_gain":0,"max_hp_loss":0,"event_name":"Scrap Ooze","floor":13,"gold_loss":0},{"damage_healed":0,"gold_gain":0,"player_choice":"Searched \u00273\u0027 times","damage_taken":0,"relics_obtained":["Ancient Tea Set"],"max_hp_gain":0,"max_hp_loss":0,"event_name":"Dead Adventurer","floor":14,"gold_loss":0},{"damage_healed":0,"gold_gain":0,"player_choice":"Upgraded","damage_taken":0,"max_hp_gain":0,"max_hp_loss":0,"event_name":"Upgrade Shrine","floor":20,"gold_loss":0,"cards_upgraded":["Bash"]}],"is_beta":false,"boss_relics":[{"not_picked":["Calling Bell","Cursed Key"],"picked":"Runic Pyramid"}],"items_purged_floors":[4,7,21],"is_endless":false,"potions_floor_spawned":[1,2,11,18,19],"killed_by":"Gremlin Leader","ascension_level":0}