{"gold_per_floor":[110,110,122,47,61,61,95,95,95,122,132,145,145,73,73,176,176,187,205,137,154,154,180,280,296,345,345,345],"floor_reached":28,"playtime":2196,"items_purged":["Strike_B"],"score":248,"play_id":"e3621b57-7abe-4011-8be2-9e4e2655849c","local_time":"20190122203427","is_ascension_mode":false,"campfire_choices":[{"data":"Biased Cognition","floor":6,"key":"SMITH"},{"floor":13,"key":"REST"},{"floor":15,"key":"REST"},{"floor":27,"key":"REST"}],"neow_cost":"NONE","seed_source_timestamp":619929345550168,"circlet_count":0,"master_deck":["Defend_B","Defend_B","Zap","Dualcast","Redo","Biased Cognition+1","BootSequence","Creative AI","Fusion","Melter","Double Energy","Defragment","Rainbow","FTL+1","White Noise+1","Static Discharge+1","Storm+1","Capacitor","Heatsinks","Darkness","Darkness+1"],"relics":["Cracked Core","Pen Nib","PreservedInsect","Gremlin Horn","Shuriken","Astrolabe","MutagenicStrength","Letter Opener","Blood Vial"],"potions_floor_usage":[16,25],"damage_taken":[{"damage":0,"enemies":"Small Slimes","floor":1,"turns":3},{"damage":0,"enemies":"Cultist","floor":3,"turns":3},{"damage":0,"enemies":"2 Louse","floor":5,"turns":2},{"damage":35,"enemies":"Lagavulin","floor":7,"turns":6},{"damage":19,"enemies":"Gremlin Nob","floor":10,"turns":4},{"damage":10,"enemies":"Looter","floor":11,"turns":3},{"damage":0,"enemies":"Gremlin Gang","floor":12,"turns":3},{"damage":34,"enemies":"The Guardian","floor":16,"turns":10},{"damage":16,"enemies":"Spheric Guardian","floor":18,"turns":4},{"damage":3,"enemies":"3 Byrds","floor":19,"turns":4},{"damage":30,"enemies":"Snecko","floor":21,"turns":4},{"damage":8,"enemies":"Book of Stabbing","floor":23,"turns":3},{"damage":9,"enemies":"Sentry and Sphere","floor":25,"turns":3},{"damage":33,"enemies":"3 Cultists","floor":28,"turns":3}],"seed_played":"-4295013610994294898","potions_obtained":[{"floor":10,"key":"Energy Potion"},{"floor":11,"key":"Swift Potion"},{"floor":19,"key":"FearPotion"},{"floor":23,"key":"Dexterity Potion"}],"is_trial":false,"path_per_floor":["M","?","M","$","M","R","E","?","T","E","M","M","R","$","R","B",null,"M","M","$","M","?","E","?","M","T","R","M"],"character_chosen":"DEFECT","items_purchased":["Defragment","Heatsinks"],"campfire_rested":3,"item_purchase_floors":[14,20],"current_hp_per_floor":[75,68,68,68,68,68,33,33,33,14,4,4,26,26,48,14,75,59,56,56,26,26,18,18,9,9,31,0],"gold":345,"neow_bonus":"RANDOM_COMMON_RELIC","is_prod":false,"is_daily":false,"chose_seed":false,"campfire_upgraded":1,"win_rate":0.0,"timestamp":1548156867,"path_taken":["M","?","M","$","M","R","E","?","T","E","?","M","R","$","R","BOSS","M","M","$","M","?","E","?","?","T","R","M"],"build_version":"2019-01-17v2","purchased_purges":1,"victory":false,"max_hp_per_floor":[75,75,75,75,75,75,75,75,75,75,75,75,75,75,75,75,75,75,75,75,75,75,75,75,75,75,75,75],"card_choices":[{"not_picked":["Leap","Hologram"],"picked":"Redo","floor":1},{"not_picked":["Steam Power","Stack"],"picked":"Biased Cognition","floor":3},{"not_picked":["Chaos","Beam Cell"],"picked":"BootSequence","floor":5},{"not_picked":["Compile Driver","Gash"],"picked":"Creative AI","floor":7},{"not_picked":["Coolheaded","Steam"],"picked":"Fusion","floor":10},{"not_picked":["Ball Lightning","Hologram"],"picked":"Melter","floor":11},{"not_picked":["Steam","BootSequence"],"picked":"Double Energy","floor":12},{"not_picked":["Creative AI","Fission"],"picked":"Rainbow","floor":16},{"not_picked":["Hologram+1","Turbo+1"],"picked":"Storm+1","floor":18},{"not_picked":["Stack","Steam+1"],"picked":"Capacitor","floor":19},{"not_picked":["Gash","Rebound"],"picked":"Darkness","floor":21},{"not_picked":["Ball Lightning","Aggregate+1"],"picked":"Darkness+1","floor":23},{"not_picked":["Hello World+1","Darkness","Chill"],"picked":"SKIP","floor":25}],"player_experience":32204,"relics_obtained":[{"floor":7,"key":"PreservedInsect"},{"floor":9,"key":"Gremlin Horn"},{"floor":10,"key":"Shuriken"},{"floor":23,"key":"Letter Opener"},{"floor":26,"key":"Blood Vial"}],"event_choices":[{"cards_removed":["Strike_B"],"damage_healed":0,"gold_gain":0,"player_choice":"Card Removal","damage_taken":7,"max_hp_gain":0,"max_hp_loss":0,"event_name":"Golden Wing","floor":2,"gold_loss":0},{"cards_removed":["Strike_B"],"damage_healed":0,"gold_gain":0,"player_choice":"Offered Basic","damage_taken":0,"max_hp_gain":0,"max_hp_loss":0,"event_name":"Bonfire Elementals","floor":8,"gold_loss":0},{"damage_healed":0,"gold_gain":0,"player_choice":"Inject Mutagens","damage_taken":0,"relics_obtained":["MutagenicStrength"],"max_hp_gain":0,"max_hp_loss":0,"event_name":"Drug Dealer","floor":22,"gold_loss":0},{"damage_healed":0,"gold_gain":100,"player_choice":"Pray","damage_taken":0,"max_hp_gain":0,"max_hp_loss":0,"event_name":"Golden Shrine","floor":24,"gold_loss":0}],"is_beta":false,"boss_relics":[{"not_picked":["Coffee Dripper","Empty Cage"],"picked":"Astrolabe"}],"items_purged_floors":[4],"is_endless":false,"potions_floor_spawned":[10,11,19,23],"killed_by":"3 Cultists","ascension_level":0}