{"gold_per_floor":[99,99,69,69,69,69,69,16,16,16,16,16,16,16,16,16,16,16,16,16,16,16],"floor_reached":22,"playtime":2008,"items_purged":[],"score":178,"play_id":"0f7d8b7e-81b6-4f1b-adda-8aa93c1869b9","local_time":"20190121144155","is_ascension_mode":false,"campfire_choices":[{"data":"Searing Blow","floor":6.0,"key":"SMITH"},{"data":"Armaments","floor":12.0,"key":"SMITH"},{"data":"Searing Blow+1","floor":15.0,"key":"SMITH"}],"neow_cost":"NONE","seed_source_timestamp":0,"circlet_count":0,"master_deck":["Strike_R","Strike_R","Strike_R","Strike_R","Strike_R","Defend_R","Defend_R","Defend_R","Defend_R","Bash","Cleave","Searing Blow+2","Flex","Armaments+1","Seeing Red","Ghostly Armor","Parasite","Limit Break","Heavy Blade","Shrug It Off+1","Shrug It Off","Armaments+1"],"special_seed":0,"relics":["Ectoplasm","Kunai","Darkstone Periapt","Sozu"],"potions_floor_usage":[],"damage_taken":[{"damage":1.0,"enemies":"2 Louse","floor":1.0,"turns":3.0},{"damage":6.0,"enemies":"Jaw Worm","floor":2.0,"turns":2.0},{"damage":0.0,"enemies":"Small Slimes","floor":7.0,"turns":3.0},{"damage":9.0,"enemies":"2 Fungi Beasts","floor":11.0,"turns":3.0},{"damage":6.0,"enemies":"Large Slime","floor":13.0,"turns":4.0},{"damage":37.0,"enemies":"Hexaghost","floor":16.0,"turns":9.0},{"damage":8.0,"enemies":"3 Byrds","floor":18.0,"turns":6.0},{"damage":10.0,"enemies":"Shell Parasite","floor":19.0,"turns":6.0},{"damage":43.0,"enemies":"Sentry and Sphere","floor":20.0,"turns":8.0},{"damage":13.0,"enemies":"Centurion and Healer","floor":21.0,"turns":10.0},{"damage":22,"enemies":"3 Cultists","floor":22,"turns":4}],"seed_played":"2703073956050049327","potions_obtained":[{"floor":7.0,"key":"LiquidBronze"},{"floor":13.0,"key":"EntropicBrew"}],"is_trial":false,"path_per_floor":["M","M","?","$","?","R","M","$","T","?","M","R","M","?","R","B",null,"M","M","M","M","M"],"character_chosen":"IRONCLAD","items_purchased":["Armaments"],"campfire_rested":0,"item_purchase_floors":[8],"current_hp_per_floor":[79,73,73,73,73,73,73,73,73,70,61,61,55,81,81,44,86,78,68,25,12,0],"gold":16,"neow_bonus":"BOSS_RELIC","is_prod":false,"is_daily":false,"chose_seed":false,"campfire_upgraded":3,"win_rate":0.0,"timestamp":1548049315,"path_taken":["M","M","?","$","?","R","M","?","T","?","M","R","M","?","R","BOSS","M","M","M","M","M"],"build_version":"2019-01-17v2","purchased_purges":0,"victory":false,"max_hp_per_floor":[80,80,80,80,80,80,80,80,80,80,80,80,80,86,86,86,86,86,86,86,86,86],"card_choices":[{"not_picked":["Body Slam","Sword Boomerang"],"picked":"Cleave","floor":1.0},{"not_picked":["Fiend Fire","Armaments"],"picked":"Searing Blow","floor":2.0},{"not_picked":["Cleave","Feel No Pain"],"picked":"Flex","floor":7.0},{"not_picked":["Thunderclap","Blood for Blood"],"picked":"Seeing Red","floor":11.0},{"not_picked":["Rupture","Iron Wave"],"picked":"Ghostly Armor","floor":13.0},{"not_picked":["Dark Embrace","Fiend Fire"],"picked":"Limit Break","floor":16.0},{"not_picked":["True Grit","Thunderclap"],"picked":"Heavy Blade","floor":18.0},{"not_picked":["Anger+1","Twin Strike"],"picked":"Shrug It Off+1","floor":19.0},{"not_picked":["Body Slam","Sword Boomerang"],"picked":"Shrug It Off","floor":20.0},{"not_picked":["Anger","Perfected Strike"],"picked":"Armaments+1","floor":21}],"player_experience":14658,"relics_obtained":[{"floor":9.0,"key":"Kunai"}],"event_choices":[{"damage_healed":0.0,"max_hp_gain":0.0,"max_hp_loss":0.0,"gold_gain":0.0,"event_name":"World of Goop","player_choice":"Left Gold","floor":3.0,"gold_loss":30.0,"damage_taken":0.0},{"damage_healed":0.0,"max_hp_gain":0.0,"max_hp_loss":0.0,"gold_gain":0.0,"event_name":"Shining Light","player_choice":"Ignored","floor":5.0,"gold_loss":0.0,"damage_taken":0.0},{"damage_healed":0.0,"max_hp_gain":0.0,"max_hp_loss":0.0,"gold_gain":0.0,"event_name":"Scrap Ooze","player_choice":"Success","floor":10.0,"gold_loss":0.0,"damage_taken":3.0,"relics_obtained":["Darkstone Periapt"]},{"damage_healed":20.0,"max_hp_gain":0.0,"max_hp_loss":0.0,"gold_gain":0.0,"event_name":"Mushrooms","player_choice":"Healed and dodged fight","floor":14.0,"gold_loss":0.0,"damage_taken":0.0,"cards_obtained":["Parasite"]}],"is_beta":false,"boss_relics":[{"not_picked":["Philosopher\u0027s Stone","White Beast Statue"],"picked":"Sozu"}],"items_purged_floors":[],"is_endless":false,"potions_floor_spawned":[7,13,20],"killed_by":"3 Cultists","ascension_level":0}