{"gold_per_floor":[114,64,64,64,64,75,127,155,155,175,100,117,84,84,84,182,182,192,54,70,22,121,121,131,6,6,6,6,19,19,37,37,140,140,158,8,8,25,25,25,39,55,104,6,6],"floor_reached":45,"playtime":3743,"items_purged":["Strike_R","Strike_R","Defend_R","Shame"],"score":426,"play_id":"c0e5961a-5af6-47ea-b0e3-af3b437b96c1","local_time":"20190103233316","is_ascension_mode":false,"campfire_choices":[{"floor":15,"key":"REST"},{"data":"Armaments","floor":23,"key":"SMITH"},{"data":"Limit Break","floor":32,"key":"SMITH"},{"data":"Rampage","floor":40,"key":"SMITH"}],"neow_cost":"NONE","seed_source_timestamp":207934223604300,"circlet_count":0,"master_deck":["Strike_R+1","Defend_R+1","Defend_R+1","Defend_R","Bash+1","Juggernaut","Iron Wave","Spot Weakness","Headbutt","Rampage+1","Reaper","Metallicize","Limit Break+1","Disarm","Flame Barrier","Anger+1","Cleave","Iron Wave","Demon Form","Cleave+1","Uppercut"],"relics":["Burning Blood","War Paint","Odd Mushroom","Bronze Scales","Runic Cube","Kunai","Strawberry","Lizard Tail","Boot"],"potions_floor_usage":[16,24,24,33,33,41,45],"damage_taken":[{"damage":6,"enemies":"2 Louse","floor":1,"turns":3},{"damage":3,"enemies":"Jaw Worm","floor":6,"turns":4},{"damage":28,"enemies":"The Mushroom Lair","floor":8,"turns":6},{"damage":5,"enemies":"Small Slimes","floor":10,"turns":4},{"damage":6,"enemies":"Exordium Wildlife","floor":12,"turns":4},{"damage":22,"enemies":"The Guardian","floor":16,"turns":9},{"damage":29,"enemies":"2 Thieves","floor":18,"turns":5},{"damage":14,"enemies":"Shell Parasite","floor":20,"turns":6},{"damage":4,"enemies":"Chosen and Byrds","floor":24,"turns":6},{"damage":15,"enemies":"Cultist and Chosen","floor":29,"turns":6},{"damage":8,"enemies":"Shelled Parasite and Fungi","floor":31,"turns":5},{"damage":62,"enemies":"Collector","floor":33,"turns":9},{"damage":27,"enemies":"3 Darklings","floor":35,"turns":5},{"damage":30,"enemies":"3 Shapes","floor":38,"turns":5},{"damage":49,"enemies":"3 Darklings","floor":41,"turns":7},{"damage":59,"enemies":"Spire Growth","floor":42,"turns":8},{"damage":26,"enemies":"Jaw Worm Horde","floor":45,"turns":3}],"seed_played":"2944012785621802954","potions_obtained":[{"floor":1,"key":"EssenceOfSteel"},{"floor":10,"key":"Block Potion"},{"floor":16,"key":"Explosive Potion"},{"floor":18,"key":"FearPotion"},{"floor":31,"key":"LiquidBronze"},{"floor":35,"key":"AttackPotion"}],"is_trial":false,"path_per_floor":["M","?","?","$","?","M","T","?","T","M","$","M","$","?","R","B",null,"M","$","M","$","?","R","M","$","T","?","?","M","$","M","R","B",null,"M","$","?","M","?","R","M","M","T","$","M"],"character_chosen":"IRONCLAD","items_purchased":["Metallicize","Disarm","Armaments","AttackPotion","Poison Potion"],"campfire_rested":1,"item_purchase_floors":[13,19,21,44,44],"current_hp_per_floor":[80,80,85,85,68,71,71,49,49,50,50,50,50,43,68,65,85,62,62,54,54,54,54,65,65,65,65,72,63,63,70,70,14,92,71,71,71,55,55,55,20,26,26,26,0],"gold":6,"neow_bonus":"ONE_RANDOM_RARE_CARD","is_prod":false,"is_daily":false,"chose_seed":false,"campfire_upgraded":3,"win_rate":0.0,"timestamp":1546558396,"path_taken":["M","?","?","$","?","M","?","?","T","M","$","M","?","?","R","BOSS","M","$","M","$","?","R","M","?","T","?","?","M","?","M","R","BOSS","M","$","?","M","?","R","?","M","T","$","M"],"build_version":"2018-12-20","purchased_purges":4,"victory":false,"max_hp_per_floor":[80,80,85,85,85,85,85,85,85,85,85,85,85,85,85,85,85,85,85,85,85,85,85,85,85,85,85,92,92,92,92,92,92,92,92,92,92,92,92,92,92,92,92,92,92],"card_choices":[{"not_picked":["Carnage","Heavy Blade"],"picked":"Iron Wave","floor":1},{"not_picked":["Flex","Clash"],"picked":"Spot Weakness","floor":6},{"not_picked":["Whirlwind","Clothesline"],"picked":"Headbutt","floor":8},{"not_picked":["Body Slam","Clash"],"picked":"Rampage","floor":10},{"not_picked":["Iron Wave","Headbutt"],"picked":"Reaper","floor":12},{"not_picked":["Barricade","Impervious"],"picked":"Limit Break","floor":16},{"not_picked":["Flex","Anger","Pommel Strike"],"picked":"SKIP","floor":18},{"not_picked":["Second Wind","Sword Boomerang"],"picked":"Flame Barrier","floor":20},{"not_picked":["Pommel Strike","Heavy Blade"],"picked":"Anger+1","floor":24},{"not_picked":["Anger","Blood for Blood+1"],"picked":"Iron Wave","floor":29},{"not_picked":["Clash","Second Wind","Sword Boomerang"],"picked":"SKIP","floor":31},{"not_picked":["Berserk","Bludgeon"],"picked":"Demon Form","floor":33},{"not_picked":["Blood for Blood+1","Pommel Strike+1"],"picked":"Cleave+1","floor":35},{"not_picked":["Perfected Strike","Headbutt+1"],"picked":"Uppercut","floor":38},{"not_picked":["Pommel Strike+1","Anger+1","Body Slam"],"picked":"SKIP","floor":41},{"not_picked":["Armaments","Feel No Pain","Flex+1"],"picked":"SKIP","floor":42}],"player_experience":19824,"relics_obtained":[{"floor":7,"key":"War Paint"},{"floor":8,"key":"Odd Mushroom"},{"floor":9,"key":"Bronze Scales"},{"floor":26,"key":"Kunai"},{"floor":43,"key":"Boot"}],"event_choices":[{"cards_removed":["Strike_R"],"damage_healed":0,"gold_gain":0,"player_choice":"Card Removal","damage_taken":0,"max_hp_gain":0,"max_hp_loss":0,"event_name":"The Cleric","floor":2,"gold_loss":50},{"damage_healed":0,"gold_gain":0,"player_choice":"Donut","damage_taken":0,"max_hp_gain":5,"max_hp_loss":0,"event_name":"Big Fish","floor":3,"gold_loss":0},{"damage_healed":0,"gold_gain":0,"player_choice":"Entered Light","damage_taken":17,"max_hp_gain":0,"max_hp_loss":0,"event_name":"Shining Light","floor":5,"gold_loss":0,"cards_upgraded":["Bash","Strike_R"]},{"damage_healed":0,"gold_gain":0,"player_choice":"Fought Mushrooms","damage_taken":0,"max_hp_gain":0,"max_hp_loss":0,"event_name":"Mushrooms","floor":8,"gold_loss":0},{"cards_removed":["Strike_R"],"damage_healed":0,"gold_gain":0,"player_choice":"Card Removal","damage_taken":7,"max_hp_gain":0,"max_hp_loss":0,"event_name":"Golden Wing","floor":14,"gold_loss":0},{"damage_healed":0,"gold_gain":99,"player_choice":"Stole From Cult","damage_taken":0,"max_hp_gain":0,"max_hp_loss":0,"event_name":"Nest","floor":22,"gold_loss":0},{"damage_healed":0,"gold_gain":0,"player_choice":"Read","damage_taken":0,"max_hp_gain":0,"max_hp_loss":0,"event_name":"The Library","floor":27,"gold_loss":0,"cards_obtained":["Cleave"]},{"damage_healed":0,"gold_gain":0,"player_choice":"Stole Relic","damage_taken":0,"relics_obtained":["Strawberry"],"max_hp_gain":0,"max_hp_loss":0,"event_name":"Addict","floor":28,"gold_loss":0,"cards_obtained":["Shame"]},{"cards_removed":["Armaments"],"damage_healed":0,"gold_gain":0,"player_choice":"Removed Skill","damage_taken":0,"max_hp_gain":0,"max_hp_loss":0,"event_name":"Falling","floor":37,"gold_loss":0},{"damage_healed":0,"gold_gain":0,"player_choice":"Ignored","damage_taken":0,"max_hp_gain":0,"max_hp_loss":0,"event_name":"SecretPortal","floor":39,"gold_loss":0}],"is_beta":false,"boss_relics":[{"not_picked":["Runic Dome","Velvet Choker"],"picked":"Runic Cube"},{"not_picked":["Tiny House","Mark of Pain"],"picked":"Lizard Tail"}],"items_purged_floors":[11,19,25,36],"is_endless":false,"potions_floor_spawned":[1,10,16,18,31,35],"killed_by":"Jaw Worm Horde","ascension_level":0}