{"gold_per_floor":[109,109,128,138,150,150,160,160,187,187,19,35,47,82,82,82],"floor_reached":16,"playtime":823,"items_purged":["Strike_G"],"score":120,"play_id":"5b90e3b7-ceea-4786-9dec-2ba8e75667af","local_time":"20180826231307","is_ascension_mode":true,"campfire_choices":[{"data":"Cloak And Dagger","floor":6,"key":"SMITH"},{"floor":8,"key":"REST"},{"data":"Backflip","floor":10,"key":"SMITH"},{"floor":15,"key":"REST"}],"neow_cost":"NONE","seed_source_timestamp":916397207542424,"circlet_count":0,"master_deck":["Defend_G","Defend_G","Defend_G","Defend_G","Defend_G","Strike_G","Strike_G","Strike_G","Strike_G","Survivor","Neutralize","Corpse Explosion","Infinite Blades","Cloak And Dagger+1","Prepared","PiercingWail","Backflip+1","Bandage Up","Prepared"],"relics":["Ring of the Snake","Potion Belt","Blood Vial"],"potions_floor_usage":[14,14,16],"damage_taken":[{"damage":1,"enemies":"Small Slimes","floor":1,"turns":4},{"damage":0,"enemies":"Cultist","floor":3,"turns":4},{"damage":2,"enemies":"Jaw Worm","floor":4,"turns":5},{"damage":0,"enemies":"2 Fungi Beasts","floor":5,"turns":2},{"damage":31,"enemies":"Exordium Thugs","floor":7,"turns":5},{"damage":3,"enemies":"Looter","floor":12,"turns":4},{"damage":1,"enemies":"Gremlin Gang","floor":13,"turns":6},{"damage":19,"enemies":"Gremlin Nob","floor":14,"turns":5},{"damage":78,"enemies":"Slime Boss","floor":16,"turns":11}],"seed_played":"5329264494701216622","potions_obtained":[{"floor":4,"key":"Swift Potion"},{"floor":5,"key":"Strength Potion"},{"floor":7,"key":"Weak Potion"},{"floor":13,"key":"Swift Potion"},{"floor":14,"key":"Dexterity Potion"}],"is_trial":false,"path_per_floor":["M","?","M","M","M","R","M","R","T","R","$","M","M","E","R"],"character_chosen":"THE_SILENT","items_purchased":["Bandage Up"],"campfire_rested":2,"item_purchase_floors":[11],"current_hp_per_floor":[69,69,69,67,67,67,36,57,57,57,57,58,61,46,67,0],"gold":82,"neow_bonus":"ONE_RANDOM_RARE_CARD","is_prod":false,"is_daily":false,"chose_seed":false,"campfire_upgraded":2,"win_rate":0,"timestamp":1535296387,"path_taken":["M","?","?","M","M","R","M","R","T","R","$","M","M","E","R","BOSS"],"build_version":"2018-08-23v2","purchased_purges":1,"victory":false,"max_hp_per_floor":[70,70,70,70,70,70,70,70,70,70,70,70,70,70,70,70],"card_choices":[{"not_picked":["Flying Knee","Catalyst"],"picked":"Infinite Blades","floor":1},{"not_picked":["Blade Dance","Flying Knee"],"picked":"Cloak And Dagger","floor":3},{"not_picked":["Outmaneuver","Riddle With Holes"],"picked":"Prepared","floor":4},{"not_picked":["Poisoned Stab","Blade Dance"],"picked":"PiercingWail","floor":5},{"not_picked":["Bane","Slice"],"picked":"Backflip","floor":7},{"not_picked":["Deadly Poison","Blade Dance"],"picked":"Prepared","floor":12},{"not_picked":["Flying Knee","Dagger Throw","Prepared"],"picked":"SKIP","floor":13},{"not_picked":["Acrobatics","Concentrate","Distraction"],"picked":"SKIP","floor":14}],"player_experience":288955,"relics_obtained":[{"floor":9,"key":"Potion Belt"},{"floor":14,"key":"Blood Vial"}],"event_choices":[{"event_name":"FaceTrader","player_choice":"Leave","floor":2,"damage_taken":0}],"is_beta":false,"boss_relics":[],"items_purged_floors":[11],"is_endless":false,"potions_floor_spawned":[4,5,7,13,14],"killed_by":"Slime Boss","ascension_level":3}