{"gold_per_floor":[213,173,191,209,227,252,252,273,273,303,303,303,330,330,330,330],"floor_reached":16,"playtime":1940,"items_purged":[],"score":124,"play_id":"6b58da56-add0-4051-b575-4526cc03a28d","local_time":"20190111161949","is_ascension_mode":true,"campfire_choices":[{"floor":7,"key":"REST"},{"floor":11,"key":"REST"},{"floor":15,"key":"RECALL"}],"neow_cost":"NONE","seed_source_timestamp":750708131400,"circlet_count":0,"master_deck":["Defend_G","Defend_G","Defend_G","Defend_G","Defend_G","Strike_G","Strike_G","Strike_G","Strike_G","Strike_G","Survivor","Neutralize","Backstab","Prepared","Backstab","Bouncing Flask","Crippling Poison","Deadly Poison","Malaise","Adrenaline+1"],"relics":["Ring of the Snake","Shuriken","Odd Mushroom","Paper Crane","Centennial Puzzle","Matryoshka"],"potions_floor_usage":[6,16],"damage_taken":[{"damage":2,"enemies":"Jaw Worm","floor":1,"turns":5},{"damage":0,"enemies":"Small Slimes","floor":3,"turns":3},{"damage":0,"enemies":"Cultist","floor":4,"turns":3},{"damage":1,"enemies":"Exordium Thugs","floor":5,"turns":4},{"damage":45,"enemies":"Lagavulin","floor":6,"turns":7},{"damage":10,"enemies":"The Mushroom Lair","floor":8,"turns":3},{"damage":17,"enemies":"3 Sentries","floor":10,"turns":8},{"damage":10,"enemies":"Gremlin Nob","floor":13,"turns":3},{"damage":34,"enemies":"Slime Boss","floor":16,"turns":9}],"seed_played":"-7922346337291426073","potions_obtained":[{"floor":1,"key":"SkillPotion"},{"floor":3,"key":"SkillPotion"},{"floor":5,"key":"Strength Potion"},{"floor":8,"key":"Dexterity Potion"}],"is_trial":false,"path_per_floor":["M","$","M","M","M","E","R","?","T","E","R","?","E","?","R","B"],"character_chosen":"THE_SILENT","items_purchased":["Backstab"],"campfire_rested":2,"item_purchase_floors":[2],"current_hp_per_floor":[68,68,68,68,67,22,43,33,33,16,37,37,27,27,27,0],"gold":330,"neow_bonus":"HUNDRED_GOLD","is_prod":false,"is_daily":false,"chose_seed":false,"campfire_upgraded":0,"win_rate":0,"timestamp":1547223589,"path_taken":["M","$","M","M","M","E","R","?","T","E","R","?","E","?","R","BOSS"],"build_version":"2019-01-10","purchased_purges":0,"victory":false,"max_hp_per_floor":[70,70,70,70,70,70,70,70,70,70,70,70,70,70,70,70],"card_choices":[{"not_picked":["Reflex","Expertise","Deflect"],"picked":"SKIP","floor":1},{"not_picked":["Flechettes","Calculated Gamble"],"picked":"Prepared","floor":3},{"not_picked":["Skewer","Slice"],"picked":"Backstab","floor":4},{"not_picked":["Slice","Accuracy"],"picked":"Bouncing Flask","floor":5},{"not_picked":["Quick Slash","Prepared"],"picked":"Crippling Poison","floor":6},{"not_picked":["Choke","Cloak And Dagger"],"picked":"Deadly Poison","floor":8},{"not_picked":["Prepared","Outmaneuver"],"picked":"Malaise","floor":10},{"not_picked":["Prepared","Deflect"],"picked":"Adrenaline","floor":13}],"player_experience":80762,"relics_obtained":[{"floor":6,"key":"Shuriken"},{"floor":8,"key":"Odd Mushroom"},{"floor":9,"key":"Paper Crane"},{"floor":10,"key":"Centennial Puzzle"},{"floor":13,"key":"Matryoshka"}],"event_choices":[{"damage_healed":0,"gold_gain":0,"player_choice":"Fought Mushrooms","damage_taken":0,"max_hp_gain":0,"max_hp_loss":0,"event_name":"Mushrooms","floor":8,"gold_loss":0},{"damage_healed":0,"gold_gain":0,"player_choice":"Ignored","damage_taken":0,"max_hp_gain":0,"max_hp_loss":0,"event_name":"Shining Light","floor":12,"gold_loss":0},{"damage_healed":0,"gold_gain":0,"player_choice":"Upgraded","damage_taken":0,"max_hp_gain":0,"max_hp_loss":0,"event_name":"Upgrade Shrine","floor":14,"gold_loss":0,"cards_upgraded":["Adrenaline"]}],"is_beta":false,"boss_relics":[],"items_purged_floors":[],"is_endless":false,"potions_floor_spawned":[1,3,5,8,10],"killed_by":"Slime Boss","ascension_level":1}