{"gold_per_floor":[116,131,10,28,40,71,83,113,125,155,167,198,243,255],"floor_reached":14,"playtime":612,"items_purged":[],"score":104,"play_id":"e34d6ff3-1ab1-446c-bfa8-c842c3b628c8","local_time":"20190110194212","is_ascension_mode":false,"campfire_choices":[{"data":"Noxious Fumes","floor":7,"key":"SMITH"},{"floor":11,"key":"REST"}],"neow_cost":"NONE","seed_source_timestamp":14843540702282,"circlet_count":0,"master_deck":["Defend_G","Defend_G","Defend_G","Defend_G","Defend_G","Strike_G","Strike_G","Strike_G","Strike_G","Strike_G","Survivor","Neutralize","Infinite Blades","Masterful Stab","Caltrops","Noxious Fumes+1","Dagger Spray","Poisoned Stab","Catalyst","Caltrops","Burst","Dodge and Roll"],"relics":["Ring of the Snake","MawBank","Happy Flower","Ancient Tea Set"],"potions_floor_usage":[],"damage_taken":[{"damage":0,"enemies":"2 Louse","floor":1,"turns":2},{"damage":0,"enemies":"Jaw Worm","floor":2,"turns":3},{"damage":0,"enemies":"Cultist","floor":4,"turns":4},{"damage":4,"enemies":"Lots of Slimes","floor":5,"turns":5},{"damage":18,"enemies":"3 Sentries","floor":6,"turns":6},{"damage":7,"enemies":"Exordium Thugs","floor":8,"turns":4},{"damage":5,"enemies":"Looter","floor":10,"turns":3},{"damage":4,"enemies":"Exordium Wildlife","floor":12,"turns":3},{"damage":48,"enemies":"Lagavulin","floor":13,"turns":9},{"damage":9,"enemies":"Exordium Thugs","floor":14,"turns":1}],"seed_played":"6300510959852368605","potions_obtained":[{"floor":1,"key":"SteroidPotion"},{"floor":4,"key":"Dexterity Potion"},{"floor":6,"key":"FearPotion"}],"is_trial":false,"path_per_floor":["M","M","$","M","M","E","R","M","T","M","R","M","E","M"],"character_chosen":"THE_SILENT","items_purchased":["Noxious Fumes","Dagger Spray"],"campfire_rested":1,"item_purchase_floors":[3,3],"current_hp_per_floor":[70,70,70,70,66,48,48,41,41,36,57,53,5,0],"gold":255,"neow_bonus":"THREE_CARDS","is_prod":false,"is_daily":false,"chose_seed":false,"campfire_upgraded":1,"win_rate":0,"timestamp":1547120532,"path_taken":["M","M","$","M","M","E","R","M","T","M","R","M","E","M"],"build_version":"2019-01-03v4","purchased_purges":0,"victory":false,"max_hp_per_floor":[70,70,70,70,70,70,70,70,70,70,70,70,70,70],"card_choices":[{"not_picked":["Dagger Throw","Bane"],"picked":"Infinite Blades","floor":0},{"not_picked":["Bouncing Flask","Slice"],"picked":"Masterful Stab","floor":1},{"not_picked":["Setup","Tactician"],"picked":"Caltrops","floor":2},{"not_picked":["Flying Knee","Infinite Blades"],"picked":"Poisoned Stab","floor":4},{"not_picked":["Flying Knee","Poisoned Stab","Predator"],"picked":"SKIP","floor":5},{"not_picked":["Choke","Slice"],"picked":"Catalyst","floor":6},{"not_picked":["Infinite Blades","Blade Dance"],"picked":"Caltrops","floor":8},{"not_picked":["Distraction","Tactician","Acrobatics"],"picked":"SKIP","floor":10},{"not_picked":["Reflex","Tactician"],"picked":"Burst","floor":12},{"not_picked":["Expertise","Acrobatics"],"picked":"Dodge and Roll","floor":13}],"player_experience":597433,"relics_obtained":[{"floor":6,"key":"MawBank"},{"floor":9,"key":"Happy Flower"},{"floor":13,"key":"Ancient Tea Set"}],"event_choices":[],"is_beta":false,"boss_relics":[],"items_purged_floors":[],"is_endless":false,"potions_floor_spawned":[1,4,6,13],"killed_by":"Exordium Thugs","ascension_level":0}