{"gold_per_floor":[111,125,54,65,80,80,113,63,63,63,388,388,388],"floor_reached":13,"playtime":608,"items_purged":[],"score":93,"play_id":"3a250428-cff2-4c63-b10e-7d36d577098a","local_time":"20190105002905","is_ascension_mode":false,"campfire_choices":[{"data":"Fusion","floor":6,"key":"SMITH"},{"data":"Defragment","floor":10,"key":"SMITH"}],"neow_cost":"NONE","seed_source_timestamp":616166143175299,"circlet_count":0,"master_deck":["Strike_B","Strike_B","Defend_B","Defend_B","Defend_B","Defend_B","Zap","Dualcast","Defragment+1","Stack","Fusion+1","Leap","Coolheaded","FTL","Conserve Battery"],"relics":["Cracked Core","Torii","Unceasing Top","Old Coin"],"potions_floor_usage":[],"damage_taken":[{"damage":1,"enemies":"Small Slimes","floor":1,"turns":4},{"damage":3,"enemies":"Jaw Worm","floor":2,"turns":3},{"damage":0,"enemies":"2 Louse","floor":4,"turns":2},{"damage":4,"enemies":"Exordium Wildlife","floor":5,"turns":4},{"damage":32,"enemies":"3 Sentries","floor":7,"turns":10},{"damage":7,"enemies":"Lagavulin","floor":11,"turns":7},{"damage":29,"enemies":"Gremlin Nob","floor":13,"turns":4}],"seed_played":"3345436034393910410","potions_obtained":[{"floor":1,"key":"Swift Potion"},{"floor":2,"key":"LiquidBronze"}],"is_trial":false,"path_per_floor":["M","M","$","M","M","R","E","?","T","R","E","?","E"],"character_chosen":"DEFECT","items_purchased":["Fusion"],"campfire_rested":0,"item_purchase_floors":[3],"current_hp_per_floor":[81,78,78,78,74,74,42,42,42,42,35,28,0],"gold":388,"neow_bonus":"TEN_PERCENT_HP_BONUS","is_prod":false,"is_daily":false,"chose_seed":false,"campfire_upgraded":2,"win_rate":0,"timestamp":1546666145,"path_taken":["M","M","$","M","M","R","E","?","T","R","E","?","E"],"build_version":"2019-01-03v4","purchased_purges":0,"victory":false,"max_hp_per_floor":[82,82,82,82,82,82,82,82,82,82,82,82,82],"card_choices":[{"not_picked":["Chill","Coolheaded"],"picked":"Defragment","floor":1},{"not_picked":["Barrage","Sweeping Beam"],"picked":"Stack","floor":2},{"not_picked":["Beam Cell","Fusion"],"picked":"Leap","floor":4},{"not_picked":["Reprogram","Scrape"],"picked":"Coolheaded","floor":5},{"not_picked":["Aggregate","Turbo"],"picked":"FTL","floor":7},{"not_picked":["Reboot","Chill"],"picked":"Conserve Battery","floor":11}],"player_experience":20369,"relics_obtained":[{"floor":7,"key":"Torii"},{"floor":9,"key":"Unceasing Top"},{"floor":11,"key":"Old Coin"}],"event_choices":[{"cards_removed":["Strike_B"],"damage_healed":0,"gold_gain":0,"player_choice":"Card Removal","damage_taken":0,"max_hp_gain":0,"max_hp_loss":0,"event_name":"The Cleric","floor":8,"gold_loss":50},{"cards_removed":["Strike_B"],"damage_healed":0,"gold_gain":0,"player_choice":"Card Removal","damage_taken":7,"max_hp_gain":0,"max_hp_loss":0,"event_name":"Golden Wing","floor":12,"gold_loss":0}],"is_beta":false,"boss_relics":[],"items_purged_floors":[],"is_endless":false,"potions_floor_spawned":[1,2],"killed_by":"Gremlin Nob","ascension_level":0}