{"gold_per_floor":[211,211,211,13,25,51,63,90,164,13,13,29,59,69,69,171,171,187,187,187,207,237,237,337,237,237,237,249,249,260,260,260,362,362,381,84,84,104,104,132,7,37,37,53,70,70,70,82,82,82,82,82,46,76,76],"floor_reached":55,"playtime":2239,"items_purged":["Strike_R","Pain","Normality"],"score":1124,"play_id":"7bbb62ee-8ea6-420c-9f18-fe9bc98d92d4","local_time":"20190201191407","is_ascension_mode":true,"campfire_choices":[{"data":"Whirlwind","floor":11.0,"key":"SMITH"},{"data":"Disarm","floor":15.0,"key":"SMITH"},{"data":"Body Slam","floor":23.0,"key":"SMITH"},{"data":"Warcry","floor":27.0,"key":"SMITH"},{"data":"Pommel Strike","floor":29.0,"key":"SMITH"},{"data":"Limit Break","floor":32.0,"key":"SMITH"},{"floor":46.0,"key":"RECALL"},{"floor":49.0,"key":"REST"},{"data":"Dark Shackles","floor":52,"key":"SMITH"}],"neow_cost":"NONE","seed_source_timestamp":0,"circlet_count":0,"master_deck":["AscendersBane","Strike_R+1","Strike_R+1","Strike_R+1","Strike_R+1","Defend_R+1","Defend_R+1","Defend_R+1","Defend_R+1","Bash+1","Whirlwind+1","Pommel Strike+1","Warcry+1","Body Slam+1","Disarm+1","Demon Form+1","Bloodletting+1","Entrench+1","Clumsy","Limit Break+1","Feed","Thunderclap+1","Dark Shackles+1","Finesse","Dark Shackles","Shockwave+1","Decay","Headbutt+1","Flame Barrier+1","Entrench"],"special_seed":0,"relics":["Burning Blood","Bird Faced Urn","Chemical X","Vajra","Sundial","Mercury Hourglass","Oddly Smooth Stone","Cursed Key","Tiny Chest","Nunchaku","Letter Opener","Blue Candle","Gremlin Horn","Sozu","Calipers","Bottled Tornado","Omamori","Potion Belt","Art of War","Pear"],"potions_floor_usage":[55,55],"damage_taken":[{"damage":7.0,"enemies":"Jaw Worm","floor":1.0,"turns":3.0},{"damage":12.0,"enemies":"Small Slimes","floor":5.0,"turns":2.0},{"damage":35.0,"enemies":"3 Sentries","floor":6.0,"turns":6.0},{"damage":0.0,"enemies":"Cultist","floor":7.0,"turns":2.0},{"damage":25.0,"enemies":"Lagavulin","floor":8.0,"turns":5.0},{"damage":0.0,"enemies":"Exordium Wildlife","floor":12.0,"turns":1.0},{"damage":5.0,"enemies":"3 Sentries","floor":13.0,"turns":2.0},{"damage":0.0,"enemies":"2 Fungi Beasts","floor":14.0,"turns":1.0},{"damage":17.0,"enemies":"The Guardian","floor":16.0,"turns":8.0},{"damage":17.0,"enemies":"Shell Parasite","floor":18.0,"turns":4.0},{"damage":0.0,"enemies":"3 Byrds","floor":21.0,"turns":3.0},{"damage":9.0,"enemies":"Colosseum Slavers","floor":24.0,"turns":2.0},{"damage":14.0,"enemies":"Colosseum Nobs","floor":24.0,"turns":3.0},{"damage":11.0,"enemies":"Centurion and Healer","floor":28.0,"turns":2.0},{"damage":0.0,"enemies":"Sentry and Sphere","floor":30.0,"turns":2.0},{"damage":16.0,"enemies":"Automaton","floor":33.0,"turns":5.0},{"damage":3.0,"enemies":"Orb Walker","floor":35.0,"turns":3.0},{"damage":4.0,"enemies":"3 Shapes","floor":38.0,"turns":3.0},{"damage":34.0,"enemies":"Nemesis","floor":40.0,"turns":7.0},{"damage":12.0,"enemies":"Reptomancer","floor":42.0,"turns":2.0},{"damage":2.0,"enemies":"Transient","floor":44.0,"turns":5.0},{"damage":50.0,"enemies":"Writhing Mass","floor":45.0,"turns":4.0},{"damage":4.0,"enemies":"Jaw Worm Horde","floor":48.0,"turns":2.0},{"damage":30,"enemies":"Awakened One","floor":50,"turns":8},{"damage":55,"enemies":"Shield and Spear","floor":54,"turns":5},{"damage":55,"enemies":"The Heart","floor":55,"turns":3}],"seed_played":"-1040347309970805117","potions_obtained":[{"floor":7.0,"key":"Energy Potion"},{"floor":8.0,"key":"Weak Potion"},{"floor":13.0,"key":"SpeedPotion"},{"floor":18.0,"key":"Regen Potion"},{"floor":24.0,"key":"Dexterity Potion"},{"floor":33.0,"key":"Dexterity Potion"}],"is_trial":false,"path_per_floor":["M","?","?","$","M","E","M","E","T","$","R","M","E","M","R","B",null,"M","?","?","M","T","R","?","$","T","R","M","R","M","T","R","B",null,"M","$","?","M","T","E","$","E","T","M","M","R","T","M","R","B",null,"R","$","E","B"],"character_chosen":"IRONCLAD","items_purchased":["Chemical X","Regen Potion","Calipers","Entrench"],"campfire_rested":1,"item_purchase_floors":[4,10,36,53],"current_hp_per_floor":[71,68,68,68,62,33,39,20,20,20,20,26,32,38,38,27,67,58,58,58,64,64,64,62,62,62,62,57,57,63,63,63,55,74,77,77,67,74,74,48,48,44,44,50,11,11,11,15,40,21,72,72,72,35,0],"gold":76,"neow_bonus":"HUNDRED_GOLD","is_prod":false,"is_daily":false,"chose_seed":false,"campfire_upgraded":7,"win_rate":0,"timestamp":1549048447,"path_taken":["M","?","?","$","M","E","M","E","T","$","R","?","E","M","R","BOSS","M","?","?","?","?","R","?","?","T","R","M","R","?","?","R","BOSS","M","$","?","M","?","E","?","E","T","M","?","R","?","M","R","BOSS","R","$","E","BOSS"],"build_version":"2019-01-23","purchased_purges":3,"victory":false,"max_hp_per_floor":[80,80,80,80,80,80,80,80,80,80,80,80,80,80,80,80,80,80,80,80,80,80,80,80,80,80,80,80,80,80,80,80,80,80,80,80,80,83,83,83,83,83,83,83,86,86,86,86,86,89,89,89,89,99,99],"card_choices":[{"not_picked":["Iron Wave","Thunderclap"],"picked":"Whirlwind","floor":1.0},{"not_picked":["Combust","Sword Boomerang"],"picked":"Pommel Strike","floor":5.0},{"not_picked":["Iron Wave","Fiend Fire"],"picked":"Warcry","floor":6.0},{"not_picked":["Flex","True Grit","Iron Wave"],"picked":"SKIP","floor":7.0},{"not_picked":["Disarm","Pummel","Clothesline"],"picked":"SKIP","floor":8.0},{"not_picked":["Reckless Charge","Rupture"],"picked":"Body Slam","floor":12.0},{"not_picked":["Havoc","Corruption","Iron Wave"],"picked":"SKIP","floor":13.0},{"not_picked":["Reckless Charge","Pommel Strike"],"picked":"Disarm","floor":14.0},{"not_picked":["Bludgeon","Limit Break"],"picked":"Demon Form","floor":16.0},{"not_picked":["Armaments","True Grit","Corruption"],"picked":"SKIP","floor":18.0},{"not_picked":["Iron Wave","Heavy Blade+1"],"picked":"Bloodletting+1","floor":21.0},{"not_picked":["Uppercut","Iron Wave"],"picked":"Entrench+1","floor":24.0},{"not_picked":["Armaments+1","Flex","Entrench"],"picked":"SKIP","floor":28.0},{"not_picked":["Sword Boomerang+1","Clothesline"],"picked":"Limit Break","floor":30.0},{"not_picked":["Reaper","Immolate"],"picked":"Feed","floor":33.0},{"not_picked":["Wild Strike","Cleave+1"],"picked":"Thunderclap+1","floor":35.0},{"not_picked":["Apotheosis","Bandage Up"],"picked":"Dark Shackles","floor":37.0},{"not_picked":["Forethought","Mayhem"],"picked":"Finesse","floor":37.0},{"not_picked":["Deep Breath","Forethought"],"picked":"Dark Shackles","floor":37.0},{"not_picked":["Shockwave+1","Sword Boomerang","Clash+1"],"picked":"SKIP","floor":38.0},{"not_picked":["Sword Boomerang","Clash+1"],"picked":"Shockwave+1","floor":38.0},{"not_picked":["Brutality","Blood for Blood+1","Entrench"],"picked":"SKIP","floor":40.0},{"not_picked":["Inflame","Evolve+1"],"picked":"Headbutt+1","floor":42.0},{"not_picked":["Anger","Headbutt","Clothesline"],"picked":"SKIP","floor":44.0},{"not_picked":["Cleave","Anger+1"],"picked":"Flame Barrier+1","floor":45.0},{"not_picked":["Cleave","Thunderclap","Clash+1"],"picked":"SKIP","floor":48.0},{"not_picked":["Bloodletting","Havoc+1","Demon Form"],"picked":"SKIP","floor":54}],"player_experience":195998,"relics_obtained":[{"floor":6.0,"key":"Vajra"},{"floor":8.0,"key":"Sundial"},{"floor":9.0,"key":"Mercury Hourglass"},{"floor":13.0,"key":"Oddly Smooth Stone"},{"floor":22.0,"key":"Tiny Chest"},{"floor":24.0,"key":"Nunchaku"},{"floor":24.0,"key":"Letter Opener"},{"floor":26.0,"key":"Blue Candle"},{"floor":31.0,"key":"Gremlin Horn"},{"floor":39.0,"key":"Bottled Tornado"},{"floor":40.0,"key":"Omamori"},{"floor":42.0,"key":"Potion Belt"},{"floor":47.0,"key":"Art of War"},{"floor":54,"key":"Pear"}],"event_choices":[{"damage_healed":0.0,"max_hp_gain":0.0,"max_hp_loss":0.0,"gold_gain":0.0,"event_name":"Scrap Ooze","player_choice":"Success","floor":2.0,"gold_loss":0.0,"damage_taken":3.0,"relics_obtained":["Bird Faced Urn"]},{"damage_healed":0.0,"max_hp_gain":0.0,"max_hp_loss":0.0,"gold_gain":0.0,"event_name":"Upgrade Shrine","player_choice":"Upgraded","floor":3.0,"gold_loss":0.0,"damage_taken":0.0,"cards_upgraded":["Bash"]},{"damage_healed":0.0,"max_hp_gain":0.0,"max_hp_loss":0.0,"gold_gain":0.0,"event_name":"Back to Basics","player_choice":"Simplicity","floor":19.0,"gold_loss":0.0,"damage_taken":0.0,"cards_upgraded":["Strike_R","Strike_R","Strike_R","Strike_R","Defend_R","Defend_R","Defend_R","Defend_R"]},{"damage_healed":0.0,"max_hp_gain":0.0,"max_hp_loss":0.0,"gold_gain":0.0,"event_name":"Accursed Blacksmith","player_choice":"Forge","floor":20.0,"gold_loss":0.0,"damage_taken":0.0,"cards_upgraded":["Demon Form"]},{"damage_healed":0.0,"max_hp_gain":0.0,"max_hp_loss":0.0,"gold_gain":0.0,"event_name":"Colosseum","player_choice":"Fight","floor":24.0,"gold_loss":0.0,"damage_taken":0.0},{"damage_healed":0.0,"max_hp_gain":0.0,"max_hp_loss":0.0,"gold_gain":0.0,"event_name":"Colosseum","player_choice":"Fought Nobs","floor":24.0,"gold_loss":0.0,"damage_taken":0.0},{"damage_healed":0.0,"max_hp_gain":0.0,"max_hp_loss":0.0,"gold_gain":0.0,"event_name":"SensoryStone","player_choice":"Memory 3","floor":37.0,"gold_loss":0.0,"damage_taken":10.0}],"is_beta":false,"boss_relics":[{"not_picked":["Velvet Choker","Pandora\u0027s Box"],"picked":"Cursed Key"},{"not_picked":["Calling Bell","Eternal Feather"],"picked":"Sozu"}],"items_purged_floors":[10,25,41],"is_endless":false,"potions_floor_spawned":[7,8,13,14,18,24,30,33,42,45,48,54],"killed_by":"The Heart","ascension_level":11}