{"gold_per_floor":[115,115,115,115,130,130,157,212,287,287,287,212,223,241,241,343,393,413,15,33,33,44,44,44,44,99,99,110,110,110,120,120,120],"floor_reached":33,"playtime":889,"items_purged":["Strike_R","Strike_R"],"score":293,"play_id":"40451f4f-81d6-446f-a9fa-3ebb49346772","local_time":"20190130235717","is_ascension_mode":false,"campfire_choices":[{"data":"Disarm","floor":6,"key":"SMITH"},{"data":"Bash","floor":11,"key":"SMITH"},{"data":"Strike_R","floor":15,"key":"SMITH"},{"floor":23,"key":"DIG"},{"floor":25,"key":"DIG"},{"floor":27,"key":"DIG"},{"floor":32,"key":"REST"}],"neow_cost":"NONE","seed_source_timestamp":97743820985001,"circlet_count":0,"master_deck":["Strike_R","Strike_R","Strike_R+1","Defend_R+1","Defend_R","Defend_R+1","Bash+1","Disarm+1","Feed+1","Rampage"],"relics":["Burning Blood","NeowsBlessing","Potion Belt","Ornamental Fan","Anchor","Mummified Hand","Shuriken","Tiny House","Shovel","War Paint","Unceasing Top","Tiny Chest","Vajra","Mercury Hourglass"],"potions_floor_usage":[8,8,8,14,16,16,17,20,28,33],"damage_taken":[{"damage":0,"enemies":"Jaw Worm","floor":1,"turns":1},{"damage":0,"enemies":"2 Louse","floor":5,"turns":1},{"damage":0,"enemies":"Lagavulin","floor":7,"turns":1},{"damage":27,"enemies":"3 Sentries","floor":8,"turns":10},{"damage":4,"enemies":"Cultist","floor":13,"turns":4},{"damage":13,"enemies":"Large Slime","floor":14,"turns":7},{"damage":85,"enemies":"Slime Boss","floor":16,"turns":13},{"damage":25,"enemies":"Chosen","floor":18,"turns":5},{"damage":32,"enemies":"Spheric Guardian","floor":20,"turns":5},{"damage":14,"enemies":"Snake Plant","floor":22,"turns":5},{"damage":38,"enemies":"Sentry and Sphere","floor":28,"turns":7},{"damage":27,"enemies":"3 Cultists","floor":31,"turns":6},{"damage":56,"enemies":"Champ","floor":33,"turns":11}],"seed_played":"4093972091055144119","potions_obtained":[{"floor":4,"key":"SteroidPotion"},{"floor":4,"key":"GamblersBrew"},{"floor":4,"key":"Regen Potion"},{"floor":5,"key":"Block Potion"},{"floor":7,"key":"Fire Potion"},{"floor":8,"key":"Regen Potion"},{"floor":17,"key":"Fruit Juice"},{"floor":18,"key":"FearPotion"},{"floor":20,"key":"Explosive Potion"},{"floor":28,"key":"SteroidPotion"}],"is_trial":false,"path_per_floor":["M","?","?","?","M","R","E","?","T","T","R","$","M","M","R","B",null,"M","$","M","?","M","R","?","R","T","R","M","$","T","M","R","B"],"character_chosen":"IRONCLAD","items_purchased":["Shovel"],"campfire_rested":1,"item_purchase_floors":[19],"current_hp_per_floor":[80,73,73,73,79,79,80,59,59,59,59,59,61,54,54,27,90,71,71,49,49,41,41,72,72,72,72,44,44,44,27,57,1],"gold":120,"neow_bonus":"THREE_ENEMY_KILL","is_prod":false,"is_daily":false,"chose_seed":false,"campfire_upgraded":3,"win_rate":0,"timestamp":1548905237,"path_taken":["M","?","?","?","?","R","E","?","T","?","R","$","?","M","R","BOSS","M","$","M","?","M","R","?","R","T","R","M","$","?","M","R","BOSS"],"build_version":"2019-01-23","purchased_purges":2,"victory":false,"max_hp_per_floor":[80,80,80,80,80,80,80,80,80,80,80,80,80,80,80,80,90,90,90,94,94,94,94,94,94,94,94,98,98,98,102,102,102],"card_choices":[{"not_picked":["Clothesline","Perfected Strike"],"picked":"Disarm","floor":1},{"not_picked":["Armaments","Pummel","Inflame"],"picked":"SKIP","floor":5},{"not_picked":["Perfected Strike","Flex","Combust"],"picked":"SKIP","floor":7},{"not_picked":["Body Slam","Ghostly Armor","Perfected Strike"],"picked":"SKIP","floor":13},{"not_picked":["Sentinel","Barricade","Clash"],"picked":"SKIP","floor":14},{"not_picked":["Berserk","Barricade"],"picked":"Feed","floor":16},{"not_picked":["Metallicize","Disarm"],"picked":"Rampage","floor":17},{"not_picked":["Clothesline","Shrug It Off","Intimidate"],"picked":"SKIP","floor":18},{"not_picked":["Warcry+1","Wild Strike+1","Clothesline"],"picked":"SKIP","floor":20},{"not_picked":["Warcry","Headbutt","Reckless Charge+1"],"picked":"SKIP","floor":22},{"not_picked":["Flex","Warcry","Wild Strike"],"picked":"SKIP","floor":28},{"not_picked":["Cleave","Perfected Strike","Corruption"],"picked":"SKIP","floor":31}],"player_experience":288108,"relics_obtained":[{"floor":7,"key":"Ornamental Fan"},{"floor":8,"key":"Anchor"},{"floor":9,"key":"Mummified Hand"},{"floor":10,"key":"Shuriken"},{"floor":23,"key":"War Paint"},{"floor":25,"key":"Unceasing Top"},{"floor":26,"key":"Tiny Chest"},{"floor":27,"key":"Vajra"},{"floor":30,"key":"Mercury Hourglass"}],"event_choices":[{"damage_healed":0,"gold_gain":0,"player_choice":"Success","damage_taken":7,"relics_obtained":["Potion Belt"],"max_hp_gain":0,"max_hp_loss":0,"event_name":"Scrap Ooze","floor":2,"gold_loss":0},{"cards_removed":["Defend_R"],"damage_healed":0,"gold_gain":0,"player_choice":"Forget","damage_taken":0,"max_hp_gain":0,"max_hp_loss":0,"event_name":"Living Wall","floor":3,"gold_loss":0},{"damage_healed":0,"gold_gain":0,"player_choice":"Got Potions","damage_taken":0,"max_hp_gain":0,"max_hp_loss":0,"event_name":"Lab","floor":4,"gold_loss":0},{"damage_healed":0,"gold_gain":0,"player_choice":"Searched \u00271\u0027 times","damage_taken":0,"max_hp_gain":0,"max_hp_loss":0,"event_name":"Dead Adventurer","floor":8,"gold_loss":0},{"damage_healed":0,"gold_gain":0,"player_choice":"Ignored","damage_taken":0,"max_hp_gain":0,"max_hp_loss":0,"event_name":"Ghosts","floor":21,"gold_loss":0},{"damage_healed":31,"gold_gain":0,"player_choice":"Heal","damage_taken":0,"max_hp_gain":0,"max_hp_loss":0,"event_name":"The Library","floor":24,"gold_loss":0}],"is_beta":false,"boss_relics":[{"not_picked":["Velvet Choker","Philosopher\u0027s Stone"],"picked":"Tiny House"}],"items_purged_floors":[12,19],"is_endless":false,"potions_floor_spawned":[5,7,8,18,20,28],"killed_by":"Champ","ascension_level":0}