{"gold_per_floor":[110,120,45,58,36,68,68,68,68,68,82,102,102,113,113,214,214,232,23,563,577,577,596,596,596,650,650,660,660,678,697,697,697],"floor_reached":33,"playtime":1259,"items_purged":["Strike_R","Defend_R"],"score":249,"play_id":"2bc29eb3-2dd3-482d-908c-fd0a9bdf0649","local_time":"20190129010441","is_ascension_mode":false,"campfire_choices":[{"floor":10,"key":"REST"},{"data":"Shrug It Off","floor":15,"key":"SMITH"},{"floor":24,"key":"REST"},{"floor":27,"key":"REST"},{"data":"Spot Weakness","floor":29,"key":"SMITH"},{"data":"Heavy Blade","floor":32,"key":"SMITH"}],"neow_cost":"NONE","seed_source_timestamp":803309619096644,"circlet_count":0,"master_deck":["Strike_R","Defend_R","Bash","Spot Weakness+1","Shrug It Off+1","Headbutt","Double Tap","Rage","Disarm+1","Heavy Blade+1"],"relics":["Burning Blood","Self Forming Clay","The Courier","Velvet Choker","Membership Card","Tiny Chest"],"potions_floor_usage":[14,16,21,21,30,30],"damage_taken":[{"damage":6,"enemies":"Cultist","floor":1,"turns":3},{"damage":0,"enemies":"Small Slimes","floor":2,"turns":3},{"damage":4,"enemies":"2 Louse","floor":4,"turns":3},{"damage":46,"enemies":"Lagavulin","floor":6,"turns":8},{"damage":5,"enemies":"2 Fungi Beasts","floor":11,"turns":5},{"damage":1,"enemies":"Red Slaver","floor":12,"turns":7},{"damage":3,"enemies":"Large Slime","floor":14,"turns":5},{"damage":56,"enemies":"Slime Boss","floor":16,"turns":13},{"damage":9,"enemies":"2 Thieves","floor":18,"turns":4},{"damage":5,"enemies":"Shell Parasite","floor":21,"turns":3},{"damage":23,"enemies":"Sentry and Sphere","floor":23,"turns":6},{"damage":14,"enemies":"Snake Plant","floor":28,"turns":4},{"damage":10,"enemies":"Centurion and Healer","floor":30,"turns":4},{"damage":16,"enemies":"3 Cultists","floor":31,"turns":6},{"damage":48,"enemies":"Champ","floor":33,"turns":6}],"seed_played":"-6019552303877441298","potions_obtained":[{"floor":4,"key":"SteroidPotion"},{"floor":11,"key":"Weak Potion"},{"floor":12,"key":"AttackPotion"},{"floor":14,"key":"Energy Potion"},{"floor":16,"key":"BloodPotion"},{"floor":21,"key":"Fire Potion"}],"is_trial":false,"path_per_floor":["M","M","$","M","$","E","?","?","T","R","M","M","?","M","R","B",null,"M","$","?","M","?","M","R","?","T","R","M","R","M","M","R","B"],"character_chosen":"IRONCLAD","items_purchased":["Shrug It Off","Membership Card"],"campfire_rested":3,"item_purchase_floors":[5,19],"current_hp_per_floor":[80,80,80,80,80,40,40,33,33,57,58,63,68,71,71,21,85,82,82,26,35,35,18,43,35,35,60,52,52,48,38,38,0],"gold":697,"neow_bonus":"REMOVE_CARD","is_prod":false,"is_daily":false,"chose_seed":false,"campfire_upgraded":3,"win_rate":0,"timestamp":1548736481,"path_taken":["M","M","$","M","?","E","?","?","T","R","M","M","?","M","R","BOSS","M","$","?","?","?","M","R","?","T","R","?","R","M","M","R","BOSS"],"build_version":"2019-01-23","purchased_purges":2,"victory":false,"max_hp_per_floor":[80,80,80,80,80,80,80,80,80,80,80,80,85,85,85,85,85,85,85,85,85,85,85,85,85,85,85,85,85,85,85,85,85],"card_choices":[{"not_picked":["Thunderclap","Bloodletting"],"picked":"Spot Weakness","floor":1},{"not_picked":["Feel No Pain","Pommel Strike","Hemokinesis"],"picked":"SKIP","floor":2},{"not_picked":["Metallicize","Cleave","Body Slam"],"picked":"SKIP","floor":4},{"not_picked":["Bloodletting","Uppercut","Metallicize"],"picked":"SKIP","floor":6},{"not_picked":["Armaments","Perfected Strike","Sword Boomerang"],"picked":"SKIP","floor":11},{"not_picked":["Offering","Clothesline"],"picked":"Headbutt","floor":12},{"not_picked":["Flame Barrier","Sever Soul","Perfected Strike"],"picked":"SKIP","floor":14},{"not_picked":["Dropkick","Reckless Charge","Cleave"],"picked":"SKIP","floor":18},{"not_picked":["Entrench+1","Cleave","True Grit"],"picked":"SKIP","floor":21},{"not_picked":["Headbutt","Clothesline","Twin Strike"],"picked":"SKIP","floor":23},{"not_picked":["Havoc+1","Bludgeon"],"picked":"Disarm+1","floor":28},{"not_picked":["Clash","Shockwave","Battle Trance"],"picked":"SKIP","floor":30},{"not_picked":["Ghostly Armor","True Grit+1"],"picked":"Heavy Blade","floor":31}],"player_experience":255780,"relics_obtained":[{"floor":6,"key":"Self Forming Clay"},{"floor":9,"key":"The Courier"},{"floor":26,"key":"Tiny Chest"}],"event_choices":[{"cards_removed":["Defend_R"],"damage_healed":0,"gold_gain":0,"player_choice":"Forget","damage_taken":0,"max_hp_gain":0,"max_hp_loss":0,"event_name":"Living Wall","floor":7,"gold_loss":0},{"cards_removed":["Strike_R"],"damage_healed":0,"gold_gain":0,"player_choice":"Card Removal","damage_taken":7,"max_hp_gain":0,"max_hp_loss":0,"event_name":"Golden Wing","floor":8,"gold_loss":0},{"damage_healed":0,"gold_gain":0,"player_choice":"Donut","damage_taken":0,"max_hp_gain":5,"max_hp_loss":0,"event_name":"Big Fish","floor":13,"gold_loss":0},{"damage_healed":0,"gold_gain":540,"player_choice":"GOLD GOLD GOLD GOLD GOLD GOLD ","damage_taken":56,"max_hp_gain":0,"max_hp_loss":0,"event_name":"Knowing Skull","floor":20,"potions_obtained":[],"gold_loss":0,"cards_obtained":[]},{"damage_healed":0,"gold_gain":0,"cards_transformed":["Strike_R","Strike_R"],"player_choice":"Became Test Subject","damage_taken":0,"max_hp_gain":0,"max_hp_loss":0,"event_name":"Drug Dealer","floor":22,"gold_loss":0,"cards_obtained":["Double Tap","Rage"]},{"damage_healed":0,"gold_gain":0,"player_choice":"Damaged","damage_taken":8,"max_hp_gain":0,"max_hp_loss":0,"event_name":"Wheel of Change","floor":25,"gold_loss":0}],"is_beta":false,"boss_relics":[{"not_picked":["Calling Bell","Fusion Hammer"],"picked":"Velvet Choker"}],"items_purged_floors":[3,19],"is_endless":false,"potions_floor_spawned":[4,11,12,14,16,21],"killed_by":"Champ","ascension_level":0}