{"gold_per_floor":[111,286,313,313,63,128,203,233,256,285,309,309,120,15,15,110,110,79,19,19,19],"floor_reached":21,"playtime":833,"items_purged":["Normality"],"score":240,"play_id":"bfd4d251-46a7-432b-b553-70528ad561cd","local_time":"20190201214718","is_ascension_mode":true,"campfire_choices":[{"floor":15,"key":"REST"}],"neow_cost":"NONE","seed_source_timestamp":788539380497000,"circlet_count":0,"master_deck":["Defend_G","Defend_G","Defend_G","Defend_G","Defend_G","Strike_G","Strike_G","Strike_G","Strike_G","Survivor","Neutralize","Outmaneuver","Sucker Punch","Poisoned Stab","Bane","After Image","Distraction","Outmaneuver","Acrobatics","Storm of Steel","Decay","Pain","Sucker Punch","Shame"],"relics":["Ring of the Snake","NeowsBlessing","Art of War","Toolbox","Tiny Chest","Centennial Puzzle","Happy Flower","Juzu Bracelet","Calling Bell","Anchor","The Courier","Peace Pipe","Kunai"],"potions_floor_usage":[16],"damage_taken":[{"damage":0,"enemies":"Cultist","floor":1,"turns":1},{"damage":0,"enemies":"Gremlin Nob","floor":6,"turns":1},{"damage":0,"enemies":"Lagavulin","floor":10,"turns":1},{"damage":61,"enemies":"Slime Boss","floor":16,"turns":23},{"damage":27,"enemies":"2 Thieves","floor":18,"turns":5},{"damage":37,"enemies":"3 Byrds","floor":21,"turns":6}],"seed_played":"-2846434622505310660","potions_obtained":[{"floor":6,"key":"Energy Potion"},{"floor":18,"key":"Weak Potion"}],"is_trial":false,"path_per_floor":["M","?","T","?","$","E","?","?","T","E","T","?","$","$","R","B",null,"M","$","?","M"],"character_chosen":"THE_SILENT","items_purchased":["Sucker Punch","Toolbox","After Image","Distraction","Outmaneuver","Acrobatics"],"campfire_rested":1,"item_purchase_floors":[5,5,13,13,14,14],"current_hp_per_floor":[70,70,70,70,70,70,59,59,59,59,59,59,59,59,70,9,70,43,43,43,6],"gold":19,"neow_bonus":"THREE_ENEMY_KILL","is_prod":false,"is_daily":false,"chose_seed":false,"campfire_upgraded":0,"win_rate":0,"timestamp":1549086438,"path_taken":["M","?","?","?","$","E","?","?","T","E","?","?","?","$","R","BOSS","M","$","?","M"],"build_version":"2019-01-23","purchased_purges":1,"victory":false,"max_hp_per_floor":[70,70,70,70,70,70,70,70,70,70,70,70,70,70,70,70,70,70,70,70,70],"card_choices":[{"not_picked":["Dagger Spray","Dash"],"picked":"Outmaneuver","floor":1},{"not_picked":["Prepared","Setup"],"picked":"Poisoned Stab","floor":6},{"not_picked":["Slice","Crippling Poison"],"picked":"Bane","floor":10},{"not_picked":["Venomology","Phantasmal Killer"],"picked":"Storm of Steel","floor":16},{"not_picked":["Expertise","Caltrops"],"picked":"Sucker Punch","floor":18}],"player_experience":88796,"relics_obtained":[{"floor":3,"key":"Art of War"},{"floor":6,"key":"Tiny Chest"},{"floor":9,"key":"Centennial Puzzle"},{"floor":10,"key":"Happy Flower"},{"floor":11,"key":"Juzu Bracelet"},{"floor":17,"key":"Anchor"},{"floor":17,"key":"The Courier"},{"floor":17,"key":"Peace Pipe"}],"event_choices":[{"damage_healed":0,"gold_gain":175,"player_choice":"AGREE","damage_taken":0,"max_hp_gain":0,"max_hp_loss":0,"event_name":"Liars Game","floor":2,"gold_loss":0,"cards_obtained":["Doubt"]},{"cards_removed":["Doubt"],"damage_healed":0,"gold_gain":0,"player_choice":"Forget","damage_taken":0,"max_hp_gain":0,"max_hp_loss":0,"event_name":"Living Wall","floor":4,"gold_loss":0},{"damage_healed":0,"gold_gain":75,"player_choice":"Gather Gold","damage_taken":11,"max_hp_gain":0,"max_hp_loss":0,"event_name":"World of Goop","floor":7,"gold_loss":0},{"damage_healed":0,"gold_gain":30,"player_choice":"Searched \u00271\u0027 times","damage_taken":0,"max_hp_gain":0,"max_hp_loss":0,"event_name":"Dead Adventurer","floor":8,"gold_loss":0},{"cards_removed":["Strike_G"],"damage_healed":0,"gold_gain":0,"player_choice":"Card Removal","damage_taken":0,"max_hp_gain":0,"max_hp_loss":0,"event_name":"Wheel of Change","floor":12,"gold_loss":0},{"damage_healed":0,"gold_gain":0,"player_choice":"Stole Relic","damage_taken":0,"relics_obtained":["Kunai"],"max_hp_gain":0,"max_hp_loss":0,"event_name":"Addict","floor":20,"gold_loss":0,"cards_obtained":["Shame"]}],"is_beta":false,"boss_relics":[{"not_picked":["Cursed Key","Runic Dome"],"picked":"Calling Bell"}],"items_purged_floors":[19],"is_endless":false,"potions_floor_spawned":[6,18],"killed_by":"3 Byrds","ascension_level":1}