{"gold_per_floor":[112,112,37,112,125,125,159,159,159,159,175,189,189],"floor_reached":13,"playtime":371,"items_purged":["Parasite"],"score":95,"play_id":"5abadae0-bb38-4482-abf3-db9e56fc4f5e","local_time":"20190118212215","is_ascension_mode":true,"campfire_choices":[{"data":"Tempest","floor":6,"key":"SMITH"},{"data":"Biased Cognition","floor":10,"key":"SMITH"}],"neow_cost":"CURSE","seed_source_timestamp":685782681740139,"circlet_count":0,"master_deck":["Strike_B","Strike_B+1","Strike_B","Strike_B","Defend_B","Defend_B","Defend_B","Defend_B","Zap","Dualcast+1","Biased Cognition+1","Coolheaded","Tempest+1","Lockon+1","Heatsinks"],"relics":["Cracked Core","Ice Cream","Letter Opener"],"potions_floor_usage":[],"damage_taken":[{"damage":0,"enemies":"2 Louse","floor":1,"turns":2},{"damage":1,"enemies":"Jaw Worm","floor":5,"turns":3},{"damage":15,"enemies":"Lagavulin","floor":7,"turns":6},{"damage":0,"enemies":"Cultist","floor":11,"turns":2},{"damage":15,"enemies":"3 Louse","floor":12,"turns":2},{"damage":27,"enemies":"Gremlin Gang","floor":13,"turns":3}],"seed_played":"2860156567634040047","potions_obtained":[{"floor":1,"key":"SteroidPotion"},{"floor":5,"key":"SmokeBomb"},{"floor":7,"key":"SteroidPotion"}],"is_trial":false,"path_per_floor":["M","?","$","?","M","R","E","?","T","R","M","M","M"],"character_chosen":"DEFECT","items_purchased":[],"campfire_rested":0,"item_purchase_floors":[],"current_hp_per_floor":[75,60,60,53,52,52,37,37,37,37,37,22,0],"gold":189,"neow_bonus":"THREE_RARE_CARDS","is_prod":false,"is_daily":false,"chose_seed":false,"campfire_upgraded":2,"win_rate":0,"timestamp":1547859135,"path_taken":["M","?","$","?","?","R","E","?","T","R","M","M","M"],"build_version":"2019-01-17v2","purchased_purges":1,"victory":false,"max_hp_per_floor":[75,75,72,72,72,72,72,72,72,72,72,72,72],"card_choices":[{"not_picked":["Multi-Cast","Seek"],"picked":"Biased Cognition","floor":0},{"not_picked":["Auto Shields","Streamline"],"picked":"Coolheaded","floor":1},{"not_picked":["Doom and Gloom","Self Repair"],"picked":"Tempest","floor":5},{"not_picked":["Leap","Rebound"],"picked":"Lockon","floor":7},{"not_picked":["Redo","Fusion","Leap"],"picked":"SKIP","floor":11},{"not_picked":["Redo","Rip and Tear"],"picked":"Heatsinks","floor":12}],"player_experience":171465,"relics_obtained":[{"floor":7,"key":"Ice Cream"},{"floor":9,"key":"Letter Opener"}],"event_choices":[{"damage_healed":0,"gold_gain":0,"player_choice":"Entered Light","damage_taken":15,"max_hp_gain":0,"max_hp_loss":0,"event_name":"Shining Light","floor":2,"gold_loss":0,"cards_upgraded":["Strike_B","Dualcast"]},{"damage_healed":0,"gold_gain":75,"player_choice":"Touch","damage_taken":7,"max_hp_gain":0,"max_hp_loss":0,"event_name":"FaceTrader","floor":4,"gold_loss":0},{"damage_healed":0,"gold_gain":0,"player_choice":"Forge","damage_taken":0,"max_hp_gain":0,"max_hp_loss":0,"event_name":"Accursed Blacksmith","floor":8,"gold_loss":0,"cards_upgraded":["Lockon"]}],"is_beta":false,"boss_relics":[],"items_purged_floors":[3],"is_endless":false,"potions_floor_spawned":[1,5,7],"killed_by":"Gremlin Gang","ascension_level":3}