{"gold_per_floor":[113,113,288,13,63,63,97,112,112,112,35,35,47,59,59,161,161,179,179],"floor_reached":19,"playtime":729,"items_purged":["Doubt"],"score":281,"play_id":"70546186-eb82-4491-8df2-dfa19e554368","local_time":"20190202091141","is_ascension_mode":true,"campfire_choices":[{"data":"True Grit","floor":6,"key":"SMITH"},{"data":"Body Slam","floor":10,"key":"SMITH"},{"data":"Entrench","floor":12,"key":"SMITH"},{"data":"Searing Blow","floor":15,"key":"SMITH"}],"neow_cost":"CURSE","seed_source_timestamp":66270663660855,"circlet_count":0,"master_deck":["AscendersBane","Strike_R","Strike_R","Strike_R","Strike_R+1","Strike_R","Defend_R","Defend_R","Defend_R+1","Defend_R","Bash","Normality","Body Slam+1","True Grit+1","Entrench+1","Searing Blow+1","Metallicize","Metallicize","Barricade","Body Slam+1"],"relics":["Burning Blood","Blood Vial","StoneCalendar","Ornamental Fan","Philosopher\u0027s Stone"],"potions_floor_usage":[7,16],"damage_taken":[{"damage":0,"enemies":"Small Slimes","floor":1,"turns":3},{"damage":63,"enemies":"Lagavulin","floor":7,"turns":10},{"damage":6,"enemies":"Jaw Worm","floor":8,"turns":5},{"damage":0,"enemies":"Cultist","floor":13,"turns":4},{"damage":1,"enemies":"Blue Slaver","floor":14,"turns":5},{"damage":24,"enemies":"The Guardian","floor":16,"turns":17},{"damage":9,"enemies":"Chosen","floor":18,"turns":7},{"damage":82,"enemies":"3 Byrds","floor":19,"turns":6}],"seed_played":"-8124981189095110890","potions_obtained":[{"floor":1,"key":"Regen Potion"},{"floor":13,"key":"SkillPotion"}],"is_trial":false,"path_per_floor":["M","?","?","$","T","R","E","M","T","R","$","R","M","M","R","B",null,"M","M"],"character_chosen":"IRONCLAD","items_purchased":["Blood Vial","True Grit","Metallicize"],"campfire_rested":0,"item_purchase_floors":[4,4,11],"current_hp_per_floor":[94,75,75,75,75,75,35,37,37,37,37,37,45,52,52,36,81,80,0],"gold":179,"neow_bonus":"TWENTY_PERCENT_HP_BONUS","is_prod":false,"is_daily":false,"chose_seed":false,"campfire_upgraded":4,"win_rate":0,"timestamp":1549091501,"path_taken":["M","?","?","$","?","R","E","M","T","R","?","R","M","?","R","BOSS","M","M"],"build_version":"2019-01-23","purchased_purges":1,"victory":false,"max_hp_per_floor":[96,96,96,96,96,96,96,96,96,96,96,96,96,96,96,96,96,96,96],"card_choices":[{"not_picked":["Pommel Strike","Fire Breathing"],"picked":"Body Slam","floor":1},{"not_picked":["Perfected Strike","Disarm"],"picked":"Entrench","floor":7},{"not_picked":["Combust","Rage"],"picked":"Searing Blow","floor":8},{"not_picked":["Combust","Body Slam"],"picked":"Metallicize","floor":13},{"not_picked":["Clash","Warcry","Sword Boomerang"],"picked":"SKIP","floor":14},{"not_picked":["Brutality","Bludgeon"],"picked":"Barricade","floor":16},{"not_picked":["Fire Breathing","Rupture"],"picked":"Body Slam+1","floor":18}],"player_experience":702523,"relics_obtained":[{"floor":7,"key":"StoneCalendar"},{"floor":9,"key":"Ornamental Fan"}],"event_choices":[{"damage_healed":0,"gold_gain":0,"player_choice":"Entered Light","damage_taken":19,"max_hp_gain":0,"max_hp_loss":0,"event_name":"Shining Light","floor":2,"gold_loss":0,"cards_upgraded":["Defend_R","Strike_R"]},{"damage_healed":0,"gold_gain":175,"player_choice":"AGREE","damage_taken":0,"max_hp_gain":0,"max_hp_loss":0,"event_name":"Liars Game","floor":3,"gold_loss":0,"cards_obtained":["Doubt"]}],"is_beta":false,"boss_relics":[{"not_picked":["Runic Dome","Runic Pyramid"],"picked":"Philosopher\u0027s Stone"}],"items_purged_floors":[4],"is_endless":false,"potions_floor_spawned":[1,13],"killed_by":"3 Byrds","ascension_level":11}