{"gold_per_floor":[119,137,154,174,30,64,64,64,64,91,126,137,137,149,149,252,252,252],"floor_reached":18,"playtime":725,"items_purged":[],"score":258,"play_id":"43a20c4e-e525-4342-bf75-c39539df8336","local_time":"20190129181712","is_ascension_mode":true,"campfire_choices":[{"floor":8.0,"key":"REST"},{"floor":15.0,"key":"REST"}],"neow_cost":"NONE","seed_source_timestamp":423926475586900,"circlet_count":0,"master_deck":["AscendersBane","Strike_R","Strike_R","Strike_R","Strike_R","Defend_R","Defend_R","Defend_R","Defend_R","Bash+1","Carnage","Dropkick","Dropkick","Body Slam","Uppercut","Sever Soul","Barricade","Cleave","Shrug It Off","Demon Form"],"special_seed":0,"relics":["Burning Blood","PreservedInsect","Juzu Bracelet","Pen Nib","Ancient Tea Set","Kunai","Red Skull","Black Star"],"potions_floor_usage":[18,18,18],"damage_taken":[{"damage":7.0,"enemies":"Jaw Worm","floor":1.0,"turns":4.0},{"damage":21.0,"enemies":"Small Slimes","floor":2.0,"turns":4.0},{"damage":1.0,"enemies":"Cultist","floor":3.0,"turns":3.0},{"damage":15.0,"enemies":"Exordium Thugs","floor":4.0,"turns":4.0},{"damage":35.0,"enemies":"Lagavulin","floor":6.0,"turns":5.0},{"damage":25.0,"enemies":"3 Sentries","floor":11.0,"turns":6.0},{"damage":7.0,"enemies":"2 Fungi Beasts","floor":12.0,"turns":4.0},{"damage":16.0,"enemies":"Lots of Slimes","floor":14.0,"turns":3.0},{"damage":28.0,"enemies":"Hexaghost","floor":16.0,"turns":8.0},{"damage":63,"enemies":"3 Byrds","floor":18,"turns":6}],"seed_played":"2673708153573188135","potions_obtained":[{"floor":1.0,"key":"FearPotion"},{"floor":4.0,"key":"Fire Potion"},{"floor":11.0,"key":"Dexterity Potion"},{"floor":14.0,"key":"PowerPotion"},{"floor":16.0,"key":"EssenceOfSteel"}],"is_trial":false,"path_per_floor":["M","M","M","M","$","E","?","R","T","T","E","M","?","M","R","B",null,"M"],"character_chosen":"IRONCLAD","items_purchased":["PreservedInsect"],"campfire_rested":2,"item_purchase_floors":[5],"current_hp_per_floor":[71,56,61,52,52,23,23,47,47,47,28,27,20,10,34,12,63,0],"gold":252,"neow_bonus":"UPGRADE_CARD","is_prod":false,"is_daily":false,"chose_seed":false,"campfire_upgraded":0,"win_rate":0,"timestamp":1548785832,"path_taken":["M","M","M","M","$","E","?","R","T","?","E","M","?","M","R","BOSS","M"],"build_version":"2019-01-23","purchased_purges":0,"victory":false,"max_hp_per_floor":[80,80,80,80,80,80,80,80,80,80,80,80,80,80,80,80,80,80],"card_choices":[{"not_picked":["Rage","Armaments"],"picked":"Carnage","floor":1.0},{"not_picked":["Searing Blow","Armaments"],"picked":"Dropkick","floor":2.0},{"not_picked":["Clash","Flex"],"picked":"Dropkick","floor":3.0},{"not_picked":["Cleave","Warcry"],"picked":"Body Slam","floor":4.0},{"not_picked":["Battle Trance","Reckless Charge"],"picked":"Uppercut","floor":6.0},{"not_picked":["Warcry","Wild Strike"],"picked":"Barricade","floor":11.0},{"not_picked":["Inflame","Twin Strike"],"picked":"Cleave","floor":12.0},{"not_picked":["Power Through","Flex"],"picked":"Shrug It Off","floor":14.0},{"not_picked":["Exhume","Impervious"],"picked":"Demon Form","floor":16.0}],"player_experience":182894,"relics_obtained":[{"floor":6.0,"key":"Juzu Bracelet"},{"floor":9.0,"key":"Pen Nib"},{"floor":10.0,"key":"Ancient Tea Set"},{"floor":11.0,"key":"Kunai"}],"event_choices":[{"damage_healed":0.0,"max_hp_gain":0.0,"max_hp_loss":0.0,"gold_gain":0.0,"cards_transformed":["Strike_R"],"event_name":"Living Wall","player_choice":"Change","floor":7.0,"gold_loss":0.0,"damage_taken":0.0,"cards_obtained":["Sever Soul"]},{"damage_healed":0.0,"max_hp_gain":0.0,"max_hp_loss":0.0,"gold_gain":0.0,"event_name":"Scrap Ooze","player_choice":"Success","floor":13.0,"gold_loss":0.0,"damage_taken":7.0,"relics_obtained":["Red Skull"]}],"is_beta":false,"boss_relics":[{"not_picked":["Pandora\u0027s Box","Coffee Dripper"],"picked":"Black Star"}],"items_purged_floors":[],"is_endless":false,"potions_floor_spawned":[1,4,11,14,16],"killed_by":"3 Byrds","ascension_level":10}