{"gold_per_floor":[116,130,130,149,163,195,195,195,195,195,195,160,160,189,189,262,262,272,272,187,237,252,252,170,170,242,242,259,259],"floor_reached":29,"playtime":955,"items_purged":[],"score":424,"play_id":"4b076580-ed41-4ad9-9b6d-29560f7dfb26","local_time":"20190101190610","is_ascension_mode":true,"campfire_choices":[{"floor":7,"key":"REST"},{"data":"Perfected Strike","floor":11,"key":"SMITH"},{"data":"Wild Strike","floor":13,"key":"SMITH"},{"data":"Pommel Strike","floor":15,"key":"SMITH"},{"data":"Limit Break","floor":23,"key":"SMITH"},{"data":"Flex","floor":25,"key":"SMITH"},{"data":"Pommel Strike","floor":27,"key":"SMITH"}],"neow_cost":"NONE","seed_source_timestamp":2143287601262344,"circlet_count":0,"master_deck":["AscendersBane","Strike_R","Strike_R","Strike_R","Strike_R","Strike_R","Defend_R","Defend_R","Defend_R","Defend_R","Bash","Perfected Strike+1","Wild Strike+1","Twin Strike","Pommel Strike+1","Limit Break+1","Flex+1","Pummel","Pommel Strike+1","Warcry","Battle Trance"],"relics":["Burning Blood","Question Card","Mummified Hand","Art of War","Boot","Mark of Pain","Lantern","Blue Candle"],"potions_floor_usage":[5,18,29,29],"damage_taken":[{"damage":7,"enemies":"2 Louse","floor":1,"turns":4},{"damage":7,"enemies":"Jaw Worm","floor":2,"turns":3},{"damage":0,"enemies":"Cultist","floor":4,"turns":2},{"damage":22,"enemies":"Exordium Thugs","floor":5,"turns":4},{"damage":51,"enemies":"Lagavulin","floor":6,"turns":7},{"damage":25,"enemies":"3 Sentries","floor":14,"turns":7},{"damage":26,"enemies":"Slime Boss","floor":16,"turns":9},{"damage":25,"enemies":"3 Byrds","floor":18,"turns":5},{"damage":11,"enemies":"Spheric Guardian","floor":22,"turns":3},{"damage":21,"enemies":"Snake Plant","floor":28,"turns":3},{"damage":36,"enemies":"Gremlin Leader","floor":29,"turns":6}],"seed_played":"6070168662725641790","potions_obtained":[{"floor":2,"key":"PowerPotion"},{"floor":6,"key":"Swift Potion"},{"floor":16,"key":"SpeedPotion"},{"floor":18,"key":"AttackPotion"}],"is_trial":false,"path_per_floor":["M","M","$","M","M","E","R","$","T","?","R","?","R","E","R","B",null,"M","$","?","?","M","R","$","R","T","R","M","E"],"character_chosen":"IRONCLAD","items_purchased":["Pommel Strike","Warcry"],"campfire_rested":1,"item_purchase_floors":[24,24],"current_hp_per_floor":[74,73,73,79,63,18,42,42,42,37,37,57,57,38,38,18,66,47,47,47,47,42,42,42,42,42,42,27,0],"gold":259,"neow_bonus":"TEN_PERCENT_HP_BONUS","is_prod":false,"is_daily":false,"chose_seed":false,"campfire_upgraded":6,"win_rate":0,"timestamp":1546365970,"path_taken":["M","M","$","M","M","E","R","$","T","?","R","?","R","E","R","BOSS","M","$","?","?","M","R","$","R","T","R","M","E"],"build_version":"2018-12-20","purchased_purges":0,"victory":false,"max_hp_per_floor":[82,82,82,82,82,82,82,82,82,82,82,82,82,82,82,82,82,82,82,82,82,82,82,82,82,82,82,82,82],"card_choices":[{"not_picked":["Anger","Shockwave","Clothesline"],"picked":"SKIP","floor":1},{"not_picked":["Uppercut","Rage"],"picked":"Perfected Strike","floor":2},{"not_picked":["Sword Boomerang","Dropkick"],"picked":"Wild Strike","floor":4},{"not_picked":["Flame Barrier","Body Slam","Whirlwind"],"picked":"SKIP","floor":5},{"not_picked":["Pummel","Dual Wield"],"picked":"Twin Strike","floor":6},{"not_picked":["Sentinel","Iron Wave","Barricade"],"picked":"Pommel Strike","floor":14},{"not_picked":["Double Tap","Offering","Barricade"],"picked":"Limit Break","floor":16},{"not_picked":["Evolve","Armaments","Iron Wave"],"picked":"Flex","floor":18},{"not_picked":["Cleave","Iron Wave","Anger"],"picked":"Pummel","floor":22},{"not_picked":["Iron Wave","True Grit","Havoc+1"],"picked":"Battle Trance","floor":28}],"player_experience":652177,"relics_obtained":[{"floor":6,"key":"Question Card"},{"floor":9,"key":"Mummified Hand"},{"floor":14,"key":"Boot"},{"floor":26,"key":"Blue Candle"}],"event_choices":[{"damage_healed":0,"gold_gain":0,"player_choice":"Success","damage_taken":5,"relics_obtained":["Art of War"],"max_hp_gain":0,"max_hp_loss":0,"event_name":"Scrap Ooze","floor":10,"gold_loss":0},{"damage_healed":20,"gold_gain":0,"player_choice":"Healed","damage_taken":0,"max_hp_gain":0,"max_hp_loss":0,"event_name":"The Cleric","floor":12,"gold_loss":35},{"damage_healed":0,"gold_gain":0,"player_choice":"Obtained Relic","damage_taken":0,"relics_obtained":["Lantern"],"max_hp_gain":0,"max_hp_loss":0,"event_name":"Addict","floor":20,"gold_loss":85},{"damage_healed":0,"gold_gain":50,"player_choice":"Stole From Cult","damage_taken":0,"max_hp_gain":0,"max_hp_loss":0,"event_name":"Nest","floor":21,"gold_loss":0}],"is_beta":false,"boss_relics":[{"not_picked":["Ectoplasm","Lizard Tail"],"picked":"Mark of Pain"}],"items_purged_floors":[],"is_endless":false,"potions_floor_spawned":[2,6,16,18],"killed_by":"Gremlin Leader","ascension_level":17}