{"gold_per_floor":[110,124,124,54,68,68,83,83,109,122,134,134,153,165,165,268,268],"floor_reached":17,"playtime":720,"items_purged":[],"score":151,"play_id":"78067631-50c5-45bd-af84-0cb108427bc0","local_time":"20180729160331","is_ascension_mode":false,"campfire_choices":[{"data":"Zap","floor":6,"key":"SMITH"},{"data":"Redo","floor":8,"key":"SMITH"},{"floor":15,"key":"REST"}],"neow_cost":"","seed_source_timestamp":661063606809299,"circlet_count":0,"master_deck":["Strike_B","Strike_B","Strike_B","Strike_B","Defend_B","Defend_B","Defend_B","Defend_B","Zap+1","Dualcast","Lockon","Redo+1","Lockon","Ball Lightning","Ball Lightning","Gash+1","Doom and Gloom","Thunder Strike","Steam","Biased Cognition"],"relics":["Cracked Core","Ancient Tea Set","Eternal Feather"],"potions_floor_usage":[16,16],"damage_taken":[{"damage":5,"enemies":"Cultist","floor":1,"turns":4},{"damage":5,"enemies":"Jaw Worm","floor":2,"turns":4},{"damage":0,"enemies":"Small Slimes","floor":5,"turns":3},{"damage":18,"enemies":"Exordium Thugs","floor":7,"turns":6},{"damage":0,"enemies":"Large Slime","floor":10,"turns":3},{"damage":3,"enemies":"2 Fungi Beasts","floor":11,"turns":3},{"damage":13,"enemies":"Lots of Slimes","floor":13,"turns":2},{"damage":0,"enemies":"3 Louse","floor":14,"turns":2},{"damage":53,"enemies":"The Guardian","floor":16,"turns":8}],"seed_played":"-8395634065961382498","potions_obtained":[{"floor":1,"key":"Strength Potion"},{"floor":10,"key":"SpeedPotion"},{"floor":11,"key":"Weak Potion"},{"floor":13,"key":"Regen Potion"}],"is_trial":false,"path_per_floor":["M","M","?","$","M","R","M","R","T","M","M","?","M","M","R","B"],"character_chosen":"DEFECT","items_purchased":["Lockon"],"campfire_rested":1,"item_purchase_floors":[4],"current_hp_per_floor":[70,65,65,65,65,65,47,47,47,47,44,44,31,31,53,15,15],"gold":268,"neow_bonus":"","is_prod":false,"is_daily":false,"chose_seed":false,"campfire_upgraded":2,"win_rate":0.0,"timestamp":1532873011,"path_taken":["M","M","?","$","M","R","M","R","T","M","?","?","M","M","R","BOSS"],"build_version":"2018-07-26","purchased_purges":0,"victory":false,"max_hp_per_floor":[75,75,75,75,75,75,75,75,75,75,75,75,75,75,75,75,75],"card_choices":[{"not_picked":["Leap","Consume"],"picked":"Lockon","floor":1},{"not_picked":["Barrage","Beam Cell"],"picked":"Redo","floor":2},{"not_picked":["Leap","Sweeping Beam"],"picked":"Ball Lightning","floor":5},{"not_picked":["Reinforced Body","Barrage"],"picked":"Ball Lightning","floor":7},{"not_picked":["Cold Snap","Doom and Gloom"],"picked":"Gash","floor":10},{"not_picked":["Consume","Stack"],"picked":"Doom and Gloom","floor":11},{"not_picked":["White Noise","Darkness"],"picked":"Thunder Strike","floor":13},{"not_picked":["Stack","Coolheaded"],"picked":"Steam","floor":14},{"not_picked":["Amplify","Buffer"],"picked":"Biased Cognition","floor":16}],"player_experience":214909,"relics_obtained":[{"floor":9,"key":"Ancient Tea Set"}],"event_choices":[{"event_name":"Golden Idol","player_choice":"Ignored","floor":3,"damage_taken":0},{"event_name":"Accursed Blacksmith","player_choice":"Forge","floor":12,"damage_taken":0}],"is_beta":false,"boss_relics":[{"not_picked":["Ectoplasm","Runic Pyramid"],"picked":"Eternal Feather"}],"items_purged_floors":[],"is_endless":false,"potions_floor_spawned":[1,10,11,13,14],"ascension_level":0}