{"gold_per_floor":[109,109,34,34,58,93,93,123,123,123,139,155,191,91,91,91],"floor_reached":16,"playtime":1524,"items_purged":["Strike_R","Defend_R"],"score":113,"play_id":"3396a815-2c17-449a-a587-c4b33ace1f2a","local_time":"20180803221911","is_ascension_mode":true,"campfire_choices":[{"floor":7,"key":"REST"},{"floor":15,"key":"REST"}],"neow_cost":"NONE","seed_source_timestamp":0,"circlet_count":0,"master_deck":["Strike_R","Strike_R","Defend_R","Defend_R","Defend_R","Bash","Flex","Armaments","Shrug It Off","Metallicize","Inflame","Metallicize"],"special_seed":0,"relics":["Burning Blood","Golden Idol","Toxic Egg 2","Ornamental Fan","Bag of Preparation"],"potions_floor_usage":[12],"damage_taken":[{"damage":1.0,"enemies":"Jaw Worm","floor":1.0,"turns":4.0},{"damage":2.0,"enemies":"2 Louse","floor":5.0,"turns":3.0},{"damage":52,"enemies":"Gremlin Nob","floor":6,"turns":6},{"damage":0,"enemies":"Cultist","floor":11,"turns":4},{"damage":7,"enemies":"Looter","floor":12,"turns":3},{"damage":16,"enemies":"3 Sentries","floor":13,"turns":16},{"damage":61,"enemies":"Slime Boss","floor":16,"turns":13}],"seed_played":"8687222670680168510","potions_obtained":[{"floor":1.0,"key":"Swift Potion"},{"floor":5,"key":"Swift Potion"},{"floor":11,"key":"Swift Potion"}],"is_trial":false,"path_per_floor":["M","?","$","?","M","E","R","?","T","?","M","M","E","$","R"],"character_chosen":"IRONCLAD","items_purchased":[],"campfire_rested":2,"item_purchase_floors":[],"current_hp_per_floor":[80,74,74,74,74,28,50,50,50,43,49,48,38,38,60,0],"gold":91,"neow_bonus":"THREE_CARDS","is_prod":false,"is_daily":false,"chose_seed":false,"campfire_upgraded":0,"win_rate":0,"timestamp":1533305951,"path_taken":["M","?","$","?","?","E","R","?","T","?","M","M","E","$","R","BOSS"],"build_version":"2018-08-02","purchased_purges":2,"victory":false,"max_hp_per_floor":[80,74,74,74,74,74,74,74,74,74,74,74,74,74,74,74],"card_choices":[{"not_picked":["Twin Strike","Body Slam"],"picked":"Flex","floor":0.0},{"not_picked":["Anger","Sword Boomerang"],"picked":"Armaments","floor":1.0},{"not_picked":["Flame Barrier","Bloodletting"],"picked":"Shrug It Off","floor":5},{"not_picked":["Anger","Seeing Red"],"picked":"Metallicize","floor":6},{"not_picked":["True Grit+1","Sentinel+1","Pommel Strike"],"picked":"SKIP","floor":11},{"not_picked":["Iron Wave","Heavy Blade"],"picked":"Inflame","floor":12},{"not_picked":["Corruption","Immolate"],"picked":"Metallicize","floor":13}],"player_experience":152752,"relics_obtained":[{"floor":6,"key":"Toxic Egg 2"},{"floor":9,"key":"Ornamental Fan"},{"floor":13,"key":"Bag of Preparation"}],"event_choices":[{"event_name":"Golden Idol","player_choice":"Lose Max HP","floor":2.0,"damage_taken":0.0},{"event_name":"Purifier","player_choice":"One Purge","floor":4.0,"damage_taken":0.0},{"event_name":"Dead Adventurer","player_choice":"Searched \u00271\u0027 times","floor":8,"damage_taken":0},{"event_name":"Golden Wing","player_choice":"Card Removal","floor":10,"damage_taken":0}],"is_beta":false,"boss_relics":[],"items_purged_floors":[3,14],"is_endless":false,"potions_floor_spawned":[1,5,11],"killed_by":"Slime Boss","ascension_level":1}