{"gold_per_floor":[217,22,22,22,37,71,71,45,120,120,146,159,185,196,196,292,292,306,320,320,79,0,0,30,30,30,30,47,47,47,66,66,169,169,179,189,189,203,219,219,244,244,244],"floor_reached":43,"playtime":2640,"items_purged":[],"score":519,"play_id":"b5e076a1-4c4e-49dc-80ef-8c5721fdbb88","local_time":"20190202134513","is_ascension_mode":true,"campfire_choices":[{"floor":7,"key":"REST"},{"floor":10,"key":"REST"},{"data":"Footwork","floor":15,"key":"SMITH"},{"data":"Tools of the Trade","floor":23,"key":"SMITH"},{"floor":29,"key":"REST"},{"floor":32,"key":"REST"},{"floor":40,"key":"REST"}],"neow_cost":"NONE","seed_source_timestamp":844210931621900,"circlet_count":0,"master_deck":["Defend_G+1","Defend_G+1","Defend_G+1","Defend_G+1","Strike_G+1","Survivor","Neutralize+1","Dagger Throw","Blur+1","Noxious Fumes","Deadly Poison","Poisoned Stab","Footwork+1","Noxious Fumes","Outmaneuver","Acrobatics","Tools of the Trade+1","Setup+1","Crippling Poison+1","A Thousand Cuts+1","Dodge and Roll","Cloak And Dagger","Chrysalis","Cloak And Dagger+1","Prepared+1","Footwork+1","After Image","Well Laid Plans+1","Cloak And Dagger","Poisoned Stab+1","Backflip+1"],"relics":["Ring of the Snake","Omamori","Shuriken","Question Card","Pantograph","Smiling Mask","Astrolabe","Matryoshka","Necronomicon","Bag of Marbles","Gremlin Horn","Ancient Tea Set","Pear","Lizard Tail","Lantern"],"potions_floor_usage":[11,16,16,24,33,33,38,41,41,43],"damage_taken":[{"damage":0,"enemies":"Small Slimes","floor":1,"turns":3},{"damage":0,"enemies":"Jaw Worm","floor":5,"turns":4},{"damage":24,"enemies":"Gremlin Nob","floor":6,"turns":6},{"damage":0,"enemies":"Lagavulin","floor":11,"turns":6},{"damage":0,"enemies":"2 Louse","floor":12,"turns":3},{"damage":19,"enemies":"Gremlin Nob","floor":13,"turns":5},{"damage":0,"enemies":"Looter","floor":14,"turns":4},{"damage":6,"enemies":"The Guardian","floor":16,"turns":9},{"damage":20,"enemies":"3 Byrds","floor":18,"turns":4},{"damage":6,"enemies":"Chosen","floor":19,"turns":5},{"damage":5,"enemies":"Book of Stabbing","floor":24,"turns":8},{"damage":11,"enemies":"Snecko","floor":28,"turns":6},{"damage":12,"enemies":"Snake Plant","floor":31,"turns":4},{"damage":14,"enemies":"Automaton","floor":33,"turns":11},{"damage":0,"enemies":"3 Shapes","floor":35,"turns":5},{"damage":25,"enemies":"3 Darklings","floor":36,"turns":5},{"damage":14,"enemies":"4 Shapes","floor":38,"turns":4},{"damage":11,"enemies":"Sphere and 2 Shapes","floor":39,"turns":7},{"damage":66,"enemies":"Reptomancer","floor":41,"turns":7},{"damage":68,"enemies":"Donu and Deca","floor":43,"turns":12}],"seed_played":"8006215513482818345","potions_obtained":[{"floor":6,"key":"Strength Potion"},{"floor":12,"key":"Regen Potion"},{"floor":16,"key":"PowerPotion"},{"floor":19,"key":"Swift Potion"},{"floor":33,"key":"SteroidPotion"},{"floor":35,"key":"Dexterity Potion"},{"floor":36,"key":"SneckoOil"},{"floor":39,"key":"SpeedPotion"}],"is_trial":false,"path_per_floor":["M","$","?","?","M","E","R","$","T","R","E","M","E","M","R","B",null,"M","M","?","$","?","R","E","?","T","T","M","R","$","M","R","B",null,"M","M","?","M","M","R","E","?","B"],"character_chosen":"THE_SILENT","items_purchased":["Omamori","SkillPotion","Poisoned Stab","Chrysalis","PowerPotion"],"campfire_rested":5,"item_purchase_floors":[2,2,8,21,21],"current_hp_per_floor":[70,70,70,56,56,32,53,53,53,70,70,70,51,51,51,70,70,50,44,44,44,44,44,39,23,23,33,22,46,46,34,58,66,80,80,55,55,41,30,54,39,39,0],"gold":244,"neow_bonus":"HUNDRED_GOLD","is_prod":false,"is_daily":false,"chose_seed":false,"campfire_upgraded":2,"win_rate":0,"timestamp":1549143913,"path_taken":["M","$","?","?","M","E","R","?","T","R","E","M","E","M","R","BOSS","M","M","?","$","?","R","E","?","T","?","M","R","?","M","R","BOSS","M","M","?","M","M","R","E","?","BOSS"],"build_version":"2019-01-23","purchased_purges":0,"victory":false,"max_hp_per_floor":[70,70,70,70,70,70,70,70,70,70,70,70,70,70,70,70,70,70,70,70,70,70,70,70,70,70,80,80,80,80,80,80,80,80,80,80,80,80,80,80,80,80,80],"card_choices":[{"not_picked":["Quick Slash","Reflex"],"picked":"Dagger Throw","floor":1},{"not_picked":["Slice","Prepared"],"picked":"Noxious Fumes","floor":5},{"not_picked":["Accuracy","Setup"],"picked":"Deadly Poison","floor":6},{"not_picked":["Choke","Dagger Spray","Leg Sweep"],"picked":"Footwork","floor":11},{"not_picked":["Accuracy","Well Laid Plans","All Out Attack"],"picked":"Noxious Fumes","floor":12},{"not_picked":["Infinite Blades","Flying Knee","Flechettes"],"picked":"Outmaneuver","floor":13},{"not_picked":["Backstab","Quick Slash","Calculated Gamble"],"picked":"Acrobatics","floor":14},{"not_picked":["Glass Knife","Phantasmal Killer","Unload"],"picked":"Tools of the Trade","floor":16},{"not_picked":["Bane+1","Deflect","Flying Knee"],"picked":"Dodge and Roll","floor":18},{"not_picked":["Underhanded Strike","Bane","Venomology"],"picked":"Cloak And Dagger","floor":19},{"not_picked":["Reflex","Quick Slash","Dodge and Roll+1"],"picked":"Cloak And Dagger+1","floor":24},{"not_picked":["Backflip+1","Bane+1","Footwork"],"picked":"Prepared+1","floor":28},{"not_picked":["Underhanded Strike","Blur+1","Acrobatics+1"],"picked":"Footwork+1","floor":31},{"not_picked":["Corpse Explosion","Venomology","Doppelganger"],"picked":"After Image","floor":33},{"not_picked":["Dagger Throw+1","Caltrops+1","Slice"],"picked":"Well Laid Plans+1","floor":35},{"not_picked":["Expertise+1","Underhanded Strike","Unload"],"picked":"Cloak And Dagger","floor":36},{"not_picked":["Dodge and Roll","PiercingWail+1","Dagger Throw"],"picked":"Poisoned Stab+1","floor":38},{"not_picked":["Masterful Stab+1","Skewer","Dagger Throw+1","Well Laid Plans"],"picked":"SKIP","floor":39},{"not_picked":["Cloak And Dagger+1","Deadly Poison","PiercingWail"],"picked":"Backflip+1","floor":41}],"player_experience":93031,"relics_obtained":[{"floor":6,"key":"Shuriken"},{"floor":9,"key":"Question Card"},{"floor":11,"key":"Pantograph"},{"floor":13,"key":"Smiling Mask"},{"floor":24,"key":"Matryoshka"},{"floor":25,"key":"Necronomicon"},{"floor":26,"key":"Bag of Marbles"},{"floor":26,"key":"Gremlin Horn"},{"floor":27,"key":"Ancient Tea Set"},{"floor":27,"key":"Pear"},{"floor":41,"key":"Lantern"}],"event_choices":[{"damage_healed":0,"gold_gain":0,"cards_transformed":["Strike_G"],"player_choice":"Change","damage_taken":0,"max_hp_gain":0,"max_hp_loss":0,"event_name":"Living Wall","floor":3,"gold_loss":0,"cards_obtained":["Blur"]},{"damage_healed":0,"gold_gain":0,"player_choice":"Entered Light","damage_taken":14,"max_hp_gain":0,"max_hp_loss":0,"event_name":"Shining Light","floor":4,"gold_loss":0,"cards_upgraded":["Blur","Neutralize"]},{"damage_healed":0,"gold_gain":0,"player_choice":"Simplicity","damage_taken":0,"max_hp_gain":0,"max_hp_loss":0,"event_name":"Back to Basics","floor":20,"gold_loss":0,"cards_upgraded":["Defend_G","Defend_G","Defend_G","Defend_G","Strike_G","Strike_G"]},{"damage_healed":0,"gold_gain":0,"player_choice":"Paid Fearfully","damage_taken":0,"max_hp_gain":0,"max_hp_loss":0,"event_name":"Masked Bandits","floor":22,"gold_loss":79},{"damage_healed":0,"gold_gain":0,"player_choice":"Obtained Book","damage_taken":16,"max_hp_gain":0,"max_hp_loss":0,"event_name":"Cursed Tome","floor":25,"gold_loss":0},{"cards_removed":["Strike_G"],"damage_healed":0,"gold_gain":0,"player_choice":"Removed Attack","damage_taken":0,"max_hp_gain":0,"max_hp_loss":0,"event_name":"Falling","floor":37,"gold_loss":0},{"damage_healed":0,"gold_gain":0,"player_choice":"Took Portal","damage_taken":0,"max_hp_gain":0,"max_hp_loss":0,"event_name":"SecretPortal","floor":42,"gold_loss":0}],"is_beta":false,"boss_relics":[{"not_picked":["Empty Cage","Runic Dome"],"picked":"Astrolabe"},{"not_picked":["Velvet Choker","Fusion Hammer"],"picked":"Lizard Tail"}],"items_purged_floors":[],"is_endless":false,"potions_floor_spawned":[6,12,16,19,33,35,36,39],"killed_by":"Donu and Deca","ascension_level":1}