{"gold_per_floor":[119,139,139,158,177,216,216,255,302,343,358,358,323,323,323,447,447,467,467,482,44,44,44,87,106,106,106,129,149,149,193,193,324,324,344,13,138,138,118,152,152,175,175,208,227,261,261,292,292,292,292,292,14,47,47],"floor_reached":55,"playtime":2081,"items_purged":[],"score":1065,"play_id":"b3ab39bf-6ca0-4d17-8cc7-97d5acb03bbc","local_time":"20181124203511","is_ascension_mode":true,"campfire_choices":[{"floor":7,"key":"REST"},{"floor":12,"key":"REST"},{"data":"Heavy Blade","floor":15,"key":"SMITH"},{"data":"Feed","floor":23,"key":"SMITH"},{"data":"Feed","floor":27,"key":"SMITH"},{"floor":30,"key":"REST"},{"floor":32,"key":"RECALL"},{"floor":41,"key":"REST"},{"floor":49,"key":"REST"},{"floor":52,"key":"REST"}],"neow_cost":"NONE","seed_source_timestamp":1488099669148283,"circlet_count":0,"master_deck":["Strike_R","Strike_R","Strike_R","Defend_R+1","Defend_R+1","Defend_R","Bash","Second Wind","Body Slam","Injury","Thunderclap","Heavy Blade+1","Inflame","Flex+1","Blood for Blood","Cleave","Feed+1","Infernal Blade+1","Feed+1","Iron Wave","Inflame","Uppercut","Feed","Hemokinesis","Shrug It Off","Uppercut","Demon Form","Intimidate+1","Pummel+1","Combust+1","Shrug It Off+1","Metallicize+1","Heavy Blade","Writhe","Disarm+1","Dual Wield+1","Flex+1","Heavy Blade+1","Blood for Blood","Flex+1","Mind Blast","Double Tap"],"relics":["Burning Blood","Blood Vial","Golden Idol","Matryoshka","Pear","Bottled Lightning","Pen Nib","Bag of Marbles","Philosopher\u0027s Stone","Strawberry","Gremlin Horn","Ancient Tea Set","War Paint","Happy Flower","Nunchaku","Astrolabe","Self Forming Clay","Ice Cream","Smiling Mask","Darkstone Periapt","Shuriken","Incense Burner","Omamori","Vajra","Torii"],"potions_floor_usage":[8,8,10,11,29,33,33,33,46,46],"damage_taken":[{"damage":6,"enemies":"Cultist","floor":1,"turns":3},{"damage":13,"enemies":"Small Slimes","floor":2,"turns":4},{"damage":5,"enemies":"2 Louse","floor":4,"turns":3},{"damage":12,"enemies":"Large Slime","floor":5,"turns":7},{"damage":34,"enemies":"3 Sentries","floor":6,"turns":10},{"damage":36,"enemies":"Gremlin Nob","floor":8,"turns":5},{"damage":35,"enemies":"Lagavulin","floor":10,"turns":6},{"damage":14,"enemies":"Exordium Thugs","floor":11,"turns":3},{"damage":66,"enemies":"The Guardian","floor":16,"turns":9},{"damage":11,"enemies":"Spheric Guardian","floor":18,"turns":3},{"damage":11,"enemies":"2 Thieves","floor":20,"turns":2},{"damage":0,"enemies":"Gremlin Leader","floor":24,"turns":4},{"damage":14,"enemies":"Snake Plant","floor":25,"turns":3},{"damage":16,"enemies":"Centurion and Healer","floor":28,"turns":4},{"damage":24,"enemies":"Snecko","floor":29,"turns":4},{"damage":16,"enemies":"Slavers","floor":31,"turns":4},{"damage":85,"enemies":"Automaton","floor":33,"turns":10},{"damage":22,"enemies":"3 Shapes","floor":35,"turns":2},{"damage":9,"enemies":"Mind Bloom Boss Battle","floor":37,"turns":5},{"damage":60,"enemies":"Nemesis","floor":40,"turns":5},{"damage":7,"enemies":"Orb Walker","floor":42,"turns":3},{"damage":36,"enemies":"Reptomancer","floor":44,"turns":4},{"damage":20,"enemies":"4 Shapes","floor":45,"turns":4},{"damage":58,"enemies":"Nemesis","floor":46,"turns":5},{"damage":19,"enemies":"Reptomancer","floor":48,"turns":3},{"damage":68,"enemies":"Time Eater","floor":50,"turns":9},{"damage":40,"enemies":"Shield and Spear","floor":54,"turns":5},{"damage":110,"enemies":"The Heart","floor":55,"turns":9}],"seed_played":"6470117321186309481","potions_obtained":[{"floor":1,"key":"SpeedPotion"},{"floor":4,"key":"LiquidBronze"},{"floor":6,"key":"Block Potion"},{"floor":8,"key":"Strength Potion"},{"floor":10,"key":"EssenceOfSteel"},{"floor":24,"key":"Ancient Potion"},{"floor":25,"key":"EssenceOfSteel"},{"floor":31,"key":"SkillPotion"},{"floor":33,"key":"BloodPotion"},{"floor":37,"key":"SpeedPotion"},{"floor":39,"key":"SmokeBomb"}],"is_trial":false,"path_per_floor":["M","M","?","M","M","E","R","E","T","E","M","R","?","?","R","B",null,"M","?","M","$","T","R","E","M","T","R","M","M","R","E","R","B",null,"M","$","?","?","?","E","R","M","T","E","M","E","?","E","R","B",null,"R","$","E","B"],"character_chosen":"IRONCLAD","items_purchased":["Strawberry","Gremlin Horn","Inflame","Self Forming Clay","Metallicize","Vajra","Mind Blast","Energy Potion"],"campfire_rested":6,"item_purchase_floors":[21,21,21,36,36,53,53,53],"current_hp_per_floor":[80,73,73,76,72,46,70,52,52,25,19,46,68,68,68,10,90,88,88,88,95,95,95,107,103,103,103,99,87,119,109,109,35,122,110,110,109,126,126,72,109,110,110,82,77,44,44,33,74,14,137,137,137,103,0],"gold":47,"neow_bonus":"RANDOM_COMMON_RELIC","is_prod":false,"is_daily":false,"chose_seed":false,"campfire_upgraded":3,"win_rate":0,"timestamp":1543120511,"path_taken":["M","M","?","M","M","E","R","E","T","E","M","R","?","?","R","BOSS","M","?","M","$","?","R","E","M","T","R","M","M","R","E","R","BOSS","M","$","?","?","?","E","R","?","T","E","M","E","?","E","R","BOSS","R","$","E","BOSS"],"build_version":"2018-11-15","purchased_purges":0,"victory":false,"max_hp_per_floor":[80,80,80,80,80,80,80,90,90,90,90,90,90,90,90,90,90,93,93,96,103,103,103,107,111,111,111,115,119,119,119,119,122,122,126,126,126,126,126,126,126,126,126,126,133,137,137,137,137,137,137,137,137,137,137],"card_choices":[{"not_picked":["Blood for Blood","Twin Strike"],"picked":"Second Wind","floor":1},{"not_picked":["Corruption","Wild Strike"],"picked":"Body Slam","floor":2},{"not_picked":["Sword Boomerang","Headbutt"],"picked":"Thunderclap","floor":4},{"not_picked":["Wild Strike","Iron Wave"],"picked":"Heavy Blade","floor":5},{"not_picked":["Feed","Burning Pact"],"picked":"Inflame","floor":6},{"not_picked":["Body Slam","Thunderclap"],"picked":"Flex","floor":8},{"not_picked":["Intimidate","Perfected Strike"],"picked":"Blood for Blood","floor":10},{"not_picked":["Seeing Red","Rage"],"picked":"Cleave","floor":11},{"not_picked":["Immolate","Brutality"],"picked":"Feed","floor":16},{"not_picked":["Wild Strike","Body Slam"],"picked":"Infernal Blade+1","floor":18},{"not_picked":["Infernal Blade","Ghostly Armor"],"picked":"Iron Wave","floor":20},{"not_picked":["Corruption","Anger"],"picked":"Uppercut","floor":24},{"not_picked":["Cleave+1","Headbutt"],"picked":"Feed","floor":25},{"not_picked":["Wild Strike","Combust"],"picked":"Hemokinesis","floor":28},{"not_picked":["Twin Strike+1","Shockwave"],"picked":"Shrug It Off","floor":29},{"not_picked":["Iron Wave","Rampage"],"picked":"Uppercut","floor":31},{"not_picked":["Reaper","Berserk"],"picked":"Demon Form","floor":33},{"not_picked":["Pommel Strike+1","Intimidate+1"],"picked":"Shrug It Off+1","floor":35},{"not_picked":["Havoc+1","Body Slam+1"],"picked":"Heavy Blade","floor":37},{"not_picked":["Sever Soul","Brutality"],"picked":"Disarm+1","floor":40},{"not_picked":["Cleave+1","Clash"],"picked":"Dual Wield+1","floor":42},{"not_picked":["Entrench+1","Clothesline+1"],"picked":"Flex+1","floor":44},{"not_picked":["Twin Strike","Infernal Blade+1"],"picked":"Heavy Blade+1","floor":45},{"not_picked":["Battle Trance","Armaments"],"picked":"Blood for Blood","floor":46},{"not_picked":["Body Slam+1","Warcry+1"],"picked":"Flex+1","floor":48},{"not_picked":["Sentinel","Ghostly Armor"],"picked":"Double Tap","floor":54}],"player_experience":126253,"relics_obtained":[{"floor":6,"key":"Matryoshka"},{"floor":8,"key":"Pear"},{"floor":9,"key":"Bottled Lightning"},{"floor":9,"key":"Pen Nib"},{"floor":10,"key":"Bag of Marbles"},{"floor":22,"key":"Ancient Tea Set"},{"floor":24,"key":"War Paint"},{"floor":26,"key":"Happy Flower"},{"floor":31,"key":"Nunchaku"},{"floor":37,"key":"Ice Cream"},{"floor":40,"key":"Smiling Mask"},{"floor":43,"key":"Darkstone Periapt"},{"floor":44,"key":"Shuriken"},{"floor":46,"key":"Incense Burner"},{"floor":48,"key":"Omamori"},{"floor":54,"key":"Torii"}],"event_choices":[{"damage_healed":0,"gold_gain":0,"player_choice":"Take Wound","damage_taken":0,"relics_obtained":["Golden Idol"],"max_hp_gain":0,"max_hp_loss":0,"event_name":"Golden Idol","floor":3,"gold_loss":0,"cards_obtained":["Injury"]},{"damage_healed":22,"gold_gain":0,"player_choice":"Healed","damage_taken":0,"max_hp_gain":0,"max_hp_loss":0,"event_name":"The Cleric","floor":13,"gold_loss":35},{"damage_healed":0,"gold_gain":0,"player_choice":"Grow","damage_taken":0,"max_hp_gain":0,"max_hp_loss":0,"event_name":"Living Wall","floor":14,"gold_loss":0,"cards_upgraded":["Flex"]},{"damage_healed":0,"gold_gain":0,"player_choice":"Copied","damage_taken":0,"max_hp_gain":0,"max_hp_loss":0,"event_name":"Duplicator","floor":19,"gold_loss":0,"cards_obtained":["Feed"]},{"damage_healed":0,"gold_gain":0,"player_choice":"Fight","damage_taken":0,"max_hp_gain":0,"max_hp_loss":0,"event_name":"MindBloom","floor":37,"gold_loss":0},{"damage_healed":32,"gold_gain":0,"player_choice":"Writhe","damage_taken":0,"max_hp_gain":0,"max_hp_loss":0,"event_name":"Winding Halls","floor":38,"gold_loss":0,"cards_obtained":["Writhe"]},{"damage_healed":0,"gold_gain":0,"player_choice":"Bought 1 Potion","damage_taken":0,"max_hp_gain":0,"max_hp_loss":0,"event_name":"The Woman in Blue","floor":39,"gold_loss":0},{"damage_healed":0,"gold_gain":0,"player_choice":"Upgraded","damage_taken":0,"max_hp_gain":0,"max_hp_loss":0,"event_name":"Upgrade Shrine","floor":47,"gold_loss":0,"cards_upgraded":["Metallicize"]}],"is_beta":false,"boss_relics":[{"not_picked":["Runic Dome","Sozu"],"picked":"Philosopher\u0027s Stone"},{"not_picked":["Fusion Hammer","Calling Bell"],"picked":"Astrolabe"}],"items_purged_floors":[],"is_endless":false,"potions_floor_spawned":[1,4,6,8,10,24,25,31,33,37,40,45],"killed_by":"The Heart","ascension_level":1}