{"gold_per_floor":[367,34,50,50,1,32,32,48,74,107,107,107,120,120,120,217,217,233,233,233,253,3,3,30,30,54,0,0,13,28,28,28,125,125,136,136,155,7,7,7,33,33],"floor_reached":42,"playtime":2947,"items_purged":[],"score":450,"play_id":"8e6c2e19-4899-4c5d-b683-3d3c0bf4c14e","local_time":"20190125160430","is_ascension_mode":false,"campfire_choices":[{"data":"Metamorphosis","floor":7,"key":"SMITH"},{"floor":11,"key":"REST"},{"floor":15,"key":"REST"},{"floor":23,"key":"REST"},{"floor":28,"key":"DIG"},{"floor":32,"key":"DIG"},{"floor":40,"key":"REST"}],"neow_cost":"TEN_PERCENT_HP_LOSS","seed_source_timestamp":19883526838042,"circlet_count":0,"master_deck":["Strike_B","Defend_B","Defend_B","Defend_B","Defend_B","Zap","Dualcast","Reinforced Body","Rainbow+1","Metamorphosis+1","FTL","Doom and Gloom+1","Echo Form","Defragment","Parasite","Coolheaded","Seek","Cold Snap+1","Coolheaded","Machine Learning","Leap","Streamline+1","Cold Snap+1","White Noise","Biased Cognition","FTL+1","Madness+1","Madness+1","Steam+1","Secret Technique","Force Field+1"],"relics":["Cracked Core","Juzu Bracelet","Bottled Flame","Blood Vial","Anchor","Fusion Hammer","Mummified Hand","Shovel","Ancient Tea Set","Lantern","Gambling Chip","Nuclear Battery","War Paint","Happy Flower"],"potions_floor_usage":[10,10,16,16,24,24,24,33,41,42],"damage_taken":[{"damage":0,"enemies":"Cultist","floor":1,"turns":4},{"damage":8,"enemies":"Small Slimes","floor":3,"turns":3},{"damage":15,"enemies":"3 Sentries","floor":6,"turns":5},{"damage":6,"enemies":"Jaw Worm","floor":8,"turns":3},{"damage":11,"enemies":"Lagavulin","floor":10,"turns":5},{"damage":11,"enemies":"Large Slime","floor":13,"turns":4},{"damage":36,"enemies":"Hexaghost","floor":16,"turns":7},{"damage":5,"enemies":"Spheric Guardian","floor":18,"turns":5},{"damage":0,"enemies":"Chosen","floor":21,"turns":3},{"damage":12,"enemies":"Slavers","floor":24,"turns":4},{"damage":22,"enemies":"Shelled Parasite and Fungi","floor":29,"turns":4},{"damage":0,"enemies":"Snecko","floor":30,"turns":4},{"damage":7,"enemies":"Collector","floor":33,"turns":7},{"damage":0,"enemies":"Orb Walker","floor":35,"turns":3},{"damage":26,"enemies":"3 Darklings","floor":37,"turns":3},{"damage":54,"enemies":"Reptomancer","floor":41,"turns":6},{"damage":14,"enemies":"Transient","floor":42,"turns":3}],"seed_played":"8375517218708643803","potions_obtained":[{"floor":6,"key":"EntropicBrew"},{"floor":10,"key":"Fire Potion"},{"floor":16,"key":"EssenceOfSteel"},{"floor":18,"key":"SkillPotion"},{"floor":21,"key":"LiquidBronze"},{"floor":29,"key":"LiquidBronze"},{"floor":33,"key":"Strength Potion"},{"floor":37,"key":"Block Potion"}],"is_trial":false,"path_per_floor":["M","$","M","?","?","E","R","M","T","E","R","?","M","?","R","B",null,"M","?","?","M","$","R","E","$","T","?","R","M","M","?","R","B",null,"M","?","M","$","?","R","E","M"],"character_chosen":"DEFECT","items_purchased":["Rainbow","Metamorphosis","Mummified Hand","War Paint"],"campfire_rested":4,"item_purchase_floors":[2,2,22,38],"current_hp_per_floor":[68,68,60,48,48,33,33,27,27,18,38,55,46,32,52,18,68,63,63,63,65,65,68,56,56,56,56,56,36,38,60,60,55,68,68,59,35,35,35,55,3,0],"gold":33,"neow_bonus":"TWO_FIFTY_GOLD","is_prod":false,"is_daily":false,"chose_seed":false,"campfire_upgraded":1,"win_rate":0.0,"timestamp":1548399870,"path_taken":["M","$","?","?","?","E","R","M","T","E","R","?","M","?","R","BOSS","M","?","?","M","$","R","E","$","T","?","R","M","M","?","R","BOSS","M","?","M","$","?","R","E","M"],"build_version":"2019-01-23","purchased_purges":0,"victory":false,"max_hp_per_floor":[68,68,68,68,68,68,68,68,68,68,68,68,68,68,68,68,68,68,68,68,68,68,68,68,68,68,68,68,68,68,68,68,68,68,68,68,68,68,68,68,68,68],"card_choices":[{"not_picked":["Redo","Cold Snap"],"picked":"Reinforced Body","floor":1},{"not_picked":["Coolheaded","Barrage"],"picked":"FTL","floor":3},{"not_picked":["Sweeping Beam","FTL"],"picked":"Doom and Gloom","floor":6},{"not_picked":["Go for the Eyes","Ball Lightning"],"picked":"Echo Form","floor":8},{"not_picked":["Steam Power","Sunder"],"picked":"Defragment","floor":10},{"not_picked":["Lockon","Rebound"],"picked":"Coolheaded","floor":13},{"not_picked":["Thunder Strike","Creative AI"],"picked":"Seek","floor":16},{"not_picked":["Steam","Steam Power"],"picked":"Cold Snap+1","floor":18},{"not_picked":["Fusion","Compile Driver"],"picked":"Leap","floor":21},{"not_picked":["Gash","Sweeping Beam"],"picked":"Streamline+1","floor":24},{"not_picked":["Conserve Battery","Sweeping Beam"],"picked":"Cold Snap+1","floor":29},{"not_picked":["Compile Driver","Skim"],"picked":"White Noise","floor":30},{"not_picked":["Rainbow","Reboot"],"picked":"Biased Cognition","floor":33},{"not_picked":["Steam","Hologram"],"picked":"FTL+1","floor":35},{"not_picked":["Heatsinks+1","Compile Driver+1"],"picked":"Steam+1","floor":37},{"not_picked":["Mayhem","Transmutation"],"picked":"Secret Technique","floor":39},{"not_picked":["Streamline+1","Turbo"],"picked":"Force Field+1","floor":41}],"player_experience":63173,"relics_obtained":[{"floor":6,"key":"Bottled Flame"},{"floor":9,"key":"Blood Vial"},{"floor":10,"key":"Anchor"},{"floor":24,"key":"Shovel"},{"floor":26,"key":"Ancient Tea Set"},{"floor":28,"key":"Lantern"},{"floor":32,"key":"Gambling Chip"},{"floor":41,"key":"Happy Flower"}],"event_choices":[{"damage_healed":0,"gold_gain":0,"player_choice":"Success","damage_taken":12,"relics_obtained":["Juzu Bracelet"],"max_hp_gain":0,"max_hp_loss":0,"event_name":"Scrap Ooze","floor":4,"gold_loss":0},{"damage_healed":0,"gold_gain":0,"player_choice":"Left Gold","damage_taken":0,"max_hp_gain":0,"max_hp_loss":0,"event_name":"World of Goop","floor":5,"gold_loss":49},{"damage_healed":17,"gold_gain":0,"player_choice":"Healed and dodged fight","damage_taken":0,"max_hp_gain":0,"max_hp_loss":0,"event_name":"Mushrooms","floor":12,"gold_loss":0,"cards_obtained":["Parasite"]},{"damage_healed":0,"gold_gain":0,"player_choice":"Entered Light","damage_taken":14,"max_hp_gain":0,"max_hp_loss":0,"event_name":"Shining Light","floor":14,"gold_loss":0,"cards_upgraded":["Doom and Gloom","Rainbow"]},{"cards_removed":["Strike_B"],"damage_healed":0,"gold_gain":0,"player_choice":"Elegance","damage_taken":0,"max_hp_gain":0,"max_hp_loss":0,"event_name":"Back to Basics","floor":19,"gold_loss":0},{"damage_healed":0,"gold_gain":0,"cards_transformed":["Strike_B","Strike_B"],"player_choice":"Became Test Subject","damage_taken":0,"max_hp_gain":0,"max_hp_loss":0,"event_name":"Drug Dealer","floor":20,"gold_loss":0,"cards_obtained":["Coolheaded","Machine Learning"]},{"damage_healed":0,"gold_gain":0,"player_choice":"Paid Fearfully","damage_taken":0,"max_hp_gain":0,"max_hp_loss":0,"event_name":"Masked Bandits","floor":27,"gold_loss":54},{"damage_healed":22,"gold_gain":0,"player_choice":"Heal","damage_taken":0,"max_hp_gain":0,"max_hp_loss":0,"event_name":"The Library","floor":31,"gold_loss":0},{"damage_healed":0,"gold_gain":0,"player_choice":"Embrace Madness","damage_taken":9,"max_hp_gain":0,"max_hp_loss":0,"event_name":"Winding Halls","floor":36,"gold_loss":0,"cards_obtained":["Madness","Madness"]},{"damage_healed":0,"gold_gain":0,"player_choice":"Memory 1","damage_taken":0,"max_hp_gain":0,"max_hp_loss":0,"event_name":"SensoryStone","floor":39,"gold_loss":0}],"is_beta":false,"boss_relics":[{"not_picked":["FrozenCore","Tiny House"],"picked":"Fusion Hammer"},{"not_picked":["Runic Pyramid","Coffee Dripper"],"picked":"Nuclear Battery"}],"items_purged_floors":[],"is_endless":false,"potions_floor_spawned":[6,10,16,18,21,29,33,37],"killed_by":"Transient","ascension_level":0}