{"gold_per_floor":[114,114,114,126,137,137,170,190,241,257,257,268,285,18,18,122,122,136,149,49,49,49,83,83,95,95,95,130,5,21,84,84,187,187,207,217,217,237,255,290,290,303,303,403,432,432,432,461,461,461,461,461,7,40,40],"floor_reached":55,"playtime":3512,"items_purged":["Strike_G","Strike_G","Defend_G","Survivor"],"score":1055,"play_id":"843c8f4f-d406-43ba-aac7-51a92e77898a","local_time":"20190120134524","is_ascension_mode":true,"campfire_choices":[{"data":"Neutralize","floor":6.0,"key":"SMITH"},{"floor":11.0,"key":"REST"},{"floor":15.0,"key":"REST"},{"data":"Apotheosis","floor":24,"key":"SMITH"},{"data":"Prepared","floor":27,"key":"SMITH"},{"floor":32,"key":"RECALL"},{"floor":41,"key":"REST"},{"floor":47,"key":"REST"},{"data":"Defend_G","floor":49,"key":"PURGE"},{"floor":52,"key":"DIG"}],"neow_cost":"NONE","seed_source_timestamp":319377968627700,"circlet_count":0,"master_deck":["Neutralize+1","Prepared+1","Blur","Adrenaline","Deadly Poison","Poisoned Stab","Blur","Apotheosis+1","Adrenaline","Backflip","Backstab","Malaise","Choke","Backflip","Backflip","Glass Knife","Prepared+1","Blur","Escape Plan+1","Escape Plan+1","PiercingWail+1"],"special_seed":0,"relics":["Runic Dome","Frozen Egg 2","Art of War","Black Star","Ancient Tea Set","Bottled Flame","Sundial","Happy Flower","Tiny Chest","Ice Cream","Fusion Hammer","Ninja Scroll","Mummified Hand","Shovel","Peace Pipe","Toxic Egg 2","PreservedInsect","Meat on the Bone","Juzu Bracelet","Letter Opener","Vajra","Anchor","Calipers"],"potions_floor_usage":[55,55,55,55,55,55],"damage_taken":[{"damage":0.0,"enemies":"Small Slimes","floor":1.0,"turns":4.0},{"damage":0.0,"enemies":"2 Louse","floor":4.0,"turns":2.0},{"damage":1.0,"enemies":"Cultist","floor":5.0,"turns":5.0},{"damage":65.0,"enemies":"Gremlin Nob","floor":7.0,"turns":7.0},{"damage":0.0,"enemies":"3 Louse","floor":8.0,"turns":5.0},{"damage":1.0,"enemies":"Looter","floor":10.0,"turns":3.0},{"damage":14.0,"enemies":"Gremlin Gang","floor":12.0,"turns":6.0},{"damage":5.0,"enemies":"Red Slaver","floor":13.0,"turns":3.0},{"damage":10.0,"enemies":"Slime Boss","floor":16.0,"turns":14.0},{"damage":0.0,"enemies":"Spheric Guardian","floor":18.0,"turns":5.0},{"damage":4.0,"enemies":"Shell Parasite","floor":19.0,"turns":6.0},{"damage":0,"enemies":"Book of Stabbing","floor":23,"turns":6},{"damage":7,"enemies":"Snecko","floor":25,"turns":7},{"damage":0,"enemies":"Gremlin Leader","floor":28,"turns":5},{"damage":0,"enemies":"Centurion and Healer","floor":30,"turns":5},{"damage":10,"enemies":"Book of Stabbing","floor":31,"turns":6},{"damage":0,"enemies":"Champ","floor":33,"turns":11},{"damage":8,"enemies":"Orb Walker","floor":35,"turns":3},{"damage":2,"enemies":"3 Shapes","floor":36,"turns":4},{"damage":0,"enemies":"Sphere and 2 Shapes","floor":38,"turns":6},{"damage":0,"enemies":"Transient","floor":39,"turns":5},{"damage":1,"enemies":"Giant Head","floor":40,"turns":13},{"damage":0,"enemies":"Jaw Worm Horde","floor":42,"turns":7},{"damage":0,"enemies":"Mind Bloom Boss Battle","floor":44,"turns":7},{"damage":29,"enemies":"Reptomancer","floor":45,"turns":7},{"damage":0,"enemies":"Nemesis","floor":48,"turns":7},{"damage":2,"enemies":"Donu and Deca","floor":50,"turns":13},{"damage":0,"enemies":"Shield and Spear","floor":54,"turns":5},{"damage":93,"enemies":"The Heart","floor":55,"turns":9}],"seed_played":"-7541070271757845818","potions_obtained":[{"floor":4.0,"key":"Explosive Potion"},{"floor":8.0,"key":"Weak Potion"},{"floor":12.0,"key":"GamblersBrew"},{"floor":18.0,"key":"Energy Potion"}],"is_trial":false,"path_per_floor":["M","?","?","M","M","R","E","M","T","M","R","M","M","$","R","B",null,"M","M","$","?","?","E","R","M","T","R","E","$","M","E","R","B",null,"M","M","?","M","M","E","R","M","T","?","E","?","R","E","R","B",null,"R","$","E","B"],"character_chosen":"THE_SILENT","items_purchased":["Apotheosis","EntropicBrew","Vajra","PiercingWail+1"],"campfire_rested":4,"item_purchase_floors":[14,53,53,53],"current_hp_per_floor":[70,70,75,75,74,74,9,9,9,8,30,16,11,11,33,23,75,75,71,71,71,71,71,71,64,64,64,64,64,64,54,54,54,75,67,65,65,65,65,64,75,75,75,75,46,46,68,68,68,66,75,75,75,75,0],"gold":40,"neow_bonus":"BOSS_RELIC","is_prod":false,"is_daily":false,"chose_seed":false,"campfire_upgraded":3,"win_rate":0,"timestamp":1547991924,"path_taken":["M","?","?","M","M","R","E","M","T","M","R","M","M","$","R","BOSS","M","M","$","?","?","E","R","M","T","R","E","$","M","E","R","BOSS","M","M","?","?","M","E","R","M","T","?","E","?","R","E","R","BOSS","R","$","E","BOSS"],"build_version":"2019-01-17v2","purchased_purges":4,"victory":false,"max_hp_per_floor":[70,70,75,75,75,75,75,75,75,75,75,75,75,75,75,75,75,75,75,75,75,75,75,75,75,75,75,75,75,75,75,75,75,75,75,75,75,75,75,75,75,75,75,75,75,75,75,75,75,75,75,75,75,75,75],"card_choices":[{"not_picked":["Flying Knee","PiercingWail"],"picked":"Prepared","floor":1.0},{"not_picked":["Deflect","Quick Slash"],"picked":"Blur","floor":4.0},{"not_picked":["Slice","Quick Slash","Distraction"],"picked":"SKIP","floor":5.0},{"not_picked":["Slice","Blade Dance"],"picked":"Adrenaline","floor":7.0},{"not_picked":["Poisoned Stab","Masterful Stab"],"picked":"Deadly Poison","floor":8.0},{"not_picked":["Masterful Stab","Slice"],"picked":"Poisoned Stab","floor":10.0},{"not_picked":["Skewer","Bane"],"picked":"Blur","floor":12.0},{"not_picked":["Dash","Riddle With Holes","Expertise"],"picked":"SKIP","floor":13.0},{"not_picked":["Tools of the Trade+1","Storm of Steel"],"picked":"Adrenaline","floor":16.0},{"not_picked":["Slice","Acrobatics"],"picked":"Backflip","floor":18.0},{"not_picked":["Finisher","Dagger Spray"],"picked":"Backstab","floor":19.0},{"not_picked":["Dagger Throw","Caltrops+1"],"picked":"Backflip","floor":23},{"not_picked":["Dagger Spray+1","Tactician","Blade Dance"],"picked":"SKIP","floor":25},{"not_picked":["Calculated Gamble","Deflect","Outmaneuver"],"picked":"SKIP","floor":28},{"not_picked":["Sucker Punch","Bouncing Flask"],"picked":"Backflip","floor":30},{"not_picked":["Expertise","Infinite Blades+1","Reflex"],"picked":"SKIP","floor":31},{"not_picked":["After Image+1","Envenom+1"],"picked":"Glass Knife","floor":33},{"not_picked":["Quick Slash","Masterful Stab+1","Infinite Blades+1"],"picked":"SKIP","floor":35},{"not_picked":["Setup+1","Tactician+1","Dodge and Roll"],"picked":"SKIP","floor":36},{"not_picked":["Distraction+1","Escape Plan"],"picked":"Prepared+1","floor":38},{"not_picked":["Deadly Poison","Backstab"],"picked":"Blur","floor":39},{"not_picked":["Quick Slash+1","Slice","Underhanded Strike+1"],"picked":"SKIP","floor":40},{"not_picked":["Flying Knee","Corpse Explosion"],"picked":"Escape Plan+1","floor":42},{"not_picked":["Cloak And Dagger","Concentrate+1"],"picked":"Escape Plan+1","floor":45},{"not_picked":["Concentrate+1","Underhanded Strike","Well Laid Plans+1"],"picked":"SKIP","floor":48},{"not_picked":["PiercingWail+1","Outmaneuver+1","Choke"],"picked":"SKIP","floor":54}],"player_experience":135513,"relics_obtained":[{"floor":7.0,"key":"Frozen Egg 2"},{"floor":9.0,"key":"Art of War"},{"floor":23,"key":"Ancient Tea Set"},{"floor":23,"key":"Bottled Flame"},{"floor":28,"key":"Sundial"},{"floor":28,"key":"Happy Flower"},{"floor":31,"key":"Tiny Chest"},{"floor":31,"key":"Ice Cream"},{"floor":40,"key":"Ninja Scroll"},{"floor":40,"key":"Mummified Hand"},{"floor":43,"key":"Shovel"},{"floor":44,"key":"Peace Pipe"},{"floor":45,"key":"Toxic Egg 2"},{"floor":45,"key":"PreservedInsect"},{"floor":48,"key":"Meat on the Bone"},{"floor":48,"key":"Juzu Bracelet"},{"floor":52,"key":"Letter Opener"},{"floor":54,"key":"Anchor"},{"floor":54,"key":"Calipers"}],"event_choices":[{"cards_removed":["Strike_G"],"damage_healed":0.0,"max_hp_gain":0.0,"max_hp_loss":0.0,"gold_gain":0.0,"event_name":"Living Wall","player_choice":"Forget","floor":2.0,"gold_loss":0.0,"damage_taken":0.0},{"damage_healed":0.0,"max_hp_gain":5.0,"max_hp_loss":0.0,"gold_gain":0.0,"event_name":"Big Fish","player_choice":"Donut","floor":3.0,"gold_loss":0.0,"damage_taken":0.0},{"cards_removed":["Strike_G"],"damage_healed":0,"gold_gain":0,"player_choice":"Elegance","damage_taken":0,"max_hp_gain":0,"max_hp_loss":0,"event_name":"Back to Basics","floor":21,"gold_loss":0},{"damage_healed":0,"gold_gain":0,"cards_transformed":["Defend_G","Strike_G"],"player_choice":"Became Test Subject","damage_taken":0,"max_hp_gain":0,"max_hp_loss":0,"event_name":"Drug Dealer","floor":22,"gold_loss":0,"cards_obtained":["Malaise","Choke"]},{"cards_removed":["Defend_G"],"damage_healed":0,"gold_gain":0,"player_choice":"Purged","damage_taken":0,"max_hp_gain":0,"max_hp_loss":0,"event_name":"Purifier","floor":37,"gold_loss":0},{"damage_healed":0,"gold_gain":0,"player_choice":"Fight","damage_taken":0,"max_hp_gain":0,"max_hp_loss":0,"event_name":"MindBloom","floor":44,"gold_loss":0},{"cards_removed":["Defend_G"],"damage_healed":0,"gold_gain":0,"player_choice":"Offered Basic","damage_taken":0,"max_hp_gain":0,"max_hp_loss":0,"event_name":"Bonfire Elementals","floor":46,"gold_loss":0}],"is_beta":false,"boss_relics":[{"not_picked":["Philosopher\u0027s Stone","Eternal Feather"],"picked":"Black Star"},{"not_picked":["White Beast Statue","Velvet Choker"],"picked":"Fusion Hammer"}],"items_purged_floors":[14,20,29,53],"is_endless":false,"potions_floor_spawned":[4,8,12,18,30,31,33,36,38,39,44],"killed_by":"The Heart","ascension_level":3}