{"gold_per_floor":[16,16,16,16,29,29,45,65,65,65,77,89,102,102,102,102],"floor_reached":16,"playtime":236,"items_purged":[],"score":94,"play_id":"b114b27b-c7dc-4416-aad9-acc049d1a632","local_time":"20190130213559","is_ascension_mode":false,"campfire_choices":[{"data":"Immolate","floor":6,"key":"SMITH"},{"data":"Bash","floor":10,"key":"SMITH"},{"data":"Shockwave","floor":15,"key":"SMITH"}],"neow_cost":"NO_GOLD","seed_source_timestamp":89919722113536,"circlet_count":0,"master_deck":["Strike_R","Strike_R","Strike_R","Strike_R","Defend_R","Defend_R","Defend_R","Defend_R","Bash+1","Spot Weakness","Shockwave+1","Strike_R"],"relics":["Burning Blood","Meat on the Bone"],"potions_floor_usage":[13,13],"damage_taken":[{"damage":1,"enemies":"Cultist","floor":1,"turns":3},{"damage":7,"enemies":"2 Louse","floor":5,"turns":2},{"damage":6,"enemies":"Jaw Worm","floor":7,"turns":2},{"damage":5,"enemies":"Looter","floor":8,"turns":3},{"damage":16,"enemies":"Large Slime","floor":11,"turns":3},{"damage":4,"enemies":"Red Slaver","floor":12,"turns":2},{"damage":0,"enemies":"3 Louse","floor":13,"turns":2},{"damage":0,"enemies":"Hexaghost","floor":16,"turns":1}],"seed_played":"-2824739979076475286","potions_obtained":[{"floor":5,"key":"Explosive Potion"},{"floor":8,"key":"AttackPotion"},{"floor":12,"key":"EssenceOfSteel"}],"is_trial":false,"path_per_floor":["M","?","?","$","M","R","M","M","T","R","M","M","M","?","R","B"],"character_chosen":"IRONCLAD","items_purchased":[],"campfire_rested":0,"item_purchase_floors":[],"current_hp_per_floor":[80,80,80,80,79,79,79,80,80,80,70,72,78,78,78,78],"gold":102,"neow_bonus":"THREE_RARE_CARDS","is_prod":false,"is_daily":false,"chose_seed":false,"campfire_upgraded":3,"win_rate":0,"timestamp":1548896759,"path_taken":["M","?","?","$","M","R","M","M","T","R","?","M","M","?","R","BOSS"],"build_version":"2019-01-23","purchased_purges":0,"victory":false,"max_hp_per_floor":[80,80,80,80,80,80,80,80,80,80,80,80,80,80,80,80],"card_choices":[{"not_picked":["Juggernaut","Offering"],"picked":"Immolate","floor":0},{"not_picked":["Headbutt","Pommel Strike","Cleave"],"picked":"SKIP","floor":1},{"not_picked":["Rupture","Clothesline","Body Slam"],"picked":"SKIP","floor":5},{"not_picked":["Metallicize","Wild Strike","Hemokinesis"],"picked":"SKIP","floor":7},{"not_picked":["Flex","Dropkick","Shrug It Off"],"picked":"SKIP","floor":8},{"not_picked":["Shrug It Off","Twin Strike"],"picked":"Shockwave","floor":11},{"not_picked":["Pommel Strike","Thunderclap","Bloodletting"],"picked":"SKIP","floor":12},{"not_picked":["Twin Strike","Bloodletting","Rage"],"picked":"SKIP","floor":13}],"player_experience":280631,"relics_obtained":[{"floor":9,"key":"Meat on the Bone"}],"event_choices":[{"damage_healed":0,"gold_gain":0,"player_choice":"Leave","damage_taken":0,"max_hp_gain":0,"max_hp_loss":0,"event_name":"The Cleric","floor":2,"gold_loss":0},{"damage_healed":0,"gold_gain":0,"cards_transformed":["Strike_R"],"player_choice":"Transformed","damage_taken":0,"max_hp_gain":0,"max_hp_loss":0,"event_name":"Transmorgrifier","floor":3,"gold_loss":0,"cards_obtained":["Spot Weakness"]},{"cards_removed":["Immolate"],"damage_healed":0,"gold_gain":0,"player_choice":"Took Card","damage_taken":0,"max_hp_gain":0,"max_hp_loss":0,"event_name":"NoteForYourself","floor":14,"gold_loss":0,"cards_obtained":["Strike_R"]}],"is_beta":false,"boss_relics":[],"items_purged_floors":[],"is_endless":false,"potions_floor_spawned":[5,8,12],"killed_by":"Hexaghost","ascension_level":0}