{"gold_per_floor":[118,118,129,142,162,188,188,208,208,224,238,264,264,264,264,264],"floor_reached":16,"playtime":589,"items_purged":[],"score":114,"play_id":"68907fd9-e9b5-40f7-bb03-70fa7114b1d3","local_time":"20190105171904","is_ascension_mode":false,"campfire_choices":[{"data":"Flex","floor":7,"key":"SMITH"},{"floor":15,"key":"REST"}],"neow_cost":"NONE","seed_source_timestamp":676781367900661,"circlet_count":0,"master_deck":["Strike_R","Strike_R","Strike_R","Strike_R","Strike_R","Defend_R","Defend_R","Defend_R","Defend_R","Bash+1","Heavy Blade","Regret","Iron Wave","Pommel Strike","Warcry","Flex+1","Headbutt","Intimidate","Disarm","Heavy Blade"],"relics":["Burning Blood","Oddly Smooth Stone","Darkstone Periapt","Matryoshka","Letter Opener","Smiling Mask","Meat on the Bone","Golden Idol"],"potions_floor_usage":[],"damage_taken":[{"damage":0,"enemies":"Small Slimes","floor":1,"turns":4},{"damage":8,"enemies":"Jaw Worm","floor":3,"turns":3},{"damage":10,"enemies":"2 Louse","floor":4,"turns":2},{"damage":4,"enemies":"Red Slaver","floor":5,"turns":5},{"damage":46,"enemies":"Lagavulin","floor":6,"turns":6},{"damage":2,"enemies":"Blue Slaver","floor":8,"turns":3},{"damage":12,"enemies":"Looter","floor":10,"turns":3},{"damage":3,"enemies":"Large Slime","floor":11,"turns":5},{"damage":35,"enemies":"Gremlin Nob","floor":12,"turns":4},{"damage":35,"enemies":"Slime Boss","floor":16,"turns":3}],"seed_played":"-8690261717026218935","potions_obtained":[{"floor":4,"key":"Dexterity Potion"},{"floor":5,"key":"Weak Potion"},{"floor":8,"key":"Swift Potion"},{"floor":11,"key":"Fire Potion"},{"floor":12,"key":"SteroidPotion"}],"is_trial":false,"path_per_floor":["M","?","M","M","M","E","R","M","T","M","M","E","T","?","R","B"],"character_chosen":"IRONCLAD","items_purchased":[],"campfire_rested":1,"item_purchase_floors":[],"current_hp_per_floor":[80,80,78,74,76,36,36,40,40,34,37,8,8,8,30,0],"gold":264,"neow_bonus":"UPGRADE_CARD","is_prod":false,"is_daily":false,"chose_seed":false,"campfire_upgraded":1,"win_rate":0,"timestamp":1546726744,"path_taken":["M","?","M","M","M","E","R","M","T","M","M","E","?","?","R","BOSS"],"build_version":"2019-01-03v4","purchased_purges":0,"victory":false,"max_hp_per_floor":[80,80,80,80,80,80,80,80,80,80,80,80,80,74,74,74],"card_choices":[{"not_picked":["Sword Boomerang","Twin Strike"],"picked":"Heavy Blade","floor":1},{"not_picked":["Shockwave","Hemokinesis"],"picked":"Iron Wave","floor":3},{"not_picked":["Perfected Strike","Clash"],"picked":"Pommel Strike","floor":4},{"not_picked":["Headbutt","Twin Strike"],"picked":"Warcry","floor":5},{"not_picked":["Battle Trance","Intimidate"],"picked":"Flex","floor":6},{"not_picked":["Flame Barrier","Pommel Strike"],"picked":"Headbutt","floor":8},{"not_picked":["Cleave","Clash"],"picked":"Intimidate","floor":10},{"not_picked":["Clash","Power Through"],"picked":"Disarm","floor":11},{"not_picked":["Metallicize","Brutality"],"picked":"Heavy Blade","floor":12}],"player_experience":38547,"relics_obtained":[{"floor":6,"key":"Darkstone Periapt"},{"floor":9,"key":"Matryoshka"},{"floor":12,"key":"Letter Opener"},{"floor":13,"key":"Smiling Mask"},{"floor":13,"key":"Meat on the Bone"}],"event_choices":[{"damage_healed":0,"gold_gain":0,"player_choice":"Box","damage_taken":0,"relics_obtained":["Oddly Smooth Stone"],"max_hp_gain":0,"max_hp_loss":0,"event_name":"Big Fish","floor":2,"gold_loss":0,"cards_obtained":["Regret"]},{"damage_healed":0,"gold_gain":0,"player_choice":"Lose Max HP","damage_taken":0,"relics_obtained":["Golden Idol"],"max_hp_gain":0,"max_hp_loss":6,"event_name":"Golden Idol","floor":14,"gold_loss":0}],"is_beta":false,"boss_relics":[],"items_purged_floors":[],"is_endless":false,"potions_floor_spawned":[4,5,8,11,12],"killed_by":"Slime Boss","ascension_level":0}