{"gold_per_floor":[110,110,110,131,144,144,180,203,226,266,266,305,305,305,305,425,425,440,454,107,107,123,123,157,177,177,212,255,269,282,325,325,450,450,466,59,79,204,204,245,245,285,285,308,339,339,358,379,379,379],"floor_reached":51,"playtime":3222,"items_purged":["Injury"],"score":956,"play_id":"98fe9d0d-ee8e-49f1-abde-a07ac32582cf","local_time":"20181208182750","is_ascension_mode":true,"campfire_choices":[{"data":"Perfected Strike","floor":6,"key":"SMITH"},{"floor":11,"key":"REST"},{"data":"Power Through","floor":13,"key":"SMITH"},{"floor":15,"key":"REST"},{"data":"Perfected Strike","floor":23,"key":"SMITH"},{"data":"Barricade","floor":32,"key":"SMITH"},{"data":"Impervious","floor":41,"key":"SMITH"},{"floor":46,"key":"REST"},{"floor":49,"key":"REST"}],"neow_cost":"NONE","seed_source_timestamp":26791530881769,"circlet_count":0,"master_deck":["Strike_R","Strike_R+1","Strike_R","Strike_R","Strike_R","Defend_R","Defend_R","Defend_R","Defend_R","Bash","Perfected Strike+1","Pommel Strike","Seeing Red+1","Carnage","Power Through+1","Barricade+1","Perfected Strike+1","Perfected Strike+1","Impervious+1","Body Slam","Wild Strike","Metallicize","Spot Weakness","Double Tap","Wild Strike","Inflame+1"],"relics":["Burning Blood","NeowsBlessing","Bag of Marbles","Golden Idol","Smiling Mask","Orichalcum","Torii","Potion Belt","White Beast Statue","Vajra","Pen Nib","MutagenicStrength","Oddly Smooth Stone","Bottled Flame","Red Mask","Dream Catcher","Pear","Busted Crown","HandDrill","Happy Flower","Charon\u0027s Ashes","Frozen Egg 2","Bag of Preparation","Darkstone Periapt","Centennial Puzzle"],"potions_floor_usage":[7,8,10,16,24,24,24,27,28,29,33,33,40,42,45,50,50,50,50,50],"damage_taken":[{"damage":0,"enemies":"Jaw Worm","floor":1,"turns":1},{"damage":0,"enemies":"Small Slimes","floor":4,"turns":1},{"damage":0,"enemies":"Cultist","floor":5,"turns":1},{"damage":8,"enemies":"Gremlin Nob","floor":7,"turns":3},{"damage":0,"enemies":"2 Fungi Beasts","floor":8,"turns":2},{"damage":27,"enemies":"3 Sentries","floor":10,"turns":7},{"damage":13,"enemies":"Gremlin Nob","floor":12,"turns":4},{"damage":23,"enemies":"The Guardian","floor":16,"turns":12},{"damage":2,"enemies":"Spheric Guardian","floor":18,"turns":6},{"damage":13,"enemies":"3 Byrds","floor":19,"turns":9},{"damage":19,"enemies":"Shelled Parasite and Fungi","floor":22,"turns":5},{"damage":0,"enemies":"Slavers","floor":24,"turns":3},{"damage":1,"enemies":"Chosen and Byrds","floor":25,"turns":5},{"damage":0,"enemies":"Masked Bandits","floor":27,"turns":2},{"damage":1,"enemies":"Gremlin Leader","floor":28,"turns":5},{"damage":0,"enemies":"Snake Plant","floor":29,"turns":1},{"damage":0,"enemies":"Cultist and Chosen","floor":30,"turns":3},{"damage":1,"enemies":"Book of Stabbing","floor":31,"turns":2},{"damage":46,"enemies":"Champ","floor":33,"turns":14},{"damage":0,"enemies":"Orb Walker","floor":35,"turns":1},{"damage":6,"enemies":"3 Shapes","floor":37,"turns":2},{"damage":17,"enemies":"Mind Bloom Boss Battle","floor":38,"turns":4},{"damage":1,"enemies":"Nemesis","floor":40,"turns":3},{"damage":1,"enemies":"Reptomancer","floor":42,"turns":2},{"damage":0,"enemies":"Sphere and 2 Shapes","floor":44,"turns":2},{"damage":53,"enemies":"Giant Head","floor":45,"turns":9},{"damage":11,"enemies":"3 Darklings","floor":47,"turns":7},{"damage":0,"enemies":"4 Shapes","floor":48,"turns":2},{"damage":27,"enemies":"Donu and Deca","floor":50,"turns":8}],"seed_played":"-967976706673432238","potions_obtained":[{"floor":1,"key":"Explosive Potion"},{"floor":4,"key":"Energy Potion"},{"floor":8,"key":"SkillPotion"},{"floor":12,"key":"EssenceOfSteel"},{"floor":18,"key":"FearPotion"},{"floor":19,"key":"LiquidBronze"},{"floor":22,"key":"PowerPotion"},{"floor":24,"key":"AttackPotion"},{"floor":25,"key":"LiquidBronze"},{"floor":27,"key":"Fire Potion"},{"floor":28,"key":"Weak Potion"},{"floor":29,"key":"SmokeBomb"},{"floor":30,"key":"Strength Potion"},{"floor":31,"key":"Dexterity Potion"},{"floor":33,"key":"SkillPotion"},{"floor":35,"key":"EssenceOfSteel"},{"floor":37,"key":"PowerPotion"},{"floor":40,"key":"Dexterity Potion"},{"floor":42,"key":"Dexterity Potion"},{"floor":44,"key":"Block Potion"},{"floor":45,"key":"SpeedPotion"},{"floor":47,"key":"Fire Potion"},{"floor":48,"key":"SteroidPotion"}],"is_trial":false,"path_per_floor":["M","?","?","M","M","R","E","M","T","E","R","E","R","?","R","B",null,"M","M","$","?","M","R","E","M","T","?","E","M","M","E","R","B",null,"M","$","M","?","?","E","R","E","T","M","E","R","M","M","R","B",null],"character_chosen":"IRONCLAD","items_purchased":["Vajra","Pen Nib","HandDrill","Happy Flower","Wild Strike"],"campfire_rested":4,"item_purchase_floors":[20,20,36,36,36],"current_hp_per_floor":[80,47,47,53,59,59,57,63,63,42,66,59,59,43,67,50,80,80,73,73,73,60,60,66,71,71,77,80,80,80,90,90,50,90,90,90,90,79,79,84,84,89,89,90,43,70,65,71,90,69],"gold":379,"neow_bonus":"THREE_ENEMY_KILL","is_prod":false,"is_daily":false,"chose_seed":false,"campfire_upgraded":5,"win_rate":0,"timestamp":1544290070,"path_taken":["M","?","?","M","M","R","E","M","T","E","R","E","R","?","R","BOSS","M","M","$","?","M","R","E","M","T","?","E","M","M","E","R","BOSS","M","$","M","?","?","E","R","E","T","?","E","R","M","M","R","BOSS"],"build_version":"2018-12-06","purchased_purges":1,"victory":true,"max_hp_per_floor":[80,80,80,80,80,80,80,80,80,80,80,80,80,80,80,80,80,80,80,80,80,80,80,80,80,80,80,80,80,80,90,90,90,90,90,90,90,90,90,90,90,90,90,90,90,90,90,90,90,90],"card_choices":[{"not_picked":["Ghostly Armor","Sever Soul"],"picked":"Perfected Strike","floor":1},{"not_picked":["Clothesline","Clash","Uppercut"],"picked":"SKIP","floor":4},{"not_picked":["Armaments","Reckless Charge"],"picked":"Pommel Strike","floor":5},{"not_picked":["Havoc","Bloodletting"],"picked":"Seeing Red","floor":7},{"not_picked":["Fire Breathing","Uppercut"],"picked":"Carnage","floor":8},{"not_picked":["Seeing Red","Feel No Pain"],"picked":"Power Through","floor":10},{"not_picked":["Sword Boomerang","Anger","Clothesline"],"picked":"SKIP","floor":12},{"not_picked":["Juggernaut","Reaper"],"picked":"Barricade","floor":16},{"not_picked":["Searing Blow","Havoc+1"],"picked":"Perfected Strike","floor":18},{"not_picked":["Pummel","Spot Weakness"],"picked":"Perfected Strike+1","floor":19},{"not_picked":["Armaments","Havoc","Battle Trance"],"picked":"SKIP","floor":22},{"not_picked":["Clothesline","Warcry"],"picked":"Impervious","floor":24},{"not_picked":["Flex","Feel No Pain"],"picked":"Body Slam","floor":25},{"not_picked":["Clash","Anger"],"picked":"Wild Strike","floor":27},{"not_picked":["Body Slam","Uppercut+1"],"picked":"Metallicize","floor":28},{"not_picked":["Flex","Reaper","Whirlwind+1"],"picked":"SKIP","floor":29},{"not_picked":["Rupture+1","Thunderclap","Uppercut+1"],"picked":"SKIP","floor":30},{"not_picked":["Second Wind","Headbutt+1"],"picked":"Spot Weakness","floor":31},{"not_picked":["Impervious","Fiend Fire"],"picked":"Double Tap","floor":33},{"not_picked":["Fire Breathing"],"picked":"SKIP","floor":35},{"not_picked":["Reckless Charge+1"],"picked":"SKIP","floor":37},{"not_picked":[],"picked":"Inflame+1","floor":40},{"not_picked":["Warcry"],"picked":"SKIP","floor":42},{"not_picked":["Fire Breathing+1"],"picked":"SKIP","floor":44},{"not_picked":["Searing Blow+1"],"picked":"SKIP","floor":45},{"not_picked":["Rage+1"],"picked":"SKIP","floor":47},{"not_picked":["Cleave+1"],"picked":"SKIP","floor":48}],"player_experience":155648,"relics_obtained":[{"floor":7,"key":"Smiling Mask"},{"floor":9,"key":"Orichalcum"},{"floor":10,"key":"Torii"},{"floor":12,"key":"Potion Belt"},{"floor":24,"key":"Oddly Smooth Stone"},{"floor":26,"key":"Bottled Flame"},{"floor":27,"key":"Red Mask"},{"floor":28,"key":"Dream Catcher"},{"floor":31,"key":"Pear"},{"floor":38,"key":"Charon\u0027s Ashes"},{"floor":40,"key":"Frozen Egg 2"},{"floor":42,"key":"Bag of Preparation"},{"floor":43,"key":"Darkstone Periapt"},{"floor":45,"key":"Centennial Puzzle"}],"event_choices":[{"damage_healed":0,"gold_gain":0,"player_choice":"Success","damage_taken":33,"relics_obtained":["Bag of Marbles"],"max_hp_gain":0,"max_hp_loss":0,"event_name":"Scrap Ooze","floor":2,"gold_loss":0},{"damage_healed":0,"gold_gain":0,"player_choice":"Take Wound","damage_taken":0,"relics_obtained":["Golden Idol"],"max_hp_gain":0,"max_hp_loss":0,"event_name":"Golden Idol","floor":3,"gold_loss":0,"cards_obtained":["Injury"]},{"damage_healed":0,"gold_gain":0,"player_choice":"Entered Light","damage_taken":16,"max_hp_gain":0,"max_hp_loss":0,"event_name":"Shining Light","floor":14,"gold_loss":0,"cards_upgraded":["Strike_R","Seeing Red"]},{"damage_healed":0,"gold_gain":0,"player_choice":"Inject Mutagens","damage_taken":0,"relics_obtained":["MutagenicStrength"],"max_hp_gain":0,"max_hp_loss":0,"event_name":"Drug Dealer","floor":21,"gold_loss":0},{"damage_healed":0,"gold_gain":0,"player_choice":"Fought Bandits","damage_taken":0,"max_hp_gain":0,"max_hp_loss":0,"event_name":"Masked Bandits","floor":27,"gold_loss":0},{"damage_healed":0,"gold_gain":0,"player_choice":"Fight","damage_taken":0,"max_hp_gain":0,"max_hp_loss":0,"event_name":"MindBloom","floor":38,"gold_loss":0},{"damage_healed":0,"gold_gain":0,"player_choice":"Bought 0 Potions","damage_taken":0,"max_hp_gain":0,"max_hp_loss":0,"event_name":"The Woman in Blue","floor":39,"gold_loss":0}],"is_beta":false,"boss_relics":[{"not_picked":["Pandora\u0027s Box","Ectoplasm"],"picked":"White Beast Statue"},{"not_picked":["Sozu","Astrolabe"],"picked":"Busted Crown"}],"items_purged_floors":[20],"is_endless":false,"potions_floor_spawned":[1,4,8,12,18,19,22,24,25,27,28,29,30,31,33,35,37,38,40,42,44,45,47,48],"ascension_level":1}