{"gold_per_floor":[116,66,66,66,85,85,112,131,154,182,182,200,251,264,264,368,368,385,385,385,405,42,42,73,73,98,114,114,140,160,7,7,7],"floor_reached":33,"playtime":2154,"items_purged":["Defend_R","Defend_R"],"score":293,"play_id":"2ac0e183-2b6a-4f3d-ba33-df55669fc860","local_time":"20190124153950","is_ascension_mode":false,"campfire_choices":[{"floor":6,"key":"REST"},{"data":"Strike_R","floor":15,"key":"PURGE"},{"data":"Juggernaut","floor":23,"key":"SMITH"},{"floor":25,"key":"REST"},{"data":"Armaments","floor":32,"key":"SMITH"}],"neow_cost":"PERCENT_DAMAGE","seed_source_timestamp":5459043450234,"circlet_count":0,"master_deck":["Strike_R","Strike_R","Strike_R","Defend_R","Defend_R","Bash","Ghostly Armor","Shrug It Off","hubris:ReadiedAction","Metallicize","Twin Strike","Juggernaut+1","True Grit+1","Entrench+1","Disarm","Rage","Armaments+1"],"relics":["Burning Blood","Peace Pipe","Mercury Hourglass","Omamori","Bronze Scales","Potion Belt","Pen Nib","hubris:Backtick","Mummified Hand","Question Card","hubris:ToyBattleship","Shuriken"],"potions_floor_usage":[16,16,24,24],"damage_taken":[{"damage":12,"enemies":"Small Slimes","floor":1,"turns":4},{"damage":0,"enemies":"2 Louse","floor":5,"turns":2},{"damage":42,"enemies":"Lagavulin","floor":7,"turns":9},{"damage":1,"enemies":"Jaw Worm","floor":8,"turns":4},{"damage":13,"enemies":"3 Sentries","floor":10,"turns":14},{"damage":3,"enemies":"Lots of Slimes","floor":12,"turns":3},{"damage":7,"enemies":"3 Louse","floor":14,"turns":3},{"damage":19,"enemies":"Slime Boss","floor":16,"turns":11},{"damage":4,"enemies":"theJungle:Flameango_and_Byrd","floor":18,"turns":4},{"damage":0,"enemies":"Shell Parasite","floor":21,"turns":5},{"damage":48,"enemies":"theJungle:MamaSnecko","floor":24,"turns":8},{"damage":19,"enemies":"theJungle:2_Flameangoes","floor":27,"turns":5},{"damage":5,"enemies":"theJungle:2_Phrogs","floor":29,"turns":11},{"damage":18,"enemies":"Snake Plant","floor":30,"turns":4},{"damage":42,"enemies":"theJungle:FunGuy","floor":33,"turns":8}],"seed_played":"6994714571511507253","potions_obtained":[{"floor":5,"key":"Weak Potion"},{"floor":14,"key":"Fire Potion"},{"floor":16,"key":"SkillPotion"},{"floor":18,"key":"Dexterity Potion"},{"floor":21,"key":"Swift Potion"}],"is_trial":false,"path_per_floor":["M","$","?","?","M","R","E","M","T","E","?","M","T","M","R","B",null,"M","?","?","M","$","R","E","R","T","M","?","E","M","$","R","B"],"character_chosen":"IRONCLAD","items_purchased":["Shrug It Off","Disarm","Question Card","Armaments"],"campfire_rested":2,"item_purchase_floors":[2,22,22,31],"current_hp_per_floor":[50,50,50,25,31,55,19,24,24,17,22,25,25,24,24,11,85,85,75,75,81,81,81,39,64,64,51,51,52,40,40,40,0],"gold":7,"neow_bonus":"ONE_RARE_RELIC","is_prod":false,"is_daily":false,"chose_seed":false,"campfire_upgraded":2,"win_rate":0,"timestamp":1548337190,"path_taken":["M","$","?","?","M","R","E","M","T","E","?","M","?","M","R","BOSS","M","?","?","M","$","R","E","R","T","?","?","E","?","?","R","BOSS"],"build_version":"2019-01-23","purchased_purges":2,"victory":false,"max_hp_per_floor":[80,80,80,80,80,80,80,80,80,80,85,85,85,85,85,85,85,85,85,85,85,85,85,85,85,85,85,85,85,85,85,85,85],"card_choices":[{"not_picked":["Headbutt","Combust"],"picked":"Ghostly Armor","floor":1},{"not_picked":["Hemokinesis","Perfected Strike"],"picked":"hubris:ReadiedAction","floor":5},{"not_picked":["Havoc","Barricade"],"picked":"Metallicize","floor":7},{"not_picked":["Shockwave","Sentinel","True Grit"],"picked":"SKIP","floor":8},{"not_picked":["Clothesline","Heavy Blade","True Grit"],"picked":"SKIP","floor":10},{"not_picked":["Rampage","Anger"],"picked":"Twin Strike","floor":12},{"not_picked":["Thunderclap","Perfected Strike","Corruption"],"picked":"SKIP","floor":14},{"not_picked":["Double Tap","Brutality"],"picked":"Juggernaut","floor":16},{"not_picked":["Heavy Blade+1","Sword Boomerang"],"picked":"True Grit+1","floor":18},{"not_picked":["Power Through","Rupture"],"picked":"Entrench+1","floor":21},{"not_picked":["Rupture","Dual Wield","Immolate","Searing Blow+1"],"picked":"SKIP","floor":24},{"not_picked":["Carnage","Cleave","Headbutt"],"picked":"Rage","floor":27},{"not_picked":["Sword Boomerang","Warcry","True Grit","hubris:CleavingFinish"],"picked":"SKIP","floor":29},{"not_picked":["Pommel Strike","Evolve","hubris:CleavingFinish","Seeing Red"],"picked":"SKIP","floor":30}],"player_experience":193442,"relics_obtained":[{"floor":7,"key":"Omamori"},{"floor":9,"key":"Bronze Scales"},{"floor":10,"key":"Potion Belt"},{"floor":13,"key":"Pen Nib"},{"floor":24,"key":"hubris:ToyBattleship"},{"floor":29,"key":"Shuriken"}],"event_choices":[{"damage_healed":0,"gold_gain":0,"player_choice":"Ignored","damage_taken":0,"max_hp_gain":0,"max_hp_loss":0,"event_name":"Liars Game","floor":3,"gold_loss":0},{"damage_healed":0,"gold_gain":0,"player_choice":"Success","damage_taken":25,"relics_obtained":["Mercury Hourglass"],"max_hp_gain":0,"max_hp_loss":0,"event_name":"Scrap Ooze","floor":4,"gold_loss":0},{"damage_healed":0,"gold_gain":0,"player_choice":"Donut","damage_taken":0,"max_hp_gain":5,"max_hp_loss":0,"event_name":"Big Fish","floor":11,"gold_loss":0},{"damage_healed":0,"gold_gain":0,"player_choice":"Ignored","damage_taken":0,"max_hp_gain":0,"max_hp_loss":0,"event_name":"NoteForYourself","floor":20,"gold_loss":0},{"damage_healed":0,"gold_gain":0,"player_choice":"Gold","damage_taken":0,"max_hp_gain":0,"max_hp_loss":0,"event_name":"Wheel of Change","floor":28,"gold_loss":0}],"is_beta":false,"boss_relics":[{"not_picked":["Lizard Tail","Tiny House"],"picked":"hubris:Backtick"}],"items_purged_floors":[22,31],"is_endless":false,"potions_floor_spawned":[5,14,16,18,21],"killed_by":"theJungle:FunGuy","ascension_level":0}