{"gold_per_floor":[114,128,138,138,34,34,66,78,78,78,94,111,126,146,146,246,246,246,201,35,35,35,35,35,35,35,35,35,35,35,35,35,35,35,35,35,35,35,35,35,35,0,0,0,0,0,0,0,0,0,0,0,0,0],"floor_reached":54,"playtime":2825,"items_purged":["Strike_R"],"score":638,"play_id":"f82e4ed4-1f4e-4246-9b7e-48a7e660d1ed","local_time":"20190109043933","is_ascension_mode":false,"campfire_choices":[{"data":"Metallicize","floor":6,"key":"SMITH"},{"data":"Battle Trance","floor":10,"key":"SMITH"},{"data":"Rage","floor":15,"key":"SMITH"},{"data":"Barricade","floor":23,"key":"SMITH"},{"floor":32,"key":"REST"},{"floor":40,"key":"RECALL"},{"data":"Uppercut","floor":44,"key":"SMITH"},{"data":"Body Slam","floor":46,"key":"SMITH"},{"data":"Infernal Blade","floor":49,"key":"SMITH"},{"data":"Inflame","floor":52,"key":"SMITH"}],"neow_cost":"NONE","seed_source_timestamp":48095126224290,"circlet_count":0,"master_deck":["Strike_R","Strike_R","Strike_R","Strike_R","Defend_R","Defend_R","Defend_R","Defend_R","Bash","Rampage+1","Metallicize+1","Battle Trance+1","Rage+1","Cleave","Uppercut+1","Barricade+1","Body Slam+1","Good Instincts","Ghostly Armor","Inflame+1","Body Slam+1","Infernal Blade+1"],"relics":["Burning Blood","Boot","Ectoplasm","Matryoshka","Ancient Tea Set","Nloth\u0027s Gift","Eternal Feather","Red Mask","Happy Flower","Self Forming Clay"],"potions_floor_usage":[7,7,16,18,19,25,29,41,50,50],"damage_taken":[{"damage":10,"enemies":"Jaw Worm","floor":1,"turns":4},{"damage":1,"enemies":"Cultist","floor":2,"turns":3},{"damage":6,"enemies":"2 Louse","floor":3,"turns":3},{"damage":26,"enemies":"Lagavulin","floor":7,"turns":7},{"damage":5,"enemies":"Blue Slaver","floor":8,"turns":5},{"damage":4,"enemies":"Lots of Slimes","floor":11,"turns":4},{"damage":3,"enemies":"Exordium Wildlife","floor":12,"turns":4},{"damage":2,"enemies":"Blue Slaver","floor":13,"turns":4},{"damage":7,"enemies":"2 Fungi Beasts","floor":14,"turns":3},{"damage":14,"enemies":"Slime Boss","floor":16,"turns":10},{"damage":7,"enemies":"Shell Parasite","floor":18,"turns":7},{"damage":6,"enemies":"2 Thieves","floor":19,"turns":4},{"damage":8,"enemies":"Centurion and Healer","floor":22,"turns":7},{"damage":27,"enemies":"Gremlin Leader","floor":25,"turns":11},{"damage":28,"enemies":"3 Cultists","floor":27,"turns":7},{"damage":3,"enemies":"Cultist and Chosen","floor":28,"turns":7},{"damage":21,"enemies":"Snecko","floor":29,"turns":6},{"damage":0,"enemies":"Chosen and Byrds","floor":31,"turns":8},{"damage":39,"enemies":"Automaton","floor":33,"turns":15},{"damage":36,"enemies":"3 Darklings","floor":35,"turns":9},{"damage":50,"enemies":"Orb Walker","floor":36,"turns":8},{"damage":7,"enemies":"Maw","floor":41,"turns":9},{"damage":13,"enemies":"Spire Growth","floor":45,"turns":5},{"damage":47,"enemies":"Awakened One","floor":50,"turns":16},{"damage":95,"enemies":"Shield and Spear","floor":54,"turns":6}],"seed_played":"-2048161822601514735","potions_obtained":[{"floor":1,"key":"EntropicBrew"},{"floor":8,"key":"AttackPotion"},{"floor":18,"key":"GamblersBrew"},{"floor":28,"key":"Energy Potion"},{"floor":33,"key":"Poison Potion"},{"floor":41,"key":"EssenceOfSteel"},{"floor":45,"key":"Dexterity Potion"}],"is_trial":false,"path_per_floor":["M","M","M","?","$","R","E","M","T","R","M","M","M","M","R","B",null,"M","M","$","?","M","R","?","E","T","M","M","M","?","M","R","B",null,"M","M","?","$","?","R","M","?","T","R","M","R","$","$","R","B",null,"R","$","E"],"character_chosen":"IRONCLAD","items_purchased":["Metallicize","Battle Trance","Good Instincts"],"campfire_rested":1,"item_purchase_floors":[5,5,20],"current_hp_per_floor":[84,88,88,88,88,88,68,69,69,69,71,74,78,77,77,69,88,87,87,87,87,85,85,85,64,64,42,45,30,30,36,62,29,88,58,14,14,14,77,77,76,76,76,77,70,77,77,77,77,36,77,77,77,0],"gold":0,"neow_bonus":"TEN_PERCENT_HP_BONUS","is_prod":false,"is_daily":false,"chose_seed":false,"campfire_upgraded":8,"win_rate":0,"timestamp":1547001573,"path_taken":["M","M","M","?","$","R","E","M","T","R","?","M","M","?","R","BOSS","M","M","$","?","M","R","?","E","T","?","M","M","?","M","R","BOSS","M","?","?","$","?","R","M","?","T","R","M","R","?","$","R","BOSS","R","$","E"],"build_version":"2019-01-03v4","purchased_purges":1,"victory":false,"max_hp_per_floor":[88,88,88,88,88,88,88,88,88,88,88,88,88,88,88,88,88,88,88,88,88,88,88,88,88,88,88,88,88,88,88,88,88,88,88,88,88,88,77,77,77,77,77,77,77,77,77,77,77,77,77,77,77,77],"card_choices":[{"not_picked":["Reckless Charge","Anger","Headbutt"],"picked":"SKIP","floor":1},{"not_picked":["Anger","Fire Breathing"],"picked":"Rampage","floor":2},{"not_picked":["Havoc","Sever Soul","Flex"],"picked":"SKIP","floor":3},{"not_picked":["Hemokinesis","Pommel Strike","Havoc"],"picked":"SKIP","floor":7},{"not_picked":["Sentinel","Fire Breathing"],"picked":"Rage","floor":8},{"not_picked":["Rampage","Thunderclap"],"picked":"Cleave","floor":11},{"not_picked":["Heavy Blade","Perfected Strike","Cleave"],"picked":"SKIP","floor":12},{"not_picked":["Flex","Ghostly Armor"],"picked":"Uppercut","floor":13},{"not_picked":["Perfected Strike","Hemokinesis","Heavy Blade"],"picked":"SKIP","floor":14},{"not_picked":["Exhume","Reaper"],"picked":"Barricade","floor":16},{"not_picked":["Perfected Strike","Armaments+1"],"picked":"Body Slam","floor":18},{"not_picked":["Evolve","Fire Breathing","Uppercut"],"picked":"SKIP","floor":19},{"not_picked":["Pommel Strike","Body Slam"],"picked":"Ghostly Armor","floor":22},{"not_picked":["Flex","Perfected Strike","Twin Strike+1"],"picked":"SKIP","floor":25},{"not_picked":["Sword Boomerang","Fire Breathing","Uppercut"],"picked":"SKIP","floor":27},{"not_picked":["True Grit","Cleave","Clothesline"],"picked":"SKIP","floor":28},{"not_picked":["True Grit","Blood for Blood","Armaments"],"picked":"SKIP","floor":29},{"not_picked":["Berserk","Sword Boomerang","Twin Strike"],"picked":"SKIP","floor":31},{"not_picked":["Fire Breathing","True Grit"],"picked":"Body Slam+1","floor":35},{"not_picked":["Bludgeon","Fiend Fire"],"picked":"Infernal Blade","floor":36},{"not_picked":["Second Wind","Burning Pact","Sentinel+1"],"picked":"SKIP","floor":41},{"not_picked":["Body Slam","Sword Boomerang","Iron Wave"],"picked":"SKIP","floor":45}],"player_experience":168923,"relics_obtained":[{"floor":7,"key":"Boot"},{"floor":25,"key":"Matryoshka"},{"floor":26,"key":"Art of War"},{"floor":26,"key":"Ancient Tea Set"},{"floor":43,"key":"Happy Flower"},{"floor":43,"key":"Self Forming Clay"}],"event_choices":[{"damage_healed":0,"gold_gain":0,"player_choice":"Upgraded","damage_taken":0,"max_hp_gain":0,"max_hp_loss":0,"event_name":"Upgrade Shrine","floor":4,"gold_loss":0,"cards_upgraded":["Rampage"]},{"damage_healed":0,"gold_gain":0,"player_choice":"Ignored","damage_taken":0,"max_hp_gain":0,"max_hp_loss":0,"event_name":"Vampires","floor":21,"gold_loss":0},{"damage_healed":0,"gold_gain":0,"player_choice":"1 cards matched","damage_taken":0,"max_hp_gain":0,"max_hp_loss":0,"event_name":"Match and Keep!","floor":24,"gold_loss":0,"cards_obtained":["Inflame"]},{"damage_healed":0,"gold_gain":0,"player_choice":"Traded Relic","damage_taken":0,"relics_obtained":["Nloth\u0027s Gift"],"max_hp_gain":0,"max_hp_loss":0,"event_name":"N\u0027loth","floor":30,"relics_lost":["Art of War"],"gold_loss":0},{"damage_healed":0,"gold_gain":0,"player_choice":"Ignored","damage_taken":0,"max_hp_gain":0,"max_hp_loss":0,"event_name":"Mysterious Sphere","floor":37,"gold_loss":0},{"damage_healed":77,"gold_gain":0,"player_choice":"Heal","damage_taken":0,"max_hp_gain":0,"max_hp_loss":11,"event_name":"The Moai Head","floor":39,"gold_loss":0},{"damage_healed":0,"gold_gain":0,"player_choice":"Paid","damage_taken":0,"relics_obtained":["Red Mask"],"max_hp_gain":0,"max_hp_loss":0,"event_name":"Tomb of Lord Red Mask","floor":42,"gold_loss":35}],"is_beta":false,"boss_relics":[{"not_picked":["Runic Dome","Empty Cage"],"picked":"Ectoplasm"},{"not_picked":["Snecko Eye","Velvet Choker"],"picked":"Eternal Feather"}],"items_purged_floors":[20],"is_endless":false,"potions_floor_spawned":[1,8,11,12,18,28,33,41,45],"killed_by":"Shield and Spear","ascension_level":0}