{"gold_per_floor":[118,132,143,68,88,88,122,122,122,137,87,103,134,144,144,246,246,234,51,51,51,126,126],"floor_reached":23,"playtime":1134,"items_purged":["Strike_R","Perfected Strike"],"score":211,"play_id":"02d65eff-e69d-433e-a950-40a95ed81311","local_time":"20180804101507","is_ascension_mode":true,"campfire_choices":[{"data":"Shrug It Off","floor":6,"key":"SMITH"},{"floor":8,"key":"REST"},{"floor":15,"key":"REST"}],"neow_cost":"NONE","seed_source_timestamp":431597871215173,"circlet_count":0,"master_deck":["Strike_R","Strike_R","Strike_R","Strike_R","Defend_R+1","Defend_R","Defend_R","Defend_R+1","Bash","Sword Boomerang","Shrug It Off+1","Demon Form","Rampage","Demon Form","Whirlwind","Shrug It Off"],"relics":["Burning Blood","War Paint","Red Skull","Singing Bowl","Busted Crown"],"potions_floor_usage":[16,16],"damage_taken":[{"damage":6,"enemies":"2 Louse","floor":1,"turns":3},{"damage":6,"enemies":"Jaw Worm","floor":2,"turns":3},{"damage":6,"enemies":"Cultist","floor":3,"turns":3},{"damage":13,"enemies":"Blue Slaver","floor":5,"turns":4},{"damage":33,"enemies":"Lagavulin","floor":7,"turns":8},{"damage":2,"enemies":"Looter","floor":10,"turns":3},{"damage":25,"enemies":"Exordium Thugs","floor":12,"turns":7},{"damage":21,"enemies":"Gremlin Nob","floor":13,"turns":4},{"damage":8,"enemies":"Red Slaver","floor":14,"turns":3},{"damage":41,"enemies":"Hexaghost","floor":16,"turns":9},{"damage":21,"enemies":"2 Thieves","floor":18,"turns":4},{"damage":67,"enemies":"Slavers","floor":23,"turns":4}],"seed_played":"-8464136518689156648","potions_obtained":[{"floor":10,"key":"Dexterity Potion"},{"floor":12,"key":"AttackPotion"},{"floor":13,"key":"BloodPotion"},{"floor":14,"key":"LiquidBronze"},{"floor":16,"key":"Strength Potion"}],"is_trial":false,"path_per_floor":["M","M","M","$","M","R","E","R","T","M","?","M","E","M","R","B",null,"M","$","?","$","?"],"character_chosen":"IRONCLAD","items_purchased":["Whirlwind","Shrug It Off"],"campfire_rested":2,"item_purchase_floors":[19,19],"current_hp_per_floor":[80,80,80,80,73,73,46,70,70,74,74,55,42,42,67,40,84,71,71,71,71,63,0],"gold":126,"neow_bonus":"ONE_RANDOM_RARE_CARD","is_prod":false,"is_daily":false,"chose_seed":false,"campfire_upgraded":1,"win_rate":0,"timestamp":1533348907,"path_taken":["M","M","M","$","M","R","E","R","T","M","?","M","E","M","R","BOSS","M","?","?","$","?","E"],"build_version":"2018-08-02","purchased_purges":2,"victory":false,"max_hp_per_floor":[80,80,80,80,80,80,80,80,80,80,80,80,82,84,84,84,84,86,86,86,86,86,86],"card_choices":[{"not_picked":["Clash","Twin Strike"],"picked":"Sword Boomerang","floor":1},{"not_picked":["Dropkick","Pommel Strike"],"picked":"Shrug It Off","floor":2},{"not_picked":["Clash","Rupture","Sentinel"],"picked":"SKIP","floor":3},{"not_picked":["Clash","Dual Wield"],"picked":"Perfected Strike","floor":5},{"not_picked":["Iron Wave","Power Through"],"picked":"Demon Form","floor":7},{"not_picked":["Flex","Body Slam","True Grit"],"picked":"SKIP","floor":10},{"not_picked":["Iron Wave","Sentinel"],"picked":"Rampage","floor":12},{"not_picked":["Thunderclap","Second Wind","Cleave"],"picked":"Singing Bowl","floor":13},{"not_picked":["Flex","Iron Wave","Headbutt"],"picked":"Singing Bowl","floor":14},{"not_picked":["Exhume","Berserk"],"picked":"Demon Form","floor":16},{"not_picked":["Shockwave"],"picked":"Singing Bowl","floor":18}],"player_experience":157073,"relics_obtained":[{"floor":7,"key":"War Paint"},{"floor":9,"key":"Red Skull"},{"floor":13,"key":"Singing Bowl"}],"event_choices":[{"event_name":"The Cleric","player_choice":"Card Removal","floor":11,"damage_taken":0},{"event_name":"Drug Dealer","player_choice":"Ignored","floor":20,"damage_taken":0},{"event_name":"FaceTrader","player_choice":"Touch","floor":22,"damage_taken":0}],"is_beta":false,"boss_relics":[{"not_picked":["Empty Cage","Tiny House"],"picked":"Busted Crown"}],"items_purged_floors":[4,19],"is_endless":false,"potions_floor_spawned":[10,12,13,14,16],"killed_by":"Slavers","ascension_level":1}