{"gold_per_floor":[118,129,129,139,149,149,299,144,168,44,44,54,54,74,74,173,173,186,186,199,219,0,0,0,16,41,64,64,64],"floor_reached":29,"playtime":1580,"items_purged":["Doubt"],"score":492,"play_id":"e1148f0b-da28-4793-a6b9-0d9d3cb5a970","local_time":"20190125143930","is_ascension_mode":true,"campfire_choices":[{"data":"True Grit","floor":6,"key":"SMITH"},{"data":"Uppercut","floor":11,"key":"SMITH"},{"floor":15,"key":"REST"},{"data":"Bloodletting","floor":23,"key":"SMITH"},{"floor":28,"key":"REST"}],"neow_cost":"NONE","seed_source_timestamp":444737879353507,"circlet_count":0,"master_deck":["AscendersBane","Defend_R","Defend_R","Defend_R","Defend_R","Bash","Rupture","True Grit+1","Uppercut+1","Bloodletting+1","Evolve","Sword Boomerang","Battle Trance","Hemokinesis","Clothesline","Bite","Bite","Bite","Bite","Bite","Disarm","Rupture"],"relics":["Burning Blood","Red Skull","Bronze Scales","Golden Idol","Mark of Pain","Bag of Marbles"],"potions_floor_usage":[5,16,27,29],"damage_taken":[{"damage":0,"enemies":"2 Louse","floor":1,"turns":3},{"damage":9,"enemies":"Jaw Worm","floor":2,"turns":6},{"damage":7,"enemies":"Small Slimes","floor":4,"turns":4},{"damage":9,"enemies":"Exordium Thugs","floor":5,"turns":8},{"damage":11,"enemies":"2 Fungi Beasts","floor":12,"turns":4},{"damage":11,"enemies":"Blue Slaver","floor":14,"turns":3},{"damage":12,"enemies":"Slime Boss","floor":16,"turns":6},{"damage":27,"enemies":"Spheric Guardian","floor":18,"turns":5},{"damage":14,"enemies":"3 Byrds","floor":20,"turns":3},{"damage":31,"enemies":"3 Cultists","floor":21,"turns":5},{"damage":35,"enemies":"Centurion and Healer","floor":25,"turns":4},{"damage":11,"enemies":"Snecko","floor":27,"turns":4},{"damage":36,"enemies":"Gremlin Leader","floor":29,"turns":3}],"seed_played":"5120419754038385705","potions_obtained":[{"floor":1,"key":"Poison Potion"},{"floor":2,"key":"AttackPotion"},{"floor":16,"key":"PowerPotion"},{"floor":18,"key":"SneckoOil"}],"is_trial":false,"path_per_floor":["M","M","?","M","M","R","?","$","T","$","R","M","?","M","R","B",null,"M","?","M","M","?","R","?","M","T","M","R","E"],"character_chosen":"IRONCLAD","items_purchased":["Evolve","Sword Boomerang","Battle Trance"],"campfire_rested":2,"item_purchase_floors":[8,10,10],"current_hp_per_floor":[74,71,53,52,49,49,49,49,49,49,49,44,18,13,35,29,64,43,43,41,30,30,30,30,9,9,12,27,0],"gold":64,"neow_bonus":"TRANSFORM_CARD","is_prod":false,"is_daily":false,"chose_seed":false,"campfire_upgraded":3,"win_rate":0,"timestamp":1548387570,"path_taken":["M","M","?","M","M","R","?","$","T","$","R","M","?","M","R","BOSS","M","?","M","M","?","R","?","M","T","?","R","E"],"build_version":"2019-01-23","purchased_purges":1,"victory":false,"max_hp_per_floor":[75,75,75,75,75,75,75,75,75,75,75,75,75,75,75,75,75,75,52,52,52,52,52,52,52,52,52,52,52],"card_choices":[{"not_picked":["Sever Soul","Second Wind"],"picked":"True Grit","floor":1},{"not_picked":["Warcry","Flex"],"picked":"Uppercut","floor":2},{"not_picked":["Warcry","Iron Wave","Shockwave"],"picked":"SKIP","floor":4},{"not_picked":["Pommel Strike","Iron Wave"],"picked":"Bloodletting","floor":5},{"not_picked":["Wild Strike","Iron Wave"],"picked":"Hemokinesis","floor":12},{"not_picked":["Dropkick","Havoc","Twin Strike"],"picked":"SKIP","floor":14},{"not_picked":["Second Wind","Body Slam"],"picked":"Clothesline","floor":18},{"not_picked":["True Grit","Reckless Charge","Spot Weakness+1"],"picked":"SKIP","floor":20},{"not_picked":["Warcry","Clothesline"],"picked":"Disarm","floor":21},{"not_picked":["Bloodletting","Seeing Red+1"],"picked":"Rupture","floor":25},{"not_picked":["Flex","Clash","Perfected Strike"],"picked":"SKIP","floor":27}],"player_experience":676890,"relics_obtained":[{"floor":9,"key":"Bronze Scales"},{"floor":26,"key":"Bag of Marbles"}],"event_choices":[{"damage_healed":0,"gold_gain":0,"player_choice":"Success","damage_taken":18,"relics_obtained":["Red Skull"],"max_hp_gain":0,"max_hp_loss":0,"event_name":"Scrap Ooze","floor":3,"gold_loss":0},{"damage_healed":0,"gold_gain":150,"player_choice":"AGREE","damage_taken":0,"max_hp_gain":0,"max_hp_loss":0,"event_name":"Liars Game","floor":7,"gold_loss":0,"cards_obtained":["Doubt"]},{"damage_healed":0,"gold_gain":0,"player_choice":"Take Damage","damage_taken":26,"relics_obtained":["Golden Idol"],"max_hp_gain":0,"max_hp_loss":0,"event_name":"Golden Idol","floor":13,"gold_loss":0},{"damage_healed":0,"gold_gain":0,"player_choice":"Became a vampire","damage_taken":0,"max_hp_gain":0,"max_hp_loss":23,"event_name":"Vampires","floor":19,"gold_loss":0,"cards_obtained":["Bite","Bite","Bite","Bite","Bite"]},{"damage_healed":0,"gold_gain":0,"player_choice":"Paid Fearfully","damage_taken":0,"max_hp_gain":0,"max_hp_loss":0,"event_name":"Masked Bandits","floor":22,"gold_loss":219},{"damage_healed":0,"gold_gain":0,"player_choice":"0 cards matched","damage_taken":0,"max_hp_gain":0,"max_hp_loss":0,"event_name":"Match and Keep!","floor":24,"gold_loss":0,"cards_obtained":[]}],"is_beta":false,"boss_relics":[{"not_picked":["Cursed Key","Busted Crown"],"picked":"Mark of Pain"}],"items_purged_floors":[8],"is_endless":false,"potions_floor_spawned":[1,2,16,18,25],"killed_by":"Gremlin Leader","ascension_level":15}