{"gold_per_floor":[113,126,126,51,64,64,64,83,133,133,163,186,198,221,233,322,334,364,376,388,11,27,27,45,55,109,109,109,19,19,30,30,30],"floor_reached":33,"playtime":1866,"items_purged":["Strike_B","Strike_B"],"score":486,"play_id":"7bfcb806-0411-43ca-869a-f97535baa58f","local_time":"20190201172835","is_ascension_mode":true,"campfire_choices":[{"data":"Sweeping Beam","floor":6,"key":"SMITH"},{"data":"Zap","floor":10,"key":"SMITH"},{"data":"Biased Cognition","floor":15,"key":"SMITH"},{"floor":23,"key":"REST"},{"data":"Consume","floor":28,"key":"SMITH"},{"floor":32,"key":"REST"}],"neow_cost":"NONE","seed_source_timestamp":1556238811259285,"circlet_count":0,"master_deck":["AscendersBane","Strike_B","Defend_B+1","Defend_B+1","Defend_B","Zap+1","Dualcast","Tempest+1","Conserve Battery","Coolheaded","Sweeping Beam+1","Biased Cognition+1","Core Surge","Conserve Battery","Consume+1","Ball Lightning","Dark Shackles","Shame"],"relics":["Cracked Core","DataDisk","Lantern","Strawberry","MawBank","White Beast Statue","Potion Belt","War Paint","Emotion Chip"],"potions_floor_usage":[16,18,24,33,33,33],"damage_taken":[{"damage":0,"enemies":"2 Louse","floor":1,"turns":4},{"damage":2,"enemies":"Jaw Worm","floor":2,"turns":4},{"damage":0,"enemies":"Small Slimes","floor":5,"turns":2},{"damage":1,"enemies":"Exordium Thugs","floor":8,"turns":3},{"damage":0,"enemies":"Gremlin Nob","floor":11,"turns":2},{"damage":0,"enemies":"Exordium Wildlife","floor":14,"turns":2},{"damage":45,"enemies":"Slime Boss","floor":16,"turns":8},{"damage":6,"enemies":"Shell Parasite","floor":18,"turns":6},{"damage":8,"enemies":"3 Byrds","floor":22,"turns":3},{"damage":5,"enemies":"3 Cultists","floor":24,"turns":4},{"damage":0,"enemies":"Snake Plant","floor":25,"turns":2},{"damage":11,"enemies":"Shelled Parasite and Fungi","floor":31,"turns":4},{"damage":109,"enemies":"Automaton","floor":33,"turns":14}],"seed_played":"-858231257639319007","potions_obtained":[{"floor":5,"key":"FairyPotion"},{"floor":8,"key":"GamblersBrew"},{"floor":16,"key":"Block Potion"},{"floor":18,"key":"SteroidPotion"},{"floor":22,"key":"PowerPotion"},{"floor":24,"key":"Explosive Potion"},{"floor":25,"key":"FocusPotion"},{"floor":31,"key":"SkillPotion"}],"is_trial":false,"path_per_floor":["M","M","?","$","M","R","?","M","T","R","E","T","?","M","R","B",null,"M","?","?","$","M","R","M","M","T","?","R","$","?","M","R","B"],"character_chosen":"DEFECT","items_purchased":["Consume","Potion Belt","Ball Lightning","Dark Shackles"],"campfire_rested":2,"item_purchase_floors":[21,21,21,29],"current_hp_per_floor":[64,62,62,62,62,62,51,50,50,50,57,57,50,50,50,5,60,54,54,32,32,24,48,43,43,43,60,60,60,60,49,73,0],"gold":30,"neow_bonus":"THREE_CARDS","is_prod":false,"is_daily":false,"chose_seed":false,"campfire_upgraded":4,"win_rate":0,"timestamp":1549063715,"path_taken":["M","M","?","$","M","R","?","M","T","R","E","?","?","M","R","BOSS","M","?","?","$","M","R","M","M","T","?","R","$","?","M","R","BOSS"],"build_version":"2019-01-23","purchased_purges":2,"victory":false,"max_hp_per_floor":[71,71,71,71,71,71,71,71,71,71,78,78,78,78,78,78,78,78,78,83,83,83,83,83,83,83,83,83,83,83,83,83,83],"card_choices":[{"not_picked":["Hologram","Aggregate"],"picked":"Tempest","floor":0},{"not_picked":["Gash","Hologram"],"picked":"Conserve Battery","floor":1},{"not_picked":["Aggregate","Leap"],"picked":"Coolheaded","floor":2},{"not_picked":["Doom and Gloom","Cold Snap"],"picked":"Sweeping Beam","floor":5},{"not_picked":["Heatsinks","Coolheaded","Rip and Tear"],"picked":"SKIP","floor":8},{"not_picked":["Leap","Lockon"],"picked":"Biased Cognition","floor":11},{"not_picked":["Streamline","Turbo","Doom and Gloom"],"picked":"SKIP","floor":14},{"not_picked":["Biased Cognition","Hyperbeam"],"picked":"Core Surge","floor":16},{"not_picked":["Gash","Cold Snap"],"picked":"Conserve Battery","floor":18},{"not_picked":["Gash","Redo","Coolheaded"],"picked":"SKIP","floor":22},{"not_picked":["Doom and Gloom","Beam Cell","Core Surge"],"picked":"SKIP","floor":24},{"not_picked":["Beam Cell+1","Coolheaded","Compile Driver"],"picked":"SKIP","floor":25},{"not_picked":["Compile Driver+1","Rebound","Blizzard"],"picked":"SKIP","floor":31}],"player_experience":676586,"relics_obtained":[{"floor":9,"key":"Lantern"},{"floor":11,"key":"Strawberry"},{"floor":12,"key":"MawBank"},{"floor":26,"key":"War Paint"}],"event_choices":[{"damage_healed":0,"gold_gain":0,"player_choice":"Grow","damage_taken":0,"max_hp_gain":0,"max_hp_loss":0,"event_name":"Living Wall","floor":3,"gold_loss":0,"cards_upgraded":["Tempest"]},{"damage_healed":0,"gold_gain":0,"player_choice":"Success","damage_taken":11,"relics_obtained":["DataDisk"],"max_hp_gain":0,"max_hp_loss":0,"event_name":"Scrap Ooze","floor":7,"gold_loss":0},{"cards_removed":["Strike_B"],"damage_healed":0,"gold_gain":0,"player_choice":"Card Removal","damage_taken":7,"max_hp_gain":0,"max_hp_loss":0,"event_name":"Golden Wing","floor":13,"gold_loss":0},{"cards_removed":["Defend_B"],"damage_healed":0,"gold_gain":0,"player_choice":"Elegance","damage_taken":0,"max_hp_gain":0,"max_hp_loss":0,"event_name":"Back to Basics","floor":19,"gold_loss":0},{"damage_healed":0,"gold_gain":0,"player_choice":"Shed Blood","damage_taken":27,"max_hp_gain":5,"max_hp_loss":0,"event_name":"Forgotten Altar","floor":20,"gold_loss":0},{"damage_healed":17,"gold_gain":0,"player_choice":"Heal","damage_taken":0,"max_hp_gain":0,"max_hp_loss":0,"event_name":"The Library","floor":27,"gold_loss":0},{"damage_healed":0,"gold_gain":0,"player_choice":"Stole Relic","damage_taken":0,"relics_obtained":["Emotion Chip"],"max_hp_gain":0,"max_hp_loss":0,"event_name":"Addict","floor":30,"gold_loss":0,"cards_obtained":["Shame"]}],"is_beta":false,"boss_relics":[{"not_picked":["Runic Dome","Orrery"],"picked":"White Beast Statue"}],"items_purged_floors":[4,21],"is_endless":false,"potions_floor_spawned":[5,8,16,18,22,24,25,31],"killed_by":"Automaton","ascension_level":16}