{"gold_per_floor":[115,134,59,234,251,251,266,293,293,243,257,257,277,294,294,294],"floor_reached":16,"playtime":546,"items_purged":["Defend_R"],"score":104,"play_id":"d6b85eee-5c6e-41c7-9d9a-120b2c2f89a3","local_time":"20190127111041","is_ascension_mode":false,"campfire_choices":[{"data":"Shrug It Off","floor":6,"key":"SMITH"},{"floor":12,"key":"REST"},{"data":"Bash","floor":15,"key":"SMITH"}],"neow_cost":"NONE","seed_source_timestamp":667581676815140,"circlet_count":0,"master_deck":["Strike_R","Strike_R","Strike_R","Strike_R","Defend_R","Defend_R","Defend_R","Bash+1","Shrug It Off+1"],"relics":["Burning Blood","Turnip","Bird Faced Urn"],"potions_floor_usage":[8,8,16],"damage_taken":[{"damage":5,"enemies":"Cultist","floor":1,"turns":4},{"damage":5,"enemies":"Jaw Worm","floor":2,"turns":4},{"damage":0,"enemies":"Small Slimes","floor":5,"turns":4},{"damage":8,"enemies":"2 Fungi Beasts","floor":7,"turns":7},{"damage":54,"enemies":"Lagavulin","floor":8,"turns":11},{"damage":8,"enemies":"Exordium Thugs","floor":11,"turns":6},{"damage":3,"enemies":"Red Slaver","floor":13,"turns":5},{"damage":10,"enemies":"Blue Slaver","floor":14,"turns":4},{"damage":50,"enemies":"Slime Boss","floor":16,"turns":11}],"seed_played":"-158501825333778444","potions_obtained":[{"floor":1,"key":"GamblersBrew"},{"floor":7,"key":"AttackPotion"},{"floor":8,"key":"Block Potion"}],"is_trial":false,"path_per_floor":["M","M","$","?","M","R","M","E","T","?","M","R","M","M","R","B"],"character_chosen":"IRONCLAD","items_purchased":[],"campfire_rested":1,"item_purchase_floors":[],"current_hp_per_floor":[80,80,80,80,80,80,78,30,30,30,28,52,55,51,51,1],"gold":294,"neow_bonus":"REMOVE_CARD","is_prod":false,"is_daily":false,"chose_seed":false,"campfire_upgraded":2,"win_rate":0,"timestamp":1548600041,"path_taken":["M","M","?","?","?","R","M","E","T","?","M","R","M","M","R","BOSS"],"build_version":"2019-01-23","purchased_purges":1,"victory":false,"max_hp_per_floor":[80,80,80,80,80,80,80,80,80,80,80,80,80,80,80,80],"card_choices":[{"not_picked":["Rupture","Twin Strike"],"picked":"Shrug It Off","floor":1},{"not_picked":["Seeing Red","Thunderclap","Dropkick"],"picked":"SKIP","floor":2},{"not_picked":["Perfected Strike","Twin Strike","True Grit"],"picked":"SKIP","floor":5},{"not_picked":["Flex","Heavy Blade","Disarm"],"picked":"SKIP","floor":7},{"not_picked":["Disarm","Burning Pact","Combust"],"picked":"SKIP","floor":8},{"not_picked":["Clothesline","Double Tap","Pommel Strike"],"picked":"SKIP","floor":11},{"not_picked":["Carnage","Pommel Strike","Headbutt"],"picked":"SKIP","floor":13},{"not_picked":["Body Slam","Twin Strike","Clothesline"],"picked":"SKIP","floor":14}],"player_experience":239888,"relics_obtained":[{"floor":8,"key":"Turnip"},{"floor":9,"key":"Bird Faced Urn"}],"event_choices":[{"damage_healed":0,"gold_gain":175,"player_choice":"AGREE","damage_taken":0,"max_hp_gain":0,"max_hp_loss":0,"event_name":"Liars Game","floor":4,"gold_loss":0,"cards_obtained":["Doubt"]},{"cards_removed":["Doubt"],"damage_healed":0,"gold_gain":0,"player_choice":"Card Removal","damage_taken":0,"max_hp_gain":0,"max_hp_loss":0,"event_name":"The Cleric","floor":10,"gold_loss":50}],"is_beta":false,"boss_relics":[],"items_purged_floors":[3],"is_endless":false,"potions_floor_spawned":[1,7,8],"killed_by":"Slime Boss","ascension_level":0}