{"gold_per_floor":[115,215,229,247,247,247,265,282,282,364,376,405,417,272,272,376,376,388,388,141,152,167,167,187,187,187,218,238,39,49,65,65,164,164,182,200,0,16,28,28,44,62,88,101,115,115,128,147,147,147],"floor_reached":51,"playtime":3291,"items_purged":["Strike_B","Zap+1","Biased Cognition"],"score":768,"play_id":"17232fe0-5a88-4057-9b8c-2e3aa696a3a9","local_time":"20180828212229","is_ascension_mode":true,"campfire_choices":[{"data":"Zap","floor":6.0,"key":"SMITH"},{"data":"Glacier","floor":11.0,"key":"SMITH"},{"data":"Glacier","floor":13.0,"key":"SMITH"},{"data":"Hologram","floor":15.0,"key":"SMITH"},{"data":"Defragment","floor":23.0,"key":"SMITH"},{"data":"Coolheaded","floor":25.0,"key":"SMITH"},{"data":"Defragment","floor":32.0,"key":"SMITH"},{"data":"Loop","floor":40.0,"key":"SMITH"},{"floor":46,"key":"REST"},{"floor":49,"key":"REST"}],"neow_cost":"NONE","seed_source_timestamp":0,"circlet_count":0,"master_deck":["Strike_B","Defend_B","Defend_B","Defend_B","Defend_B","Dualcast","Hologram+1","Gash","Loop+1","Glacier+1","Glacier+1","Self Repair","Gash","Coolheaded+1","Conserve Battery","Defragment+1","Cold Snap","All For One","Coolheaded","Defragment+1","Go for the Eyes+1","Cold Snap","Creative AI","Gash","Hologram","Streamline+1","Loop+1","Blizzard+1","Chill+1"],"special_seed":0,"relics":["Cracked Core","MawBank","Mercury Hourglass","Orrery","DataDisk","Meat on the Bone","Dream Catcher","Sozu","Red Mask","Centennial Puzzle"],"potions_floor_usage":[45],"damage_taken":[{"damage":2.0,"enemies":"Jaw Worm","floor":1.0,"turns":3.0},{"damage":1.0,"enemies":"Cultist","floor":3.0,"turns":3.0},{"damage":0.0,"enemies":"Small Slimes","floor":4.0,"turns":4.0},{"damage":0.0,"enemies":"Blue Slaver","floor":7.0,"turns":3.0},{"damage":3.0,"enemies":"2 Fungi Beasts","floor":8.0,"turns":3.0},{"damage":5.0,"enemies":"Gremlin Gang","floor":12.0,"turns":2.0},{"damage":13.0,"enemies":"The Guardian","floor":16.0,"turns":15.0},{"damage":15.0,"enemies":"3 Byrds","floor":18.0,"turns":5.0},{"damage":2.0,"enemies":"Chosen","floor":21.0,"turns":8.0},{"damage":0.0,"enemies":"Snecko","floor":22.0,"turns":10.0},{"damage":5.0,"enemies":"Centurion and Healer","floor":24.0,"turns":9.0},{"damage":0.0,"enemies":"Slavers","floor":27.0,"turns":11.0},{"damage":14.0,"enemies":"Shelled Parasite and Fungi","floor":28.0,"turns":11.0},{"damage":0.0,"enemies":"Sentry and Sphere","floor":30.0,"turns":10.0},{"damage":0.0,"enemies":"Snake Plant","floor":31.0,"turns":6.0},{"damage":7.0,"enemies":"Automaton","floor":33.0,"turns":15.0},{"damage":1.0,"enemies":"Flame Bruiser 1 Orb","floor":35.0,"turns":11.0},{"damage":0.0,"enemies":"3 Darklings","floor":36.0,"turns":6.0},{"damage":15.0,"enemies":"Sphere and 2 Shapes","floor":38.0,"turns":8.0},{"damage":32.0,"enemies":"Spire Growth","floor":39.0,"turns":6.0},{"damage":0.0,"enemies":"Flame Bruiser 2 Orb","floor":41.0,"turns":8.0},{"damage":6.0,"enemies":"4 Shapes","floor":42.0,"turns":7.0},{"damage":15,"enemies":"3 Darklings","floor":44,"turns":8},{"damage":10,"enemies":"Transient","floor":45,"turns":5},{"damage":19,"enemies":"Spire Growth","floor":47,"turns":4},{"damage":18,"enemies":"3 Darklings","floor":48,"turns":6},{"damage":21,"enemies":"Awakened One","floor":50,"turns":16}],"seed_played":"2028201816201472766","potions_obtained":[{"floor":1.0,"key":"SkillPotion"},{"floor":7.0,"key":"EssenceOfSteel"},{"floor":21.0,"key":"SkillPotion"},{"floor":22.0,"key":"EssenceOfSteel"},{"floor":30.0,"key":"Explosive Potion"}],"is_trial":false,"path_per_floor":["M","?","M","M","?","R","M","M","T","T","R","M","R","$","R","B",null,"M","?","$","M","M","R","M","R","T","E","M","$","M","M","R","B",null,"M","M","?","M","M","R","M","M","T","M","M","R","M","M","R","B"],"character_chosen":"DEFECT","items_purchased":["Self Repair","DataDisk","Defragment"],"campfire_rested":2,"item_purchase_floors":[14,20,29],"current_hp_per_floor":[73,73,72,72,65,65,65,62,62,62,62,57,57,57,57,51,75,67,53,53,58,65,65,67,67,67,74,67,67,74,80,80,80,80,80,80,80,72,59,59,66,67,67,59,49,73,54,55,79,65],"gold":147,"neow_bonus":"REMOVE_CARD","is_prod":false,"is_daily":false,"chose_seed":false,"campfire_upgraded":8,"win_rate":0,"timestamp":1535462549,"path_taken":["M","?","M","M","?","R","M","M","T","?","R","M","R","?","R","BOSS","M","?","$","M","M","R","M","R","T","E","M","$","M","M","R","BOSS","M","M","?","M","M","R","M","M","T","M","M","R","M","M","R","BOSS"],"build_version":"2018-08-23v2","purchased_purges":3,"victory":true,"max_hp_per_floor":[75,75,75,75,75,75,75,75,75,75,75,75,75,75,75,75,75,75,80,80,80,80,80,80,80,80,80,80,80,80,80,80,80,80,80,80,80,80,80,80,80,80,80,80,80,80,80,80,80,80],"card_choices":[{"not_picked":["Fusion","Redo"],"picked":"Hologram","floor":1.0},{"not_picked":["Hologram","Cold Snap"],"picked":"Gash","floor":3.0},{"not_picked":["Lockon","Chaos"],"picked":"Loop","floor":4.0},{"not_picked":["Double Energy","Barrage"],"picked":"Biased Cognition","floor":7.0},{"not_picked":["Beam Cell","Auto Shields"],"picked":"Glacier","floor":8.0},{"not_picked":["Steam Power","Steam"],"picked":"Glacier","floor":12.0},{"not_picked":["Aggregate","Go for the Eyes"],"picked":"Gash","floor":17.0},{"not_picked":["Glacier","Ball Lightning"],"picked":"Coolheaded","floor":17.0},{"not_picked":["Recycle","Stack"],"picked":"Conserve Battery","floor":17.0},{"not_picked":["Conserve Battery","Steam","Stack"],"picked":"SKIP","floor":18.0},{"not_picked":["Streamline","Echo Form"],"picked":"Defragment","floor":21.0},{"not_picked":["Sweeping Beam","Conserve Battery"],"picked":"Cold Snap","floor":22.0},{"not_picked":["Skim","Streamline"],"picked":"All For One","floor":24.0},{"not_picked":["Lockon+1","Self Repair"],"picked":"Coolheaded","floor":27.0},{"not_picked":["Steam Power","Coolheaded","Redo+1"],"picked":"SKIP","floor":28.0},{"not_picked":["Scrape","Glacier+1"],"picked":"Go for the Eyes+1","floor":30.0},{"not_picked":["Hello World","Streamline+1"],"picked":"Cold Snap","floor":31.0},{"not_picked":["Electrodynamics","Hyperbeam"],"picked":"Creative AI","floor":33.0},{"not_picked":["Hologram","Stack+1"],"picked":"Gash","floor":35.0},{"not_picked":["Cold Snap","Redo","Meteor Strike"],"picked":"SKIP","floor":36.0},{"not_picked":["Chill","Consume"],"picked":"Hologram","floor":38.0},{"not_picked":["Coolheaded+1","Gash"],"picked":"Streamline+1","floor":39.0},{"not_picked":["Storm+1","Cold Snap+1"],"picked":"Loop+1","floor":41.0},{"not_picked":["Aggregate","Storm","Ball Lightning"],"picked":"SKIP","floor":42},{"not_picked":["Steam Power+1","Heatsinks+1","Consume+1"],"picked":"SKIP","floor":44},{"not_picked":["Static Discharge","Ball Lightning","Coolheaded+1"],"picked":"SKIP","floor":45},{"not_picked":["Go for the Eyes","Storm"],"picked":"Blizzard+1","floor":47},{"not_picked":["Go for the Eyes","Coolheaded","Static Discharge"],"picked":"SKIP","floor":48},{"not_picked":["Ball Lightning","Rainbow"],"picked":"Chill+1","floor":49}],"player_experience":314663,"relics_obtained":[{"floor":9.0,"key":"MawBank"},{"floor":10.0,"key":"Mercury Hourglass"},{"floor":26.0,"key":"Meat on the Bone"},{"floor":27.0,"key":"Dream Catcher"},{"floor":43,"key":"Centennial Puzzle"}],"event_choices":[{"event_name":"Golden Shrine","player_choice":"Pray","floor":2.0,"damage_taken":0.0},{"event_name":"Golden Wing","player_choice":"Card Removal","floor":5.0,"damage_taken":0.0},{"event_name":"Forgotten Altar","player_choice":"Shed Blood","floor":19.0,"damage_taken":0.0},{"event_name":"Tomb of Lord Red Mask","player_choice":"Paid","floor":37.0,"damage_taken":0.0}],"is_beta":false,"boss_relics":[{"not_picked":["Nuclear Battery","Busted Crown"],"picked":"Orrery"},{"not_picked":["Philosopher\u0027s Stone","Cursed Key"],"picked":"Sozu"}],"items_purged_floors":[14,20,29],"is_endless":false,"potions_floor_spawned":[1,7,21,22,30,35,36,39,41,44],"ascension_level":3}