{"gold_per_floor":[118,118,118,136,411,411,190,224,276,276,289,14,39,57,57,158,158,173,98,98,60,60,60,60],"floor_reached":24,"playtime":1104,"items_purged":["Regret"],"score":210,"play_id":"b954d6c8-bc72-49a7-be7a-18105de13bce","local_time":"20190127095831","is_ascension_mode":true,"campfire_choices":[{"data":"Bash","floor":6,"key":"SMITH"},{"data":"Rage","floor":10,"key":"SMITH"},{"data":"Secret Weapon","floor":15,"key":"SMITH"},{"data":"Inflame","floor":23,"key":"SMITH"}],"neow_cost":"NONE","seed_source_timestamp":628522322089430,"circlet_count":0,"master_deck":["Strike_R+1","Strike_R","Strike_R+1","Defend_R","Defend_R","Defend_R","Defend_R","Bash+1","Dropkick","Shrug It Off","Rage+1","Heavy Blade","Rage","Secret Weapon+1","Flying Knee","Master of Strategy","All Out Attack+1","Writhe","Inflame+1","Shame"],"relics":["Burning Blood","Anchor","Boot","Whetstone","PrismaticShard","Vajra","Velvet Choker","Incense Burner","Potion Belt"],"potions_floor_usage":[24],"damage_taken":[{"damage":0,"enemies":"Small Slimes","floor":1,"turns":3},{"damage":3,"enemies":"2 Louse","floor":4,"turns":4},{"damage":26,"enemies":"3 Sentries","floor":8,"turns":13},{"damage":1,"enemies":"Cultist","floor":11,"turns":3},{"damage":24,"enemies":"Lagavulin","floor":13,"turns":7},{"damage":0,"enemies":"Large Slime","floor":14,"turns":3},{"damage":55,"enemies":"Slime Boss","floor":16,"turns":12},{"damage":18,"enemies":"Shell Parasite","floor":18,"turns":4},{"damage":77,"enemies":"Gremlin Leader","floor":24,"turns":7}],"seed_played":"1227324532016938310","potions_obtained":[{"floor":1,"key":"LiquidBronze"},{"floor":8,"key":"FearPotion"},{"floor":16,"key":"Swift Potion"}],"is_trial":false,"path_per_floor":["M","?","?","M","?","R","$","E","T","R","M","$","E","M","R","B",null,"M","?","?","$","?","R","E"],"character_chosen":"IRONCLAD","items_purchased":["Anchor","PrismaticShard","Rage","Inflame"],"campfire_rested":0,"item_purchase_floors":[7,12,12,21],"current_hp_per_floor":[88,81,81,84,84,84,84,64,64,64,69,69,51,57,57,8,88,76,76,76,76,76,76,0],"gold":60,"neow_bonus":"TEN_PERCENT_HP_BONUS","is_prod":false,"is_daily":false,"chose_seed":false,"campfire_upgraded":4,"win_rate":0,"timestamp":1548601111,"path_taken":["M","?","?","?","?","R","$","E","T","R","M","?","E","M","R","BOSS","M","?","?","?","?","R","E"],"build_version":"2019-01-23","purchased_purges":1,"victory":false,"max_hp_per_floor":[88,88,88,88,88,88,88,88,88,88,88,88,88,88,88,88,88,88,88,88,88,88,88,88],"card_choices":[{"not_picked":["Whirlwind","Sentinel"],"picked":"Dropkick","floor":1},{"not_picked":["Cleave","Ghostly Armor"],"picked":"Shrug It Off","floor":4},{"not_picked":["Warcry","True Grit"],"picked":"Rage","floor":8},{"not_picked":["Wild Strike","Havoc"],"picked":"Heavy Blade","floor":11},{"not_picked":["Stack","Second Wind"],"picked":"Secret Weapon","floor":13},{"not_picked":["Leg Sweep","Cleave"],"picked":"Flying Knee","floor":14},{"not_picked":["Grand Finale","Unload"],"picked":"Master of Strategy","floor":16},{"not_picked":["Cleave+1","Blade Dance"],"picked":"All Out Attack+1","floor":18}],"player_experience":121619,"relics_obtained":[{"floor":8,"key":"Boot"},{"floor":9,"key":"Whetstone"},{"floor":13,"key":"Vajra"}],"event_choices":[{"cards_removed":["Strike_R"],"damage_healed":0,"gold_gain":0,"player_choice":"Card Removal","damage_taken":7,"max_hp_gain":0,"max_hp_loss":0,"event_name":"Golden Wing","floor":2,"gold_loss":0},{"damage_healed":0,"gold_gain":0,"player_choice":"0 cards matched","damage_taken":0,"max_hp_gain":0,"max_hp_loss":0,"event_name":"Match and Keep!","floor":3,"gold_loss":0,"cards_obtained":[]},{"damage_healed":0,"gold_gain":275,"player_choice":"Desecrate","damage_taken":0,"max_hp_gain":0,"max_hp_loss":0,"event_name":"Golden Shrine","floor":5,"gold_loss":0,"cards_obtained":["Regret"]},{"cards_removed":["Strike_R"],"damage_healed":0,"gold_gain":0,"player_choice":"Gave Gold","damage_taken":0,"max_hp_gain":0,"max_hp_loss":0,"event_name":"Beggar","floor":19,"gold_loss":75},{"damage_healed":0,"gold_gain":0,"player_choice":"Opened","damage_taken":0,"relics_obtained":["Incense Burner"],"max_hp_gain":0,"max_hp_loss":0,"event_name":"The Mausoleum","floor":20,"gold_loss":0,"cards_obtained":["Writhe"]},{"damage_healed":0,"gold_gain":0,"player_choice":"Stole Relic","damage_taken":0,"relics_obtained":["Potion Belt"],"max_hp_gain":0,"max_hp_loss":0,"event_name":"Addict","floor":22,"gold_loss":0,"cards_obtained":["Shame"]}],"is_beta":false,"boss_relics":[{"not_picked":["Runic Cube","Snecko Eye"],"picked":"Velvet Choker"}],"items_purged_floors":[7],"is_endless":false,"potions_floor_spawned":[1,8,16,18],"killed_by":"Gremlin Leader","ascension_level":1}