{"gold_per_floor":[109,121,121,296,296,296,68,68,68,68,98,110,10,10,10,130,130,151,250,87,87,106,147,147,272,298,298,148,168,181,194,194,323,323,346,346,171,189,202,202,241,241,316,316],"floor_reached":44,"playtime":1343,"items_purged":["Doubt","Defend_R","Defend_R","Strike_R","Strike_R"],"score":517,"play_id":"316fd66c-c04e-4ee5-8630-fc1870ce3872","local_time":"20190129230606","is_ascension_mode":false,"campfire_choices":[{"data":"Double Tap","floor":6,"key":"SMITH"},{"floor":8,"key":"REST"},{"data":"Feed","floor":15,"key":"SMITH"},{"data":"Flame Barrier","floor":32,"key":"SMITH"},{"data":"Evolve","floor":40,"key":"SMITH"},{"data":"Strike_R","floor":42,"key":"SMITH"}],"neow_cost":"PERCENT_DAMAGE","seed_source_timestamp":7818118289964,"circlet_count":0,"master_deck":["Strike_R+1","Defend_R+1","Defend_R","Bash+1","Evolve+1","Double Tap+1","Feed+1","Shockwave+1","Flame Barrier+1"],"relics":["Burning Blood","Mango","Bronze Scales","Pen Nib","Ornamental Fan","Golden Idol","Coffee Dripper","Juzu Bracelet","Pocketwatch","Dodecahedron","PreservedInsect","Lizard Tail","Champion Belt","Pear"],"potions_floor_usage":[18,25,33],"damage_taken":[{"damage":4,"enemies":"2 Louse","floor":1,"turns":3},{"damage":3,"enemies":"Jaw Worm","floor":2,"turns":5},{"damage":0,"enemies":"Small Slimes","floor":12,"turns":4},{"damage":54,"enemies":"The Guardian","floor":16,"turns":11},{"damage":13,"enemies":"2 Thieves","floor":18,"turns":3},{"damage":0,"enemies":"Chosen","floor":22,"turns":5},{"damage":57,"enemies":"Slavers","floor":23,"turns":7},{"damage":8,"enemies":"Colosseum Slavers","floor":25,"turns":3},{"damage":19,"enemies":"Colosseum Nobs","floor":25,"turns":4},{"damage":3,"enemies":"Snake Plant","floor":29,"turns":3},{"damage":2,"enemies":"Shelled Parasite and Fungi","floor":30,"turns":4},{"damage":18,"enemies":"Centurion and Healer","floor":31,"turns":7},{"damage":28,"enemies":"Collector","floor":33,"turns":8},{"damage":10,"enemies":"Orb Walker","floor":35,"turns":4},{"damage":13,"enemies":"3 Darklings","floor":38,"turns":5},{"damage":35,"enemies":"Transient","floor":39,"turns":5},{"damage":24,"enemies":"Nemesis","floor":41,"turns":5},{"damage":15,"enemies":"Jaw Worm Horde","floor":44,"turns":1}],"seed_played":"-1226574756217975225","potions_obtained":[{"floor":2,"key":"GamblersBrew"},{"floor":16,"key":"SteroidPotion"},{"floor":25,"key":"Block Potion"},{"floor":29,"key":"AttackPotion"},{"floor":31,"key":"Dexterity Potion"},{"floor":38,"key":"Regen Potion"}],"is_trial":false,"path_per_floor":["M","M","?","?","T","R","$","R","T","$","?","M","$","?","R","B",null,"M","?","$","?","M","E","?","?","T","?","$","M","M","M","R","B",null,"M","?","$","M","M","R","E","R","T","M"],"character_chosen":"IRONCLAD","items_purchased":["Bronze Scales","Flame Barrier"],"campfire_rested":1,"item_purchase_floors":[7,20],"current_hp_per_floor":[58,61,45,45,59,59,59,87,87,87,87,93,93,70,70,22,94,87,87,87,87,97,50,50,43,43,79,79,86,94,86,86,64,122,122,122,122,115,86,86,72,72,82,67],"gold":316,"neow_bonus":"TRANSFORM_TWO_CARDS","is_prod":false,"is_daily":false,"chose_seed":false,"campfire_upgraded":5,"win_rate":0,"timestamp":1548815766,"path_taken":["M","M","?","?","?","R","$","R","T","?","?","M","$","?","R","BOSS","M","?","$","?","M","E","?","?","T","?","?","M","M","M","R","BOSS","M","?","$","M","M","R","E","R","T","M"],"build_version":"2019-01-23","purchased_purges":5,"victory":false,"max_hp_per_floor":[80,80,80,80,94,94,94,94,94,94,94,94,94,94,94,94,94,94,94,94,94,98,102,102,110,110,110,110,114,118,122,122,122,122,126,126,126,126,126,126,130,130,140,140],"card_choices":[{"not_picked":["Anger","Heavy Blade","Feel No Pain"],"picked":"SKIP","floor":1},{"not_picked":["Feel No Pain","Perfected Strike","Pommel Strike"],"picked":"SKIP","floor":2},{"not_picked":["Twin Strike","Metallicize"],"picked":"Feed","floor":12},{"not_picked":["Reckless Charge","Havoc"],"picked":"Shockwave+1","floor":18},{"not_picked":["True Grit","Ghostly Armor+1","Headbutt"],"picked":"SKIP","floor":22},{"not_picked":["Seeing Red+1","Ghostly Armor+1","Impervious"],"picked":"SKIP","floor":23},{"not_picked":["Twin Strike","Wild Strike","True Grit"],"picked":"SKIP","floor":29},{"not_picked":["Shrug It Off","Evolve","Warcry+1"],"picked":"SKIP","floor":30},{"not_picked":["Armaments+1","Havoc","Pommel Strike"],"picked":"SKIP","floor":31},{"not_picked":["Armaments","Thunderclap+1","Anger+1"],"picked":"SKIP","floor":35},{"not_picked":["Blood for Blood+1","Warcry","Pommel Strike+1"],"picked":"SKIP","floor":38},{"not_picked":["Cleave+1","Searing Blow+1","Pommel Strike"],"picked":"SKIP","floor":39},{"not_picked":["Power Through+1","Uppercut+1","Corruption+1"],"picked":"SKIP","floor":41}],"player_experience":265300,"relics_obtained":[{"floor":5,"key":"Mango"},{"floor":9,"key":"Pen Nib"},{"floor":23,"key":"Juzu Bracelet"},{"floor":25,"key":"Pocketwatch"},{"floor":25,"key":"Dodecahedron"},{"floor":26,"key":"PreservedInsect"},{"floor":41,"key":"Champion Belt"},{"floor":43,"key":"Pear"}],"event_choices":[{"damage_healed":0,"gold_gain":0,"player_choice":"Entered Light","damage_taken":16,"max_hp_gain":0,"max_hp_loss":0,"event_name":"Shining Light","floor":3,"gold_loss":0,"cards_upgraded":["Defend_R","Bash"]},{"damage_healed":0,"gold_gain":175,"player_choice":"AGREE","damage_taken":0,"max_hp_gain":0,"max_hp_loss":0,"event_name":"Liars Game","floor":4,"gold_loss":0,"cards_obtained":["Doubt"]},{"damage_healed":0,"gold_gain":30,"player_choice":"Searched \u00273\u0027 times","damage_taken":0,"relics_obtained":["Ornamental Fan"],"max_hp_gain":0,"max_hp_loss":0,"event_name":"Dead Adventurer","floor":11,"gold_loss":0},{"damage_healed":0,"gold_gain":0,"player_choice":"Take Damage","damage_taken":23,"relics_obtained":["Golden Idol"],"max_hp_gain":0,"max_hp_loss":0,"event_name":"Golden Idol","floor":14,"gold_loss":0},{"damage_healed":0,"gold_gain":99,"player_choice":"Stole From Cult","damage_taken":0,"max_hp_gain":0,"max_hp_loss":0,"event_name":"Nest","floor":19,"gold_loss":0},{"damage_healed":0,"gold_gain":0,"player_choice":"Ignored","damage_taken":0,"max_hp_gain":0,"max_hp_loss":0,"event_name":"Vampires","floor":21,"gold_loss":0},{"damage_healed":0,"gold_gain":0,"player_choice":"Ignored","damage_taken":0,"max_hp_gain":0,"max_hp_loss":0,"event_name":"NoteForYourself","floor":24,"gold_loss":0},{"damage_healed":0,"gold_gain":0,"player_choice":"Fight","damage_taken":0,"max_hp_gain":0,"max_hp_loss":0,"event_name":"Colosseum","floor":25,"gold_loss":0},{"damage_healed":0,"gold_gain":0,"player_choice":"Fought Nobs","damage_taken":0,"max_hp_gain":0,"max_hp_loss":0,"event_name":"Colosseum","floor":25,"gold_loss":0},{"damage_healed":36,"gold_gain":0,"player_choice":"Heal","damage_taken":0,"max_hp_gain":0,"max_hp_loss":0,"event_name":"The Library","floor":27,"gold_loss":0},{"damage_healed":0,"gold_gain":0,"player_choice":"Ignored","damage_taken":0,"max_hp_gain":0,"max_hp_loss":0,"event_name":"Tomb of Lord Red Mask","floor":36,"gold_loss":0}],"is_beta":false,"boss_relics":[{"not_picked":["Mark of Pain","Calling Bell"],"picked":"Coffee Dripper"},{"not_picked":["Velvet Choker","Black Star"],"picked":"Lizard Tail"}],"items_purged_floors":[7,13,20,28,37],"is_endless":false,"potions_floor_spawned":[2,16,25,29,31,38,41],"killed_by":"Jaw Worm Horde","ascension_level":0}