{"gold_per_floor":[116,116,131,131,144,179,244,261,287,300,325,348,348,373,373,469,469,485,152,132,56,70,70,102,118,118,118,131,164,176,196,196,297,297,314,314,414,424,23,23,57,57,57,83,83,83,113,128,128,128],"floor_reached":51,"playtime":4850,"items_purged":["Strike_B","Sunder"],"score":810,"play_id":"49b62f9d-1341-4b4b-adcf-1aaa5179b26e","local_time":"20190106113741","is_ascension_mode":false,"campfire_choices":[{"data":"Go for the Eyes","floor":13,"key":"SMITH"},{"data":"Stack","floor":15,"key":"SMITH"},{"data":"Electrodynamics","floor":23,"key":"SMITH"},{"data":"Coolheaded","floor":27,"key":"SMITH"},{"data":"Creative AI","floor":32,"key":"SMITH"},{"data":"Fusion","floor":40,"key":"SMITH"},{"data":"Echo Form","floor":42,"key":"SMITH"},{"data":"Turbo","floor":46,"key":"SMITH"},{"floor":49,"key":"REST"}],"neow_cost":"NONE","seed_source_timestamp":738425263611562,"circlet_count":0,"master_deck":["Defend_B+1","Defend_B","Defend_B","Zap+1","Dualcast","Leap","Go for the Eyes+1","Conserve Battery","Conserve Battery","Static Discharge","Seek","Auto Shields","Stack+1","Electrodynamics+1","Self Repair","Turbo","Turbo+1","Coolheaded+1","Skim","Stack","Seek","Melter+1","Ball Lightning+1","Streamline+1","Reinforced Body","Creative AI+1","Rebound+1","Sweeping Beam+1","Echo Form+1","Reboot+1","Machine Learning+1","Buffer+1","Coolheaded","Reprogram","Capacitor","Storm","Fusion+1","Static Discharge+1","Conserve Battery+1","Conserve Battery","BootSequence+1"],"relics":["Cracked Core","Juzu Bracelet","Blood Vial","Anchor","Boot","Dream Catcher","Odd Mushroom","Orrery","Molten Egg 2","Bag of Marbles","Centennial Puzzle","Vajra","Astrolabe","Ginger","Regal Pillow","Whetstone","Bottled Tornado","Smiling Mask","Sundial"],"potions_floor_usage":[7,7,16,20,33,33,44,50],"damage_taken":[{"damage":3,"enemies":"Small Slimes","floor":1,"turns":4},{"damage":0,"enemies":"Jaw Worm","floor":3,"turns":3},{"damage":0,"enemies":"Cultist","floor":5,"turns":3},{"damage":15,"enemies":"Lagavulin","floor":6,"turns":8},{"damage":6,"enemies":"3 Sentries","floor":7,"turns":3},{"damage":0,"enemies":"Looter","floor":8,"turns":4},{"damage":0,"enemies":"Exordium Wildlife","floor":10,"turns":4},{"damage":13,"enemies":"Gremlin Nob","floor":11,"turns":4},{"damage":0,"enemies":"The Mushroom Lair","floor":14,"turns":4},{"damage":10,"enemies":"Hexaghost","floor":16,"turns":9},{"damage":0,"enemies":"Chosen","floor":18,"turns":6},{"damage":0,"enemies":"2 Thieves","floor":20,"turns":4},{"damage":5,"enemies":"Cultist and Chosen","floor":22,"turns":7},{"damage":10,"enemies":"Gremlin Leader","floor":24,"turns":6},{"damage":19,"enemies":"Centurion and Healer","floor":25,"turns":4},{"damage":8,"enemies":"Snecko","floor":28,"turns":6},{"damage":0,"enemies":"Slavers","floor":29,"turns":3},{"damage":11,"enemies":"Snake Plant","floor":30,"turns":3},{"damage":14,"enemies":"Cultist and Chosen","floor":31,"turns":7},{"damage":10,"enemies":"Champ","floor":33,"turns":13},{"damage":0,"enemies":"3 Shapes","floor":35,"turns":3},{"damage":0,"enemies":"Mind Bloom Boss Battle","floor":37,"turns":14},{"damage":0,"enemies":"Orb Walker","floor":38,"turns":3},{"damage":30,"enemies":"Nemesis","floor":41,"turns":11},{"damage":3,"enemies":"Giant Head","floor":44,"turns":10},{"damage":20,"enemies":"Reptomancer","floor":47,"turns":8},{"damage":4,"enemies":"Sphere and 2 Shapes","floor":48,"turns":5},{"damage":27,"enemies":"Time Eater","floor":50,"turns":14}],"seed_played":"8044025599759139835","potions_obtained":[{"floor":3,"key":"SmokeBomb"},{"floor":5,"key":"LiquidBronze"},{"floor":6,"key":"PowerPotion"},{"floor":8,"key":"FocusPotion"},{"floor":16,"key":"Poison Potion"},{"floor":20,"key":"Ancient Potion"},{"floor":28,"key":"Ancient Potion"},{"floor":29,"key":"SpeedPotion"},{"floor":31,"key":"Fire Potion"},{"floor":33,"key":"Poison Potion"},{"floor":35,"key":"Regen Potion"},{"floor":37,"key":"SpeedPotion"},{"floor":47,"key":"Fire Potion"}],"is_trial":false,"path_per_floor":["M","?","M","?","M","E","?","M","T","M","E","T","R","?","R","B",null,"M","$","M","$","M","R","E","M","T","R","M","E","M","M","R","B",null,"M","?","?","M","$","R","E","R","T","E","?","R","E","M","R","B",null],"character_chosen":"DEFECT","items_purchased":["Molten Egg 2","Melter+1","Storm","Fusion","Regal Pillow"],"campfire_rested":1,"item_purchase_floors":[19,21,39,39,39],"current_hp_per_floor":[79,63,63,63,63,48,42,44,44,46,35,35,35,37,37,29,82,82,82,82,82,82,82,72,55,55,55,56,58,56,51,51,43,82,82,82,82,82,82,82,59,59,59,80,80,80,62,60,82,55],"gold":128,"neow_bonus":"TEN_PERCENT_HP_BONUS","is_prod":false,"is_daily":false,"chose_seed":false,"campfire_upgraded":8,"win_rate":0,"timestamp":1546792661,"path_taken":["M","?","M","?","?","E","?","M","T","M","E","?","R","?","R","BOSS","M","$","M","$","M","R","E","M","T","R","M","E","M","M","R","BOSS","M","?","?","M","$","R","E","R","T","E","?","R","E","M","R","BOSS"],"build_version":"2019-01-03v4","purchased_purges":2,"victory":true,"max_hp_per_floor":[82,82,82,82,82,82,82,82,82,82,82,82,82,82,82,82,82,82,82,82,82,82,82,82,82,82,82,82,82,82,82,82,82,82,82,82,82,82,82,82,82,82,82,82,82,82,82,82,82,82],"card_choices":[{"not_picked":["Beam Cell","Heatsinks"],"picked":"Leap","floor":1},{"not_picked":["Hello World","FTL"],"picked":"Go for the Eyes","floor":3},{"not_picked":["Hologram","Streamline"],"picked":"Conserve Battery","floor":5},{"not_picked":["Fusion","Stack"],"picked":"Sunder","floor":6},{"not_picked":["Melter","Ball Lightning"],"picked":"Conserve Battery","floor":7},{"not_picked":["Chaos","Sunder"],"picked":"Static Discharge","floor":8},{"not_picked":["Hologram","Consume"],"picked":"Seek","floor":10},{"not_picked":["Blizzard","Heatsinks"],"picked":"Auto Shields","floor":11},{"not_picked":["Gash","Skim"],"picked":"Stack","floor":14},{"not_picked":["Thunder Strike","Fission"],"picked":"Electrodynamics","floor":16},{"not_picked":["Glacier","Gash"],"picked":"Self Repair","floor":17},{"not_picked":["Lockon","Blizzard"],"picked":"Turbo","floor":17},{"not_picked":["Gash","Lockon"],"picked":"Turbo","floor":17},{"not_picked":["Hologram","Doom and Gloom"],"picked":"Coolheaded","floor":17},{"not_picked":["Redo","Steam"],"picked":"Skim","floor":17},{"not_picked":["Compile Driver","Hologram"],"picked":"Stack","floor":18},{"not_picked":["Go for the Eyes+1","Hologram"],"picked":"Seek","floor":20},{"not_picked":["Glacier","Heatsinks"],"picked":"Ball Lightning+1","floor":22},{"not_picked":["Ball Lightning+1","Genetic Algorithm"],"picked":"Streamline+1","floor":24},{"not_picked":["Compile Driver+1","Coolheaded"],"picked":"Reinforced Body","floor":25},{"not_picked":["Beam Cell+1","Genetic Algorithm"],"picked":"Rebound+1","floor":28},{"not_picked":["Undo","Stack+1"],"picked":"Creative AI","floor":29},{"not_picked":["Gash+1","Compile Driver+1"],"picked":"Rebound+1","floor":30},{"not_picked":["Turbo","Ball Lightning+1"],"picked":"Sweeping Beam+1","floor":31},{"not_picked":["Multi-Cast","Buffer"],"picked":"Echo Form","floor":33},{"not_picked":["Reinforced Body","Lockon+1"],"picked":"Coolheaded","floor":35},{"not_picked":["Rebound+1","Tempest+1"],"picked":"Reprogram","floor":37},{"not_picked":["Streamline+1","Rebound+1"],"picked":"Capacitor","floor":38},{"not_picked":["Coolheaded","Rip and Tear+1"],"picked":"Static Discharge+1","floor":41},{"not_picked":["Go for the Eyes+1","Barrage+1"],"picked":"Conserve Battery+1","floor":44},{"not_picked":["Doom and Gloom+1","Go for the Eyes+1","Beam Cell+1"],"picked":"SKIP","floor":47},{"not_picked":["Sweeping Beam+1","Ball Lightning+1"],"picked":"Conserve Battery","floor":48},{"not_picked":["Gash+1","Redo"],"picked":"BootSequence+1","floor":49}],"player_experience":42690,"relics_obtained":[{"floor":6,"key":"Juzu Bracelet"},{"floor":7,"key":"Blood Vial"},{"floor":9,"key":"Anchor"},{"floor":11,"key":"Boot"},{"floor":12,"key":"Dream Catcher"},{"floor":14,"key":"Odd Mushroom"},{"floor":24,"key":"Bag of Marbles"},{"floor":26,"key":"Centennial Puzzle"},{"floor":29,"key":"Vajra"},{"floor":37,"key":"Ginger"},{"floor":41,"key":"Whetstone"},{"floor":43,"key":"Bottled Tornado"},{"floor":44,"key":"Smiling Mask"},{"floor":47,"key":"Sundial"}],"event_choices":[{"damage_healed":0,"gold_gain":0,"player_choice":"Entered Light","damage_taken":16,"max_hp_gain":0,"max_hp_loss":0,"event_name":"Shining Light","floor":2,"gold_loss":0,"cards_upgraded":["Zap","Defend_B"]},{"cards_removed":["Strike_B"],"damage_healed":0,"gold_gain":0,"player_choice":"Offered Basic","damage_taken":0,"max_hp_gain":0,"max_hp_loss":0,"event_name":"Bonfire Elementals","floor":4,"gold_loss":0},{"damage_healed":0,"gold_gain":0,"player_choice":"Searched \u00272\u0027 times","damage_taken":0,"max_hp_gain":0,"max_hp_loss":0,"event_name":"Dead Adventurer","floor":7,"gold_loss":0},{"damage_healed":0,"gold_gain":0,"player_choice":"Fought Mushrooms","damage_taken":0,"max_hp_gain":0,"max_hp_loss":0,"event_name":"Mushrooms","floor":14,"gold_loss":0},{"damage_healed":0,"gold_gain":0,"player_choice":"Ignored","damage_taken":0,"max_hp_gain":0,"max_hp_loss":0,"event_name":"Tomb of Lord Red Mask","floor":36,"gold_loss":0},{"damage_healed":0,"gold_gain":0,"player_choice":"Fight","damage_taken":0,"max_hp_gain":0,"max_hp_loss":0,"event_name":"MindBloom","floor":37,"gold_loss":0},{"cards_removed":["Rebound"],"damage_healed":0,"gold_gain":0,"player_choice":"Removed Attack","damage_taken":0,"max_hp_gain":0,"max_hp_loss":0,"event_name":"Falling","floor":45,"gold_loss":0}],"is_beta":false,"boss_relics":[{"not_picked":["White Beast Statue","Calling Bell"],"picked":"Orrery"},{"not_picked":["Tiny House","Lizard Tail"],"picked":"Astrolabe"}],"items_purged_floors":[19,39],"is_endless":false,"potions_floor_spawned":[3,5,6,8,16,20,28,29,31,33,35,37,47],"ascension_level":0}