{"gold_per_floor":[109,109,126,146,156,156,156,175,175,196,196,214,214,239,239,334,334,319,244,159,208,218,245,257,283,295,327,339,368,396,408,420,532,544,567,590,618,555,655,655,666,666,666,666,680,680,697,697,697,697,697,697,56,88,88],"floor_reached":55,"playtime":3097,"items_purged":["Strike_B","Defend_B"],"score":641,"play_id":"6b3c2515-6d70-4900-be85-cd550282dbbc","local_time":"20190131212354","is_ascension_mode":false,"campfire_choices":[{"data":"Defragment","floor":6.0,"key":"SMITH"},{"data":"Leap","floor":11.0,"key":"SMITH"},{"data":"Loop","floor":13.0,"key":"SMITH"},{"data":"Echo Form","floor":15.0,"key":"SMITH"},{"data":"Conserve Battery","floor":24.0,"key":"SMITH"},{"floor":32.0,"key":"REST"},{"data":"Machine Learning","floor":40.0,"key":"SMITH"},{"data":"Coolheaded","floor":42.0,"key":"SMITH"},{"data":"Streamline","floor":44.0,"key":"SMITH"},{"floor":49.0,"key":"RECALL"},{"data":"Coolheaded","floor":52.0,"key":"SMITH"}],"neow_cost":"NONE","seed_source_timestamp":0,"circlet_count":0,"master_deck":["Strike_B","Strike_B+1","Defend_B","Defend_B","Defend_B","Zap+1","Dualcast","Self Repair","Loop+1","Defragment+1","Conserve Battery+1","Leap+1","Go for the Eyes","Echo Form+1","Seek","Streamline+1","Streamline","Core Surge","Loop","Coolheaded+1","Machine Learning+1","Buffer","Cold Snap","Coolheaded+1","Recycle+1","Madness","Madness","Cold Snap","Electrodynamics","Barrage+1"],"special_seed":0,"relics":["Cracked Core","DataDisk","Mummified Hand","Odd Mushroom","Ancient Tea Set","Inserter","Letter Opener","MawBank","Bottled Flame","White Beast Statue","Emotion Chip","Symbiotic Virus","Strawberry","ClockworkSouvenir","Bronze Scales"],"potions_floor_usage":[55,55],"damage_taken":[{"damage":0.0,"enemies":"2 Louse","floor":1.0,"turns":2.0},{"damage":0.0,"enemies":"Small Slimes","floor":3.0,"turns":2.0},{"damage":6.0,"enemies":"Jaw Worm","floor":4.0,"turns":3.0},{"damage":7.0,"enemies":"Blue Slaver","floor":5.0,"turns":3.0},{"damage":0.0,"enemies":"2 Fungi Beasts","floor":8.0,"turns":3.0},{"damage":8.0,"enemies":"The Mushroom Lair","floor":10.0,"turns":3.0},{"damage":4.0,"enemies":"Large Slime","floor":12.0,"turns":4.0},{"damage":5.0,"enemies":"Gremlin Nob","floor":14.0,"turns":3.0},{"damage":23.0,"enemies":"Hexaghost","floor":16.0,"turns":9.0},{"damage":15.0,"enemies":"2 Thieves","floor":18.0,"turns":4.0},{"damage":12.0,"enemies":"Shell Parasite","floor":22.0,"turns":5.0},{"damage":26.0,"enemies":"Gremlin Leader","floor":23.0,"turns":6.0},{"damage":22.0,"enemies":"Centurion and Healer","floor":25.0,"turns":5.0},{"damage":0.0,"enemies":"Snecko","floor":27.0,"turns":5.0},{"damage":12.0,"enemies":"Cultist and Chosen","floor":29.0,"turns":5.0},{"damage":2.0,"enemies":"Centurion and Healer","floor":30.0,"turns":6.0},{"damage":17.0,"enemies":"Colosseum Slavers","floor":31.0,"turns":5.0},{"damage":29.0,"enemies":"Automaton","floor":33.0,"turns":10.0},{"damage":7.0,"enemies":"Orb Walker","floor":35.0,"turns":4.0},{"damage":38.0,"enemies":"3 Darklings","floor":36.0,"turns":6.0},{"damage":0.0,"enemies":"Maw","floor":37.0,"turns":8.0},{"damage":0.0,"enemies":"Mind Bloom Boss Battle","floor":39.0,"turns":9.0},{"damage":11.0,"enemies":"Spire Growth","floor":41.0,"turns":6.0},{"damage":18.0,"enemies":"3 Darklings","floor":45.0,"turns":5.0},{"damage":13.0,"enemies":"Jaw Worm Horde","floor":47.0,"turns":9.0},{"damage":29.0,"enemies":"Time Eater","floor":50.0,"turns":14.0},{"damage":60.0,"enemies":"Shield and Spear","floor":54.0,"turns":8.0},{"damage":37,"enemies":"The Heart","floor":55,"turns":12}],"seed_played":"4223368144761456153","potions_obtained":[{"floor":1.0,"key":"Dexterity Potion"},{"floor":3.0,"key":"FocusPotion"},{"floor":8.0,"key":"SkillPotion"},{"floor":16.0,"key":"Explosive Potion"},{"floor":27.0,"key":"GamblersBrew"},{"floor":29.0,"key":"Energy Potion"},{"floor":35.0,"key":"Dexterity Potion"},{"floor":54.0,"key":"SteroidPotion"}],"is_trial":false,"path_per_floor":["M","$","M","M","M","R","?","M","T","?","R","M","R","E","R","B",null,"M","?","?","T","M","E","R","M","T","M","?","M","M","?","R","B",null,"M","M","M","$","?","R","M","R","T","R","M","?","M","?","R","B",null,"R","$","E","B"],"character_chosen":"DEFECT","items_purchased":["Strawberry","ClockworkSouvenir","Cold Snap","Electrodynamics"],"campfire_rested":1,"item_purchase_floors":[53,53,53,53],"current_hp_per_floor":[75,75,75,75,75,75,60,67,67,66,66,69,69,71,71,55,75,67,67,67,67,55,43,43,35,35,49,49,44,42,32,54,32,75,75,51,65,65,75,75,75,75,75,75,57,57,58,49,49,27,75,75,82,36,0],"gold":88,"neow_bonus":"RANDOM_COMMON_RELIC","is_prod":false,"is_daily":false,"chose_seed":false,"campfire_upgraded":9,"win_rate":0,"timestamp":1548941034,"path_taken":["M","$","M","M","M","R","?","M","T","?","R","M","R","E","R","BOSS","M","?","?","?","M","E","R","M","T","M","?","M","M","?","R","BOSS","M","M","M","$","?","R","M","R","T","R","M","?","M","?","R","BOSS","R","$","E","BOSS"],"build_version":"2019-01-23","purchased_purges":2,"victory":false,"max_hp_per_floor":[75,75,75,75,75,75,75,75,75,75,75,75,75,75,75,75,75,75,75,75,75,75,75,75,75,75,75,75,75,75,75,75,75,75,75,75,75,75,75,75,75,75,75,75,75,75,75,75,75,75,75,75,82,82,82],"card_choices":[{"not_picked":["Turbo","Genetic Algorithm"],"picked":"Self Repair","floor":1.0},{"not_picked":["Storm","Self Repair","Fusion"],"picked":"SKIP","floor":3.0},{"not_picked":["Undo","Beam Cell"],"picked":"Loop","floor":4.0},{"not_picked":["Force Field","Hologram"],"picked":"Defragment","floor":5.0},{"not_picked":["Stack","Steam"],"picked":"Conserve Battery","floor":8.0},{"not_picked":["Gash","Recycle"],"picked":"Leap","floor":10.0},{"not_picked":["Leap","Aggregate"],"picked":"Go for the Eyes","floor":12.0},{"not_picked":["Beam Cell","Stack"],"picked":"Echo Form","floor":14.0},{"not_picked":["Meteor Strike","Buffer"],"picked":"Seek","floor":16.0},{"not_picked":["Storm","Redo+1"],"picked":"Streamline","floor":18.0},{"not_picked":["Capacitor","Go for the Eyes"],"picked":"Streamline","floor":22.0},{"not_picked":["Hologram","Stack"],"picked":"Core Surge","floor":23.0},{"not_picked":["Redo","Beam Cell"],"picked":"Loop","floor":25.0},{"not_picked":["Steam","Sweeping Beam","Genetic Algorithm"],"picked":"SKIP","floor":27.0},{"not_picked":["Go for the Eyes","Double Energy"],"picked":"Machine Learning","floor":29.0},{"not_picked":["Sweeping Beam+1","Sunder","Reprogram"],"picked":"SKIP","floor":30.0},{"not_picked":["Thunder Strike","Echo Form"],"picked":"Buffer","floor":33.0},{"not_picked":["Redo+1","Sunder+1"],"picked":"Cold Snap","floor":35.0},{"not_picked":["Stack","Melter+1","Steam+1"],"picked":"SKIP","floor":36.0},{"not_picked":["Rebound+1","Darkness","Go for the Eyes"],"picked":"SKIP","floor":37.0},{"not_picked":["Leap","Redo+1","Steam+1"],"picked":"SKIP","floor":41.0},{"not_picked":["Redo+1","Sweeping Beam"],"picked":"Coolheaded","floor":45.0},{"not_picked":["Reprogram","Defragment+1"],"picked":"Recycle+1","floor":47.0},{"not_picked":["Fission","Auto Shields"],"picked":"Barrage+1","floor":54.0}],"player_experience":618317,"relics_obtained":[{"floor":9.0,"key":"Mummified Hand"},{"floor":10.0,"key":"Odd Mushroom"},{"floor":14.0,"key":"Ancient Tea Set"},{"floor":23.0,"key":"MawBank"},{"floor":26.0,"key":"Bottled Flame"},{"floor":39.0,"key":"Emotion Chip"},{"floor":43.0,"key":"Symbiotic Virus"},{"floor":54.0,"key":"Bronze Scales"}],"event_choices":[{"damage_healed":0.0,"max_hp_gain":0.0,"max_hp_loss":0.0,"gold_gain":0.0,"event_name":"Shining Light","player_choice":"Entered Light","floor":7.0,"gold_loss":0.0,"damage_taken":15.0,"cards_upgraded":["Strike_B","Zap"]},{"damage_healed":0.0,"max_hp_gain":0.0,"max_hp_loss":0.0,"gold_gain":0.0,"event_name":"Mushrooms","player_choice":"Fought Mushrooms","floor":10.0,"gold_loss":0.0,"damage_taken":0.0},{"cards_removed":["Strike_B"],"damage_healed":0.0,"max_hp_gain":0.0,"max_hp_loss":0.0,"gold_gain":0.0,"event_name":"Beggar","player_choice":"Gave Gold","floor":19.0,"gold_loss":75.0,"damage_taken":0.0},{"damage_healed":0.0,"max_hp_gain":0.0,"max_hp_loss":0.0,"gold_gain":0.0,"event_name":"Addict","player_choice":"Obtained Relic","floor":20.0,"gold_loss":85.0,"damage_taken":0.0,"relics_obtained":["Letter Opener"]},{"damage_healed":0.0,"max_hp_gain":0.0,"max_hp_loss":0.0,"gold_gain":0.0,"event_name":"The Library","player_choice":"Read","floor":28.0,"gold_loss":0.0,"damage_taken":0.0,"cards_obtained":["Coolheaded"]},{"damage_healed":0.0,"max_hp_gain":0.0,"max_hp_loss":0.0,"gold_gain":0.0,"event_name":"Colosseum","player_choice":"Fight","floor":31.0,"gold_loss":0.0,"damage_taken":0.0},{"damage_healed":0.0,"max_hp_gain":0.0,"max_hp_loss":0.0,"gold_gain":0.0,"event_name":"Colosseum","player_choice":"Fled From Nobs","floor":31.0,"gold_loss":0.0,"damage_taken":0.0},{"damage_healed":0.0,"max_hp_gain":0.0,"max_hp_loss":0.0,"gold_gain":0.0,"event_name":"MindBloom","player_choice":"Fight","floor":39.0,"gold_loss":0.0,"damage_taken":0.0},{"damage_healed":0.0,"max_hp_gain":0.0,"max_hp_loss":0.0,"gold_gain":0.0,"event_name":"SensoryStone","player_choice":"Memory 1","floor":46.0,"gold_loss":0.0,"damage_taken":0.0},{"damage_healed":0.0,"max_hp_gain":0.0,"max_hp_loss":0.0,"gold_gain":0.0,"event_name":"Winding Halls","player_choice":"Embrace Madness","floor":48.0,"gold_loss":0.0,"damage_taken":9.0,"cards_obtained":["Madness","Madness"]}],"is_beta":false,"boss_relics":[{"not_picked":["Tiny House","Empty Cage"],"picked":"Inserter"},{"not_picked":["Orrery","Eternal Feather"],"picked":"White Beast Statue"}],"items_purged_floors":[38,53],"is_endless":false,"potions_floor_spawned":[1,3,8,12,16,27,29,31,35,36,37,39,41,45,47,54],"killed_by":"The Heart","ascension_level":0}