{"gold_per_floor":[116,116,116,96,112,145,42,42,68,68,97,97,114,14,14,88,88,100,100,155,168,181,181,197,212,239,239,239,16,39,51,51,127,127,144,154,173,224,224],"floor_reached":39,"playtime":1425,"items_purged":["Bash","Strike_R"],"score":766,"play_id":"3228d9dc-5e91-42fa-9843-5c58296d4dc1","local_time":"20190101043918","is_ascension_mode":true,"campfire_choices":[{"data":"Armaments","floor":8,"key":"SMITH"},{"data":"Whirlwind","floor":10,"key":"SMITH"},{"data":"Inflame","floor":15,"key":"SMITH"},{"data":"Limit Break","floor":23,"key":"SMITH"},{"floor":27,"key":"REST"},{"floor":32,"key":"REST"}],"neow_cost":"NONE","seed_source_timestamp":2090808028790205,"circlet_count":0,"master_deck":["AscendersBane","Strike_R","Strike_R","Defend_R","Defend_R","Defend_R","Defend_R","Uppercut+1","Inflame+1","Whirlwind+1","Armaments+1","Ghostly Armor","Double Tap","RitualDagger","Limit Break+1","Twin Strike","Limit Break","Sword Boomerang","Flame Barrier","Normality"],"relics":["Burning Blood","NeowsBlessing","Red Skull","Oddly Smooth Stone","Shuriken","Runic Pyramid","Lantern","Happy Flower","Brimstone","Cursed Key","Art of War"],"potions_floor_usage":[35,39],"damage_taken":[{"damage":0,"enemies":"Jaw Worm","floor":1,"turns":1},{"damage":0,"enemies":"2 Louse","floor":5,"turns":1},{"damage":0,"enemies":"Gremlin Nob","floor":6,"turns":1},{"damage":15,"enemies":"3 Sentries","floor":11,"turns":4},{"damage":0,"enemies":"Cultist","floor":13,"turns":2},{"damage":33,"enemies":"The Guardian","floor":16,"turns":15},{"damage":17,"enemies":"Chosen","floor":18,"turns":5},{"damage":17,"enemies":"Shell Parasite","floor":21,"turns":9},{"damage":25,"enemies":"Shelled Parasite and Fungi","floor":22,"turns":6},{"damage":1,"enemies":"Snake Plant","floor":24,"turns":3},{"damage":10,"enemies":"Sentry and Sphere","floor":25,"turns":5},{"damage":23,"enemies":"Colosseum Slavers","floor":28,"turns":3},{"damage":0,"enemies":"Snecko","floor":31,"turns":2},{"damage":52,"enemies":"Automaton","floor":33,"turns":5},{"damage":29,"enemies":"3 Shapes","floor":35,"turns":3},{"damage":0,"enemies":"3 Darklings","floor":36,"turns":2},{"damage":30,"enemies":"Spire Growth","floor":37,"turns":3},{"damage":30,"enemies":"Jaw Worm Horde","floor":39,"turns":1}],"seed_played":"-221935888735536432","potions_obtained":[{"floor":4,"key":"FearPotion"},{"floor":6,"key":"SpeedPotion"},{"floor":21,"key":"Swift Potion"}],"is_trial":false,"path_per_floor":["M","?","?","?","M","E","$","R","T","R","E","?","M","$","R","B",null,"M","?","T","M","M","R","M","M","T","R","?","$","T","M","R","B",null,"M","M","M","T","M"],"character_chosen":"IRONCLAD","items_purchased":["Armaments","Brimstone"],"campfire_rested":2,"item_purchase_floors":[7,29],"current_hp_per_floor":[74,74,67,67,73,75,75,75,75,75,66,66,72,72,72,45,68,57,51,51,40,21,21,26,22,22,44,27,27,27,33,55,9,59,36,42,18,18,0],"gold":224,"neow_bonus":"THREE_ENEMY_KILL","is_prod":false,"is_daily":false,"chose_seed":false,"campfire_upgraded":4,"win_rate":0,"timestamp":1546313958,"path_taken":["M","?","?","?","?","E","?","R","T","R","E","?","M","$","R","BOSS","M","?","?","M","M","R","M","M","T","R","?","$","?","M","R","BOSS","M","M","M","?","M"],"build_version":"2018-12-20","purchased_purges":2,"victory":false,"max_hp_per_floor":[75,75,75,75,75,75,75,75,75,75,75,75,75,75,75,75,75,75,75,75,75,75,75,75,75,75,75,75,75,75,75,75,75,75,75,75,75,75,75],"card_choices":[{"not_picked":["Pommel Strike","Twin Strike"],"picked":"Uppercut","floor":1},{"not_picked":["Twin Strike","Flame Barrier"],"picked":"Inflame","floor":5},{"not_picked":["Iron Wave","Uppercut"],"picked":"Whirlwind","floor":6},{"not_picked":["Second Wind","Warcry","Exhume"],"picked":"SKIP","floor":11},{"not_picked":["Blood for Blood","Headbutt"],"picked":"Ghostly Armor","floor":13},{"not_picked":["Juggernaut","Reaper"],"picked":"Double Tap","floor":16},{"not_picked":["Pommel Strike","Clash","Uppercut"],"picked":"SKIP","floor":18},{"not_picked":["Pommel Strike","Body Slam","Clothesline"],"picked":"SKIP","floor":21},{"not_picked":["Cleave","Shrug It Off"],"picked":"Limit Break","floor":22},{"not_picked":["Wild Strike","Armaments","Warcry"],"picked":"SKIP","floor":24},{"not_picked":["Havoc","Anger","Wild Strike"],"picked":"SKIP","floor":25},{"not_picked":["Intimidate+1","Burning Pact"],"picked":"Twin Strike","floor":31},{"not_picked":["Brutality","Offering"],"picked":"Limit Break","floor":33},{"not_picked":["Armaments","Cleave+1"],"picked":"Sword Boomerang","floor":35},{"not_picked":["Rupture","Sword Boomerang+1","Anger"],"picked":"SKIP","floor":36},{"not_picked":["Warcry","Clash"],"picked":"Flame Barrier","floor":37}],"player_experience":646055,"relics_obtained":[{"floor":6,"key":"Red Skull"},{"floor":9,"key":"Oddly Smooth Stone"},{"floor":11,"key":"Shuriken"},{"floor":20,"key":"Lantern"},{"floor":26,"key":"Happy Flower"},{"floor":38,"key":"Art of War"}],"event_choices":[{"damage_healed":0,"gold_gain":0,"player_choice":"Grow","damage_taken":0,"max_hp_gain":0,"max_hp_loss":0,"event_name":"Living Wall","floor":2,"gold_loss":0,"cards_upgraded":["Uppercut"]},{"cards_removed":["Strike_R"],"damage_healed":0,"gold_gain":0,"player_choice":"Card Removal","damage_taken":7,"max_hp_gain":0,"max_hp_loss":0,"event_name":"Golden Wing","floor":3,"gold_loss":0},{"damage_healed":0,"gold_gain":0,"player_choice":"Bought 1 Potion","damage_taken":0,"max_hp_gain":0,"max_hp_loss":0,"event_name":"The Woman in Blue","floor":4,"gold_loss":0},{"cards_removed":["Strike_R"],"damage_healed":0,"gold_gain":0,"player_choice":"Offered Basic","damage_taken":0,"max_hp_gain":0,"max_hp_loss":0,"event_name":"Bonfire Elementals","floor":12,"gold_loss":0},{"damage_healed":0,"gold_gain":0,"player_choice":"Joined the Cult","damage_taken":6,"max_hp_gain":0,"max_hp_loss":0,"event_name":"Nest","floor":19,"gold_loss":0,"cards_obtained":["RitualDagger"]},{"damage_healed":0,"gold_gain":0,"player_choice":"Fight","damage_taken":0,"max_hp_gain":0,"max_hp_loss":0,"event_name":"Colosseum","floor":28,"gold_loss":0},{"damage_healed":0,"gold_gain":0,"player_choice":"Fled From Nobs","damage_taken":0,"max_hp_gain":0,"max_hp_loss":0,"event_name":"Colosseum","floor":28,"gold_loss":0}],"is_beta":false,"boss_relics":[{"not_picked":["Ectoplasm","Runic Dome"],"picked":"Runic Pyramid"},{"not_picked":["Lizard Tail","Black Star"],"picked":"Cursed Key"}],"items_purged_floors":[7,14],"is_endless":false,"potions_floor_spawned":[6,11,21,22,25],"killed_by":"Jaw Worm Horde","ascension_level":17}