{"gold_per_floor":[113,63,238,137,147,173,173,185,230,230,250,260,273,178,178,283,283,295,5,5,22,41,41],"floor_reached":23,"playtime":1356,"items_purged":["Doubt","Defend_B","Regret"],"score":212,"play_id":"a1042737-2b71-4dd9-8922-985a02f0b4b9","local_time":"20181229123915","is_ascension_mode":true,"campfire_choices":[{"data":"Beam Cell","floor":7,"key":"SMITH"},{"data":"Conserve Battery","floor":10,"key":"SMITH"},{"floor":15,"key":"REST"}],"neow_cost":"TEN_PERCENT_HP_LOSS","seed_source_timestamp":654806590984781,"circlet_count":0,"master_deck":["Strike_B","Strike_B","Strike_B","Defend_B","Defend_B","Defend_B","Ball Lightning","Rebound","Beam Cell+1","Conserve Battery+1","Coolheaded","Leap","Gash","Gash","Gash","Beam Cell","Conserve Battery"],"relics":["Cracked Core","Art of War","Smiling Mask","Calling Bell","Bronze Scales","Gremlin Horn","Prayer Wheel","Matryoshka"],"potions_floor_usage":[22],"damage_taken":[{"damage":0,"enemies":"Small Slimes","floor":1,"turns":4},{"damage":2,"enemies":"Jaw Worm","floor":5,"turns":3},{"damage":21,"enemies":"Lagavulin","floor":6,"turns":6},{"damage":0,"enemies":"Cultist","floor":8,"turns":2},{"damage":6,"enemies":"Lots of Slimes","floor":11,"turns":4},{"damage":3,"enemies":"3 Louse","floor":12,"turns":3},{"damage":19,"enemies":"Gremlin Gang","floor":13,"turns":4},{"damage":16,"enemies":"The Guardian","floor":16,"turns":11},{"damage":28,"enemies":"Spheric Guardian","floor":18,"turns":4},{"damage":4,"enemies":"Shell Parasite","floor":21,"turns":5},{"damage":9,"enemies":"Centurion and Healer","floor":22,"turns":7},{"damage":27,"enemies":"Book of Stabbing","floor":23,"turns":4}],"seed_played":"1403981790141721241","potions_obtained":[{"floor":11,"key":"Weak Potion"},{"floor":12,"key":"Energy Potion"},{"floor":16,"key":"GamblersBrew"},{"floor":22,"key":"Ancient Potion"}],"is_trial":false,"path_per_floor":["M","?","?","$","M","E","R","M","T","R","M","M","M","$","R","B",null,"M","$","?","M","M","E"],"character_chosen":"DEFECT","items_purchased":["Rebound","Gash","Matryoshka"],"campfire_rested":1,"item_purchase_floors":[4,14,19],"current_hp_per_floor":[68,68,68,68,66,45,45,45,45,45,39,36,17,17,37,21,68,40,40,40,36,27,0],"gold":41,"neow_bonus":"REMOVE_TWO","is_prod":false,"is_daily":false,"chose_seed":false,"campfire_upgraded":2,"win_rate":0,"timestamp":1546099755,"path_taken":["M","?","?","?","M","E","R","M","T","R","M","M","?","?","R","BOSS","M","$","?","M","M","E"],"build_version":"2018-12-20","purchased_purges":3,"victory":false,"max_hp_per_floor":[68,68,68,68,68,68,68,68,68,68,68,68,68,68,68,68,68,68,68,68,68,68,68],"card_choices":[{"not_picked":["Leap","Go for the Eyes"],"picked":"Ball Lightning","floor":1},{"not_picked":["Stack","Rip and Tear","Redo"],"picked":"SKIP","floor":5},{"not_picked":["White Noise","Ball Lightning"],"picked":"Beam Cell","floor":6},{"not_picked":["Gash","Fusion"],"picked":"Conserve Battery","floor":8},{"not_picked":["Static Discharge","Hologram","Steam"],"picked":"SKIP","floor":11},{"not_picked":["Beam Cell","Steam"],"picked":"Coolheaded","floor":12},{"not_picked":["Glacier","Electrodynamics"],"picked":"Leap","floor":13},{"not_picked":["Go for the Eyes","Streamline"],"picked":"Gash","floor":18},{"not_picked":["Self Repair","Compile Driver+1"],"picked":"Gash","floor":18},{"not_picked":["Stack+1","Reinforced Body"],"picked":"Beam Cell","floor":21},{"not_picked":["Fusion","Recycle"],"picked":"Conserve Battery","floor":21},{"not_picked":["Buffer","Static Discharge+1","Rebound"],"picked":"SKIP","floor":22},{"not_picked":["Defragment","Sweeping Beam","Streamline"],"picked":"SKIP","floor":22}],"player_experience":93908,"relics_obtained":[{"floor":6,"key":"Art of War"},{"floor":9,"key":"Smiling Mask"},{"floor":17,"key":"Bronze Scales"},{"floor":17,"key":"Gremlin Horn"},{"floor":17,"key":"Prayer Wheel"}],"event_choices":[{"cards_removed":["Strike_B"],"damage_healed":0,"gold_gain":0,"player_choice":"Card Removal","damage_taken":0,"max_hp_gain":0,"max_hp_loss":0,"event_name":"The Cleric","floor":2,"gold_loss":50},{"damage_healed":0,"gold_gain":175,"player_choice":"AGREE","damage_taken":0,"max_hp_gain":0,"max_hp_loss":0,"event_name":"Liars Game","floor":3,"gold_loss":0,"cards_obtained":["Doubt"]},{"cards_removed":["Doubt","Injury"],"damage_healed":0,"gold_gain":0,"player_choice":"Removed Curses","damage_taken":0,"max_hp_gain":0,"max_hp_loss":0,"event_name":"Fountain of Cleansing","floor":20,"gold_loss":0}],"is_beta":false,"boss_relics":[{"not_picked":["Philosopher\u0027s Stone","Inserter"],"picked":"Calling Bell"}],"items_purged_floors":[4,14,19],"is_endless":false,"potions_floor_spawned":[11,12,16,22],"killed_by":"Book of Stabbing","ascension_level":2}