{"gold_per_floor":[210,224,244,244,19,63,83,83,83,63,88,127,127,163,163,261,261,276,289,0,0,14,14,27,96,96,96,140,64,64,85,85,176,176,201,326,326,19,39,39,82,82],"floor_reached":42,"playtime":2833,"items_purged":["Defend_B","Strike_B"],"score":906,"play_id":"44f0a779-2b4b-437f-87e0-e046093c4c16","local_time":"20190202230742","is_ascension_mode":true,"campfire_choices":[{"data":"Defragment","floor":8,"key":"SMITH"},{"floor":13,"key":"REST"},{"data":"Zap","floor":15,"key":"SMITH"},{"data":"Defragment","floor":23,"key":"SMITH"},{"data":"Loop","floor":27,"key":"SMITH"},{"data":"Loop","floor":30,"key":"SMITH"},{"data":"Redo","floor":32,"key":"SMITH"},{"data":"Creative AI","floor":40,"key":"SMITH"}],"neow_cost":"NONE","seed_source_timestamp":862557369385600,"circlet_count":0,"master_deck":["AscendersBane","Strike_B","Strike_B","Defend_B","Defend_B","Defend_B","Zap+1","Dualcast","Coolheaded","Loop+1","Steam","Defragment+1","Ball Lightning","Doom and Gloom","Conserve Battery","Leap","Seek","Loop+1","Cold Snap+1","Stack","Defragment+1","Redo+1","Static Discharge","Steam+1","Ball Lightning","Self Repair","Creative AI+1","Defragment+1","Stack"],"relics":["Cracked Core","Golden Idol","Gremlin Horn","Mummified Hand","Matryoshka","Mercury Hourglass","Eternal Feather","Blood Vial","Tiny Chest","Anchor","Vajra","Oddly Smooth Stone","Nuclear Battery","Incense Burner","Thread and Needle","Potion Belt"],"potions_floor_usage":[6,7,11,16,19,22,28,33,35,41],"damage_taken":[{"damage":1,"enemies":"Cultist","floor":1,"turns":3},{"damage":0,"enemies":"Small Slimes","floor":2,"turns":3},{"damage":0,"enemies":"Jaw Worm","floor":3,"turns":4},{"damage":20,"enemies":"Lagavulin","floor":6,"turns":6},{"damage":10,"enemies":"Looter","floor":7,"turns":4},{"damage":7,"enemies":"Red Slaver","floor":11,"turns":2},{"damage":13,"enemies":"3 Sentries","floor":12,"turns":4},{"damage":13,"enemies":"Gremlin Nob","floor":14,"turns":4},{"damage":3,"enemies":"Hexaghost","floor":16,"turns":6},{"damage":0,"enemies":"Spheric Guardian","floor":18,"turns":3},{"damage":27,"enemies":"2 Thieves","floor":19,"turns":4},{"damage":22,"enemies":"Centurion and Healer","floor":22,"turns":4},{"damage":25,"enemies":"Snake Plant","floor":24,"turns":5},{"damage":0,"enemies":"Gremlin Leader","floor":25,"turns":5},{"damage":10,"enemies":"Slavers","floor":28,"turns":4},{"damage":0,"enemies":"Snecko","floor":31,"turns":5},{"damage":48,"enemies":"Collector","floor":33,"turns":7},{"damage":1,"enemies":"3 Shapes","floor":35,"turns":4},{"damage":23,"enemies":"Mind Bloom Boss Battle","floor":36,"turns":6},{"damage":0,"enemies":"3 Darklings","floor":39,"turns":5},{"damage":29,"enemies":"Nemesis","floor":41,"turns":7},{"damage":92,"enemies":"Writhing Mass","floor":42,"turns":3}],"seed_played":"-4361442436845781230","potions_obtained":[{"floor":6,"key":"SkillPotion"},{"floor":7,"key":"SkillPotion"},{"floor":10,"key":"Swift Potion"},{"floor":14,"key":"Block Potion"},{"floor":19,"key":"PowerPotion"},{"floor":25,"key":"Poison Potion"},{"floor":28,"key":"FocusPotion"},{"floor":33,"key":"Weak Potion"},{"floor":39,"key":"GamblersBrew"},{"floor":41,"key":"Dexterity Potion"}],"is_trial":false,"path_per_floor":["M","M","M","?","$","E","M","R","T","?","M","E","R","E","R","B",null,"M","M","$","?","M","R","M","E","T","R","E","$","R","M","R","B",null,"M","?","?","$","M","R","E","M"],"character_chosen":"DEFECT","items_purchased":["Defragment","Ball Lightning","Block Potion","Defragment","Blood Vial","Self Repair","Thread and Needle"],"campfire_rested":1,"item_purchase_floors":[5,5,5,20,20,29,38],"current_hp_per_floor":[67,67,67,67,67,47,37,37,37,37,30,17,37,24,24,21,57,57,30,30,79,57,69,46,48,48,63,55,55,70,72,79,38,69,70,56,56,56,65,79,57,0],"gold":82,"neow_bonus":"HUNDRED_GOLD","is_prod":false,"is_daily":false,"chose_seed":false,"campfire_upgraded":7,"win_rate":0,"timestamp":1549148862,"path_taken":["M","M","M","?","$","E","M","R","T","?","M","E","R","E","R","BOSS","M","M","$","?","M","R","?","E","T","R","E","$","R","M","R","BOSS","M","?","?","$","?","R","E","M"],"build_version":"2019-01-23","purchased_purges":2,"victory":false,"max_hp_per_floor":[75,75,75,69,69,69,69,69,69,69,69,69,69,69,69,69,69,69,69,69,79,79,79,79,79,79,79,79,79,79,79,79,79,79,79,79,79,79,79,79,79,79],"card_choices":[{"not_picked":["Barrage","Sweeping Beam"],"picked":"Coolheaded","floor":1},{"not_picked":["Tempest","Coolheaded"],"picked":"Loop","floor":2},{"not_picked":["Coolheaded","Hologram"],"picked":"Steam","floor":3},{"not_picked":["Stack","Heatsinks"],"picked":"Doom and Gloom","floor":6},{"not_picked":["Heatsinks","Leap"],"picked":"Conserve Battery","floor":7},{"not_picked":["Steam","Beam Cell"],"picked":"Leap","floor":11},{"not_picked":["Go for the Eyes","Conserve Battery"],"picked":"Seek","floor":12},{"not_picked":["Coolheaded","Steam"],"picked":"Loop","floor":14},{"not_picked":["Biased Cognition","Amplify"],"picked":"Rainbow","floor":16},{"not_picked":["Redo","Sweeping Beam"],"picked":"Cold Snap+1","floor":18},{"not_picked":["Double Energy","Chaos"],"picked":"Stack","floor":19},{"not_picked":["Steam","Auto Shields"],"picked":"Redo","floor":22},{"not_picked":["Beam Cell","Cold Snap"],"picked":"Static Discharge","floor":24},{"not_picked":["Rip and Tear","Sweeping Beam"],"picked":"Steam+1","floor":25},{"not_picked":["Stack","Sweeping Beam"],"picked":"Ball Lightning","floor":28},{"not_picked":["Doom and Gloom","Reinforced Body","Rainbow"],"picked":"SKIP","floor":31},{"not_picked":["Fission","Biased Cognition"],"picked":"Creative AI","floor":33},{"not_picked":["Double Energy","Tempest+1"],"picked":"Defragment+1","floor":35},{"not_picked":["Rebound","Redo","Chill"],"picked":"SKIP","floor":39},{"not_picked":["Ball Lightning+1","Gash"],"picked":"Stack","floor":41}],"player_experience":243878,"relics_obtained":[{"floor":6,"key":"Gremlin Horn"},{"floor":9,"key":"Mummified Hand"},{"floor":12,"key":"Matryoshka"},{"floor":14,"key":"Mercury Hourglass"},{"floor":25,"key":"Tiny Chest"},{"floor":26,"key":"Anchor"},{"floor":26,"key":"Vajra"},{"floor":28,"key":"Oddly Smooth Stone"},{"floor":36,"key":"Incense Burner"},{"floor":41,"key":"Potion Belt"}],"event_choices":[{"damage_healed":0,"gold_gain":0,"player_choice":"Lose Max HP","damage_taken":0,"relics_obtained":["Golden Idol"],"max_hp_gain":0,"max_hp_loss":6,"event_name":"Golden Idol","floor":4,"gold_loss":0},{"damage_healed":0,"gold_gain":0,"player_choice":"Bought 1 Potion","damage_taken":0,"max_hp_gain":0,"max_hp_loss":0,"event_name":"The Woman in Blue","floor":10,"gold_loss":0},{"cards_removed":["Rainbow"],"damage_healed":39,"gold_gain":0,"player_choice":"Offered Rare","damage_taken":0,"max_hp_gain":10,"max_hp_loss":0,"event_name":"Bonfire Elementals","floor":21,"gold_loss":0},{"damage_healed":0,"gold_gain":0,"player_choice":"Fight","damage_taken":0,"max_hp_gain":0,"max_hp_loss":0,"event_name":"MindBloom","floor":36,"gold_loss":0},{"cards_removed":["Strike_B"],"damage_healed":0,"gold_gain":0,"player_choice":"Purged","damage_taken":0,"max_hp_gain":0,"max_hp_loss":0,"event_name":"Purifier","floor":37,"gold_loss":0}],"is_beta":false,"boss_relics":[{"not_picked":["Runic Dome","Velvet Choker"],"picked":"Eternal Feather"},{"not_picked":["Fusion Hammer","Orrery"],"picked":"Nuclear Battery"}],"items_purged_floors":[5,20],"is_endless":false,"potions_floor_spawned":[6,7,14,19,25,28,33,39,41],"killed_by":"Writhing Mass","ascension_level":13}