{"gold_per_floor":[114,132,132,147,72,104,116,147,184,196,234,258,345,374,386,494,506,529,441,459,334,334,334,344,354,354,370,370,370,396,407,407,511,511,529,540,390,390,402,421,421,100,154,154,254,254,254,267,267,267],"floor_reached":51,"playtime":1963,"items_purged":["Defend_R","Strike_R","Strike_R","Defend_R","Strike_R"],"score":809,"play_id":"dfcda8d3-eba8-4d9e-a9fb-60d7265fc7a2","local_time":"20190201172153","is_ascension_mode":false,"campfire_choices":[{"data":"Searing Blow","floor":7.0,"key":"SMITH"},{"floor":10.0,"key":"REST"},{"floor":15,"key":"REST"},{"data":"Searing Blow+1","floor":23,"key":"SMITH"},{"data":"Searing Blow+2","floor":32,"key":"SMITH"},{"data":"Searing Blow+3","floor":41,"key":"SMITH"},{"data":"Searing Blow+4","floor":44,"key":"SMITH"},{"data":"Searing Blow+5","floor":49,"key":"SMITH"}],"neow_cost":"NONE","seed_source_timestamp":0,"circlet_count":0,"master_deck":["Strike_R+1","Defend_R","Defend_R","Bash+1","Searing Blow+6","Shrug It Off","Dropkick","Feed"],"special_seed":0,"relics":["Burning Blood","Regal Pillow","MawBank","Lantern","Pen Nib","Coffee Dripper","Paper Frog","Bird Faced Urn","Whetstone","Eternal Feather","Bronze Scales","Strawberry","Pocketwatch","Prayer Wheel"],"potions_floor_usage":[33,33,36,50,50,50],"damage_taken":[{"damage":5.0,"enemies":"Cultist","floor":1.0,"turns":4.0},{"damage":7.0,"enemies":"Small Slimes","floor":2.0,"turns":4.0},{"damage":5.0,"enemies":"Jaw Worm","floor":4.0,"turns":4.0},{"damage":25.0,"enemies":"3 Sentries","floor":6.0,"turns":12.0},{"damage":19.0,"enemies":"Exordium Thugs","floor":8.0,"turns":5.0},{"damage":44.0,"enemies":"Lagavulin","floor":11.0,"turns":7.0},{"damage":3.0,"enemies":"Gremlin Gang","floor":12.0,"turns":7.0},{"damage":12.0,"enemies":"Exordium Wildlife","floor":14.0,"turns":6.0},{"damage":47,"enemies":"Slime Boss","floor":16,"turns":12},{"damage":21,"enemies":"Spheric Guardian","floor":18,"turns":5},{"damage":15,"enemies":"2 Thieves","floor":20,"turns":4},{"damage":28,"enemies":"Centurion and Healer","floor":24,"turns":6},{"damage":0,"enemies":"Snecko","floor":25,"turns":3},{"damage":19,"enemies":"Chosen and Byrds","floor":27,"turns":5},{"damage":8,"enemies":"Shelled Parasite and Fungi","floor":31,"turns":4},{"damage":65,"enemies":"Champ","floor":33,"turns":9},{"damage":5,"enemies":"Orb Walker","floor":35,"turns":2},{"damage":34,"enemies":"3 Darklings","floor":36,"turns":9},{"damage":28,"enemies":"Jaw Worm Horde","floor":39,"turns":4},{"damage":14,"enemies":"Spire Growth","floor":40,"turns":4},{"damage":0,"enemies":"Mind Bloom Boss Battle","floor":45,"turns":3},{"damage":26,"enemies":"3 Darklings","floor":48,"turns":5},{"damage":43,"enemies":"Time Eater","floor":50,"turns":6}],"seed_played":"1689520272173109736","potions_obtained":[{"floor":4.0,"key":"PowerPotion"},{"floor":11.0,"key":"EntropicBrew"},{"floor":16,"key":"Ancient Potion"},{"floor":24,"key":"Poison Potion"},{"floor":31,"key":"LiquidBronze"},{"floor":33,"key":"Swift Potion"},{"floor":35,"key":"Dexterity Potion"},{"floor":45,"key":"PowerPotion"}],"is_trial":false,"path_per_floor":["M","M","?","M","$","E","R","M","T","R","E","M","?","M","R","B",null,"M","$","M","$","?","R","M","M","T","M","?","T","T","M","R","B",null,"M","M","$","?","M","M","R","$","T","R","?","?","T","M","R","B",null],"character_chosen":"IRONCLAD","items_purchased":["Bronze Scales"],"campfire_rested":2,"item_purchase_floors":[42],"current_hp_per_floor":[80,79,79,80,80,61,61,48,48,80,42,45,34,28,67,26,80,68,68,62,62,62,62,43,49,49,36,65,65,65,66,66,7,92,92,64,64,64,45,37,40,40,47,50,59,59,59,39,42,7],"gold":267,"neow_bonus":"RANDOM_COMMON_RELIC","is_prod":false,"is_daily":false,"chose_seed":false,"campfire_upgraded":6,"win_rate":0,"timestamp":1549054313,"path_taken":["M","?","?","M","$","E","R","M","T","R","E","M","?","M","R","BOSS","M","$","M","$","?","R","?","M","T","M","?","?","?","M","R","BOSS","M","M","$","?","M","M","R","$","T","R","?","?","?","?","R","BOSS"],"build_version":"2019-01-23","purchased_purges":5,"victory":true,"max_hp_per_floor":[80,80,80,80,80,80,80,80,80,80,80,80,80,80,80,80,80,83,83,86,86,86,86,89,89,89,89,89,89,89,92,92,92,92,92,92,92,92,95,95,95,95,102,102,105,105,105,105,105,105],"card_choices":[{"not_picked":["Wild Strike","Ghostly Armor","Thunderclap"],"picked":"SKIP","floor":1.0},{"not_picked":["Feel No Pain","True Grit","Dual Wield"],"picked":"SKIP","floor":2.0},{"not_picked":["Sword Boomerang","Shockwave","Clash"],"picked":"SKIP","floor":4.0},{"not_picked":["True Grit","Flex"],"picked":"Searing Blow","floor":6.0},{"not_picked":["Warcry","Iron Wave"],"picked":"Shrug It Off","floor":8.0},{"not_picked":["Flame Barrier","Disarm"],"picked":"Dropkick","floor":11.0},{"not_picked":["Intimidate","Cleave","Fire Breathing"],"picked":"SKIP","floor":12.0},{"not_picked":["Bludgeon","Cleave","Warcry"],"picked":"SKIP","floor":14.0},{"not_picked":["Immolate","Juggernaut"],"picked":"Feed","floor":16},{"not_picked":["Twin Strike","Clothesline","Battle Trance"],"picked":"SKIP","floor":18},{"not_picked":["Anger+1","Perfected Strike","Sentinel"],"picked":"SKIP","floor":20},{"not_picked":["Brutality","Armaments","Body Slam"],"picked":"SKIP","floor":24},{"not_picked":["Clash","Burning Pact","Second Wind+1"],"picked":"SKIP","floor":25},{"not_picked":["Ghostly Armor","Headbutt","Perfected Strike"],"picked":"SKIP","floor":27},{"not_picked":["Cleave+1","Iron Wave+1","Thunderclap"],"picked":"SKIP","floor":31},{"not_picked":["Warcry","Havoc+1","Rampage+1"],"picked":"SKIP","floor":35},{"not_picked":["Body Slam+1","Sentinel+1","Wild Strike"],"picked":"SKIP","floor":36},{"not_picked":["Combust","Sword Boomerang","Pummel"],"picked":"SKIP","floor":39},{"not_picked":["Sever Soul+1","Ghostly Armor","Inflame"],"picked":"SKIP","floor":40},{"not_picked":["Flex","Sever Soul+1","Havoc"],"picked":"SKIP","floor":48},{"not_picked":["Iron Wave","Corruption","Power Through+1"],"picked":"SKIP","floor":48}],"player_experience":292806,"relics_obtained":[{"floor":6.0,"key":"MawBank"},{"floor":9.0,"key":"Lantern"},{"floor":11.0,"key":"Pen Nib"},{"floor":26,"key":"Paper Frog"},{"floor":29,"key":"Bird Faced Urn"},{"floor":30,"key":"Whetstone"},{"floor":43,"key":"Strawberry"},{"floor":45,"key":"Pocketwatch"},{"floor":47,"key":"Prayer Wheel"}],"event_choices":[{"cards_removed":["Strike_R"],"damage_healed":0.0,"max_hp_gain":0.0,"max_hp_loss":0.0,"gold_gain":0.0,"event_name":"Living Wall","player_choice":"Forget","floor":3.0,"gold_loss":0.0,"damage_taken":0.0},{"damage_healed":0.0,"max_hp_gain":0.0,"max_hp_loss":0.0,"gold_gain":75.0,"event_name":"World of Goop","player_choice":"Gather Gold","floor":13.0,"gold_loss":0.0,"damage_taken":11.0},{"damage_healed":0,"gold_gain":0,"player_choice":"Bought 0 Potions","damage_taken":0,"max_hp_gain":0,"max_hp_loss":0,"event_name":"The Woman in Blue","floor":22,"gold_loss":0},{"damage_healed":29,"gold_gain":0,"player_choice":"Heal","damage_taken":0,"max_hp_gain":0,"max_hp_loss":0,"event_name":"The Library","floor":28,"gold_loss":0},{"damage_healed":0,"gold_gain":0,"player_choice":"Ignored","damage_taken":0,"max_hp_gain":0,"max_hp_loss":0,"event_name":"Mysterious Sphere","floor":38,"gold_loss":0},{"damage_healed":0,"gold_gain":0,"player_choice":"Fight","damage_taken":0,"max_hp_gain":0,"max_hp_loss":0,"event_name":"MindBloom","floor":45,"gold_loss":0},{"damage_healed":0,"gold_gain":0,"player_choice":"Ignored","damage_taken":0,"max_hp_gain":0,"max_hp_loss":0,"event_name":"Tomb of Lord Red Mask","floor":46,"gold_loss":0}],"is_beta":false,"boss_relics":[{"not_picked":["Ectoplasm","Snecko Eye"],"picked":"Coffee Dripper"},{"not_picked":["Runic Dome","Philosopher\u0027s Stone"],"picked":"Eternal Feather"}],"items_purged_floors":[5,19,21,37,42],"is_endless":false,"potions_floor_spawned":[4,11,16,24,31,33,35,45,48],"ascension_level":0}