{"gold_per_floor":[113,126,401,416,433,433,464,483,537,307,318,318,353,365,365,462,462,479,287,212,212,222,222,222,240,240,240,259,259,102,102,102,202,202,212,212,212,212,225,225,178,578,578,602,614,645,657,689,701,713],"floor_reached":51,"playtime":1458,"items_purged":["Regret"],"score":705,"play_id":"b6a3450c-e129-46a8-ae54-de568a70b645","local_time":"20181218180517","is_ascension_mode":false,"campfire_choices":[{"data":"Twin Strike","floor":6,"key":"SMITH"},{"data":"Perfected Strike","floor":15,"key":"SMITH"},{"data":"Perfected Strike","floor":23,"key":"SMITH"},{"data":"Immolate","floor":27,"key":"SMITH"},{"data":"Twin Strike","floor":29,"key":"SMITH"},{"data":"Ghostly Armor","floor":32,"key":"SMITH"},{"data":"Pommel Strike","floor":40,"key":"SMITH"},{"data":"Double Tap","floor":45,"key":"SMITH"},{"data":"Chrysalis","floor":49,"key":"SMITH"}],"neow_cost":"NONE","seed_source_timestamp":370122746446481,"circlet_count":0,"master_deck":["Strike_R+1","Strike_R+1","Strike_R+1","Strike_R+1","Strike_R+1","Defend_R+1","Defend_R+1","Defend_R+1","Defend_R+1","Bash","Twin Strike+1","Double Tap+1","Ghostly Armor+1","Pommel Strike+1","Perfected Strike+1","Immolate+1","Wild Strike+1","Perfected Strike+1","Writhe","Wild Strike+1","Twin Strike+1","Cleave+1","Fiend Fire+1","Bludgeon+1","Pommel Strike+1","Pommel Strike+1","Impervious","Wild Strike+1","Chrysalis+1","Clothesline+1"],"relics":["Burning Blood","Whetstone","Bag of Preparation","Centennial Puzzle","Lantern","Matryoshka","Dream Catcher","Sozu","Red Skull","Strawberry","Dodecahedron","Molten Egg 2","Snecko Eye","Old Coin","Letter Opener","Question Card","MawBank"],"potions_floor_usage":[7,13],"damage_taken":[{"damage":1,"enemies":"Cultist","floor":1,"turns":3},{"damage":0,"enemies":"2 Louse","floor":2,"turns":2},{"damage":8,"enemies":"Small Slimes","floor":4,"turns":3},{"damage":6,"enemies":"3 Louse","floor":5,"turns":3},{"damage":8,"enemies":"Gremlin Nob","floor":7,"turns":3},{"damage":5,"enemies":"Exordium Wildlife","floor":8,"turns":4},{"damage":0,"enemies":"2 Fungi Beasts","floor":11,"turns":2},{"damage":26,"enemies":"Lagavulin","floor":13,"turns":4},{"damage":0,"enemies":"3 Louse","floor":14,"turns":2},{"damage":26,"enemies":"Hexaghost","floor":16,"turns":7},{"damage":20,"enemies":"3 Byrds","floor":18,"turns":4},{"damage":0,"enemies":"2 Thieves","floor":22,"turns":1},{"damage":9,"enemies":"3 Cultists","floor":25,"turns":4},{"damage":0,"enemies":"Cultist and Chosen","floor":28,"turns":2},{"damage":79,"enemies":"Automaton","floor":33,"turns":7},{"damage":0,"enemies":"3 Shapes","floor":35,"turns":3},{"damage":10,"enemies":"3 Darklings","floor":39,"turns":3},{"damage":7,"enemies":"Mind Bloom Boss Battle","floor":42,"turns":4},{"damage":0,"enemies":"Jaw Worm Horde","floor":46,"turns":2},{"damage":5,"enemies":"Maw","floor":48,"turns":3},{"damage":9,"enemies":"Donu and Deca","floor":50,"turns":6}],"seed_played":"-7056307639550913105","potions_obtained":[{"floor":2,"key":"SteroidPotion"},{"floor":5,"key":"Regen Potion"},{"floor":8,"key":"Ancient Potion"}],"is_trial":false,"path_per_floor":["M","M","?","M","M","R","E","M","T","$","M","?","E","M","R","B",null,"M","$","?","?","M","R","?","M","T","R","M","R","$","?","R","B",null,"M","$","?","?","M","R","$","?","T","T","R","M","?","M","R","B",null],"character_chosen":"IRONCLAD","items_purchased":["Lantern","Red Skull","Perfected Strike","Fiend Fire+1","Pommel Strike+1"],"campfire_rested":0,"item_purchase_floors":[10,19,19,30,41],"current_hp_per_floor":[80,80,80,78,78,78,76,77,77,77,80,77,64,70,70,50,80,66,66,66,73,79,79,79,76,76,76,82,82,82,82,82,9,87,87,87,83,83,79,79,79,78,78,78,78,83,83,83,83,80],"gold":725,"neow_bonus":"RANDOM_COMMON_RELIC","is_prod":false,"is_daily":false,"chose_seed":false,"campfire_upgraded":9,"win_rate":0,"timestamp":1545152717,"path_taken":["M","?","?","M","?","R","E","M","T","$","M","?","E","M","R","BOSS","M","$","?","?","M","R","?","?","T","R","M","R","$","?","R","BOSS","M","$","?","?","M","R","$","?","T","?","R","M","?","?","R","BOSS"],"build_version":"2018-12-13","purchased_purges":1,"victory":true,"max_hp_per_floor":[80,80,80,80,80,80,80,80,80,80,80,80,80,80,80,80,80,80,80,80,87,87,87,87,87,87,87,87,87,87,87,87,87,87,87,87,83,83,83,83,83,83,83,83,83,83,83,83,83,83],"card_choices":[{"not_picked":["Clothesline","Wild Strike"],"picked":"Twin Strike","floor":1},{"not_picked":["Entrench","Sword Boomerang"],"picked":"Double Tap","floor":2},{"not_picked":["Heavy Blade","Havoc"],"picked":"Ghostly Armor","floor":4},{"not_picked":["Sword Boomerang","Clash"],"picked":"Pommel Strike","floor":5},{"not_picked":["Juggernaut","Dark Embrace"],"picked":"Uppercut","floor":7},{"not_picked":["Heavy Blade","Burning Pact","Twin Strike"],"picked":"SKIP","floor":8},{"not_picked":["Dropkick","Carnage"],"picked":"Perfected Strike","floor":11},{"not_picked":["Carnage","Clothesline","Anger"],"picked":"SKIP","floor":13},{"not_picked":["Cleave","Heavy Blade","Evolve"],"picked":"SKIP","floor":14},{"not_picked":["Reaper","Double Tap"],"picked":"Immolate","floor":16},{"not_picked":["Shrug It Off","Hemokinesis"],"picked":"Wild Strike+1","floor":18},{"not_picked":["Iron Wave","Metallicize"],"picked":"Wild Strike+1","floor":22},{"not_picked":["Carnage","Clash"],"picked":"Twin Strike","floor":25},{"not_picked":["Body Slam+1","Heavy Blade+1"],"picked":"Cleave+1","floor":28},{"not_picked":["Feed+1","Brutality"],"picked":"Bludgeon+1","floor":33},{"not_picked":["Body Slam+1","Clash+1"],"picked":"Pommel Strike+1","floor":35},{"not_picked":["Infernal Blade+1","Bloodletting","Headbutt+1"],"picked":"SKIP","floor":39},{"not_picked":["Entrench","Corruption+1"],"picked":"Impervious","floor":42},{"not_picked":["Havoc","Anger+1","Sword Boomerang+1"],"picked":"Wild Strike+1","floor":46},{"not_picked":["Thinking Ahead","Finesse","Metamorphosis"],"picked":"Chrysalis","floor":47},{"not_picked":["Headbutt+1","Blood for Blood+1","True Grit+1"],"picked":"Clothesline+1","floor":48}],"player_experience":199443,"relics_obtained":[{"floor":7,"key":"Bag of Preparation"},{"floor":9,"key":"Centennial Puzzle"},{"floor":13,"key":"Dream Catcher"},{"floor":26,"key":"Dodecahedron"},{"floor":26,"key":"Molten Egg 2"},{"floor":42,"key":"Old Coin"},{"floor":43,"key":"Letter Opener"},{"floor":43,"key":"Question Card"},{"floor":44,"key":"MawBank"}],"event_choices":[{"damage_healed":0,"gold_gain":275,"player_choice":"Desecrate","damage_taken":0,"max_hp_gain":0,"max_hp_loss":0,"event_name":"Golden Shrine","floor":3,"gold_loss":0,"cards_obtained":["Regret"]},{"damage_healed":0,"gold_gain":0,"player_choice":"Success","damage_taken":3,"relics_obtained":["Matryoshka"],"max_hp_gain":0,"max_hp_loss":0,"event_name":"Scrap Ooze","floor":12,"gold_loss":0},{"cards_removed":["Uppercut"],"damage_healed":0,"gold_gain":0,"player_choice":"Gave Gold","damage_taken":0,"max_hp_gain":0,"max_hp_loss":0,"event_name":"Beggar","floor":20,"gold_loss":75},{"damage_healed":0,"gold_gain":0,"player_choice":"Opened","damage_taken":0,"relics_obtained":["Strawberry"],"max_hp_gain":0,"max_hp_loss":0,"event_name":"The Mausoleum","floor":21,"gold_loss":0,"cards_obtained":["Writhe"]},{"damage_healed":0,"gold_gain":0,"player_choice":"Ignored","damage_taken":0,"max_hp_gain":0,"max_hp_loss":0,"event_name":"Vampires","floor":24,"gold_loss":0},{"damage_healed":0,"gold_gain":0,"player_choice":"Simplicity","damage_taken":0,"max_hp_gain":0,"max_hp_loss":0,"event_name":"Back to Basics","floor":31,"gold_loss":0,"cards_upgraded":["Strike_R","Strike_R","Strike_R","Defend_R","Defend_R","Defend_R","Defend_R"]},{"damage_healed":0,"gold_gain":0,"player_choice":"Max HP","damage_taken":0,"max_hp_gain":0,"max_hp_loss":4,"event_name":"Winding Halls","floor":37,"gold_loss":0},{"damage_healed":0,"gold_gain":0,"player_choice":"Ignored","damage_taken":0,"max_hp_gain":0,"max_hp_loss":0,"event_name":"Tomb of Lord Red Mask","floor":38,"gold_loss":0},{"damage_healed":0,"gold_gain":0,"player_choice":"Fight","damage_taken":0,"max_hp_gain":0,"max_hp_loss":0,"event_name":"MindBloom","floor":42,"gold_loss":0},{"damage_healed":0,"gold_gain":0,"player_choice":"Memory 1","damage_taken":0,"max_hp_gain":0,"max_hp_loss":0,"event_name":"SensoryStone","floor":47,"gold_loss":0}],"is_beta":false,"boss_relics":[{"not_picked":["Busted Crown","Philosopher\u0027s Stone"],"picked":"Sozu"},{"not_picked":["Calling Bell","Runic Dome"],"picked":"Snecko Eye"}],"items_purged_floors":[10],"is_endless":false,"potions_floor_spawned":[2,5,8,22,35,39,48],"ascension_level":0}