{"gold_per_floor":[110,122,142,159,234,263,67,98,98,23,23,41,54,81,81,81],"floor_reached":16,"playtime":536,"items_purged":["Strike_B"],"score":128,"play_id":"347704e4-d6b1-45a5-ab6b-e96db2323437","local_time":"20190105143748","is_ascension_mode":true,"campfire_choices":[{"floor":15,"key":"REST"}],"neow_cost":"NONE","seed_source_timestamp":13419964696139,"circlet_count":0,"master_deck":["Strike_B","Strike_B","Strike_B","Defend_B","Defend_B","Defend_B","Defend_B","Zap","Dualcast","Leap","Coolheaded","Go for the Eyes","Static Discharge","Lockon","Doom and Gloom","Parasite","Steam","Sunder","Defragment"],"relics":["Cracked Core","Ancient Tea Set","ClockworkSouvenir","Incense Burner","WingedGreaves","StoneCalendar"],"potions_floor_usage":[8],"damage_taken":[{"damage":6,"enemies":"2 Louse","floor":1,"turns":2},{"damage":0,"enemies":"Jaw Worm","floor":2,"turns":3},{"damage":5,"enemies":"Small Slimes","floor":3,"turns":4},{"damage":0,"enemies":"Blue Slaver","floor":4,"turns":4},{"damage":28,"enemies":"3 Sentries","floor":6,"turns":7},{"damage":5,"enemies":"Lagavulin","floor":8,"turns":7},{"damage":9,"enemies":"Lots of Slimes","floor":12,"turns":2},{"damage":0,"enemies":"Looter","floor":13,"turns":3},{"damage":26,"enemies":"Gremlin Nob","floor":14,"turns":5},{"damage":35,"enemies":"Slime Boss","floor":16,"turns":4}],"seed_played":"-8424379662514259983","potions_obtained":[{"floor":1,"key":"LiquidBronze"},{"floor":3,"key":"Regen Potion"},{"floor":6,"key":"FearPotion"},{"floor":13,"key":"SteroidPotion"},{"floor":14,"key":"SmokeBomb"}],"is_trial":false,"path_per_floor":["M","M","M","M","?","E","$","E","T","$","?","M","M","E","R","B"],"character_chosen":"DEFECT","items_purchased":["ClockworkSouvenir"],"campfire_rested":1,"item_purchase_floors":[7],"current_hp_per_floor":[76,76,71,71,60,32,32,42,42,42,62,53,53,27,51,16],"gold":81,"neow_bonus":"TEN_PERCENT_HP_BONUS","is_prod":false,"is_daily":false,"chose_seed":false,"campfire_upgraded":0,"win_rate":0,"timestamp":1546695468,"path_taken":["M","M","M","M","?","E","$","E","T","$","?","M","M","E","R","BOSS"],"build_version":"2019-01-03v4","purchased_purges":1,"victory":false,"max_hp_per_floor":[82,82,82,82,82,82,82,82,82,82,82,82,82,82,82,82],"card_choices":[{"not_picked":["Chaos","Redo"],"picked":"Leap","floor":1},{"not_picked":["Barrage","Meteor Strike"],"picked":"Coolheaded","floor":2},{"not_picked":["Stack","Doom and Gloom"],"picked":"Go for the Eyes","floor":3},{"not_picked":["Ball Lightning","Steam"],"picked":"Static Discharge","floor":4},{"not_picked":["Darkness","Ball Lightning"],"picked":"Lockon","floor":6},{"not_picked":["Gash","Scrape"],"picked":"Doom and Gloom","floor":8},{"not_picked":["Coolheaded","Ball Lightning"],"picked":"Steam","floor":12},{"not_picked":["Leap","Go for the Eyes"],"picked":"Sunder","floor":13},{"not_picked":["Coolheaded","Double Energy"],"picked":"Defragment","floor":14}],"player_experience":114620,"relics_obtained":[{"floor":6,"key":"Ancient Tea Set"},{"floor":8,"key":"Incense Burner"},{"floor":9,"key":"WingedGreaves"},{"floor":14,"key":"StoneCalendar"}],"event_choices":[{"damage_healed":0,"gold_gain":75,"player_choice":"Gather Gold","damage_taken":11,"max_hp_gain":0,"max_hp_loss":0,"event_name":"World of Goop","floor":5,"gold_loss":0},{"damage_healed":20,"gold_gain":0,"player_choice":"Healed and dodged fight","damage_taken":0,"max_hp_gain":0,"max_hp_loss":0,"event_name":"Mushrooms","floor":11,"gold_loss":0,"cards_obtained":["Parasite"]}],"is_beta":false,"boss_relics":[],"items_purged_floors":[10],"is_endless":false,"potions_floor_spawned":[1,3,6,13,14],"killed_by":"Slime Boss","ascension_level":1}