{"gold_per_floor":[116,116,69,69,86,86,114,132,132,148,4,14,14,14,14,116,116,133,152,152,171,98,98,111,11,11,11,11,36,36,36],"floor_reached":31,"playtime":979,"items_purged":["Strike_B","Strike_B"],"score":253,"play_id":"a7e91c99-95ce-4853-88ac-9e71155b39f3","local_time":"20190115013431","is_ascension_mode":false,"campfire_choices":[{"data":"Zap","floor":6,"key":"SMITH"},{"data":"Defend_B","floor":13,"key":"SMITH"},{"floor":15,"key":"REST"},{"data":"Defragment","floor":23,"key":"SMITH"},{"floor":27,"key":"REST"}],"neow_cost":"NONE","seed_source_timestamp":393169716543880,"circlet_count":0,"master_deck":["Strike_B","Strike_B","Defend_B+1","Defend_B","Defend_B","Defend_B","Zap+1","Dualcast","Hologram","Ball Lightning","Storm","Ball Lightning","Gash","Thunder Strike","Leap","Creative AI","Capacitor","Defragment+1","Rip and Tear+1","J.A.X."],"relics":["Cracked Core","PreservedInsect","Happy Flower","Kunai","Meat on the Bone","Sozu","Molten Egg 2","Art of War","Gremlin Horn"],"potions_floor_usage":[7,16,18,21],"damage_taken":[{"damage":15,"enemies":"Jaw Worm","floor":1,"turns":4},{"damage":0,"enemies":"Cultist","floor":5,"turns":3},{"damage":17,"enemies":"3 Sentries","floor":7,"turns":8},{"damage":3,"enemies":"2 Louse","floor":8,"turns":2},{"damage":0,"enemies":"Large Slime","floor":10,"turns":4},{"damage":0,"enemies":"Exordium Wildlife","floor":12,"turns":3},{"damage":49,"enemies":"Slime Boss","floor":16,"turns":9},{"damage":27,"enemies":"Chosen","floor":18,"turns":5},{"damage":17,"enemies":"Shell Parasite","floor":19,"turns":5},{"damage":12,"enemies":"Snake Plant","floor":21,"turns":4},{"damage":21,"enemies":"3 Cultists","floor":24,"turns":5},{"damage":54,"enemies":"Slavers","floor":29,"turns":5},{"damage":35,"enemies":"Book of Stabbing","floor":31,"turns":3}],"seed_played":"-7493368586245756702","potions_obtained":[{"floor":1,"key":"Energy Potion"},{"floor":7,"key":"Swift Potion"},{"floor":10,"key":"Weak Potion"},{"floor":12,"key":"Explosive Potion"}],"is_trial":false,"path_per_floor":["M","?","$","T","M","R","E","M","T","M","$","M","R","T","R","B",null,"M","M","T","M","$","R","M","$","T","R","?","E","?","E"],"character_chosen":"DEFECT","items_purchased":["Ball Lightning","Thunder Strike","Defragment"],"campfire_rested":2,"item_purchase_floors":[3,11,22],"current_hp_per_floor":[67,67,67,67,67,67,50,47,47,47,47,47,47,47,71,34,82,55,50,50,50,50,50,41,41,41,65,65,23,23,0],"gold":36,"neow_bonus":"TEN_PERCENT_HP_BONUS","is_prod":false,"is_daily":false,"chose_seed":false,"campfire_upgraded":3,"win_rate":0,"timestamp":1547512471,"path_taken":["M","?","$","?","M","R","E","M","T","M","$","?","R","?","R","BOSS","M","M","?","M","$","R","M","$","T","R","?","E","?","E"],"build_version":"2019-01-10","purchased_purges":2,"victory":false,"max_hp_per_floor":[82,82,82,82,82,82,82,82,82,82,82,82,82,82,82,82,82,82,82,82,82,82,82,82,82,82,82,82,82,82,82],"card_choices":[{"not_picked":["Steam Power","FTL"],"picked":"Hologram","floor":1},{"not_picked":["Coolheaded","Stack","Compile Driver"],"picked":"SKIP","floor":5},{"not_picked":["Cold Snap","Reinforced Body"],"picked":"Storm","floor":7},{"not_picked":["Storm","Barrage"],"picked":"Ball Lightning","floor":8},{"not_picked":["Streamline","Coolheaded"],"picked":"Gash","floor":10},{"not_picked":["Tempest","Meteor Strike"],"picked":"Leap","floor":12},{"not_picked":["Hyperbeam","Seek"],"picked":"Creative AI","floor":16},{"not_picked":["Turbo+1","Stack"],"picked":"Capacitor","floor":18},{"not_picked":["Sweeping Beam","Chill","Stack"],"picked":"SKIP","floor":19},{"not_picked":["Heatsinks","Stack","BootSequence"],"picked":"SKIP","floor":21},{"not_picked":["White Noise","Cold Snap+1","Streamline+1"],"picked":"SKIP","floor":24},{"not_picked":["Tempest","Cold Snap+1"],"picked":"Rip and Tear+1","floor":29}],"player_experience":419626,"relics_obtained":[{"floor":4,"key":"PreservedInsect"},{"floor":7,"key":"Happy Flower"},{"floor":9,"key":"Kunai"},{"floor":14,"key":"Meat on the Bone"},{"floor":20,"key":"Molten Egg 2"},{"floor":26,"key":"Art of War"},{"floor":29,"key":"Gremlin Horn"}],"event_choices":[{"damage_healed":0,"gold_gain":0,"player_choice":"Ignored","damage_taken":0,"max_hp_gain":0,"max_hp_loss":0,"event_name":"Purifier","floor":2,"gold_loss":0},{"damage_healed":0,"gold_gain":0,"player_choice":"Ignored","damage_taken":0,"max_hp_gain":0,"max_hp_loss":0,"event_name":"Vampires","floor":28,"gold_loss":0},{"damage_healed":0,"gold_gain":0,"player_choice":"Obtain J.A.X.","damage_taken":0,"max_hp_gain":0,"max_hp_loss":0,"event_name":"Drug Dealer","floor":30,"gold_loss":0,"cards_obtained":["J.A.X."]}],"is_beta":false,"boss_relics":[{"not_picked":["Orrery","Runic Pyramid"],"picked":"Sozu"}],"items_purged_floors":[11,25],"is_endless":false,"potions_floor_spawned":[1,7,10,12,19,21,29],"killed_by":"Book of Stabbing","ascension_level":0}