{"gold_per_floor":[116,127,127,137,40,71,21,32,58,125,156,168,192,204,216,332,344,373,385,397,437,459,471,496,534,546,578,603,634,646,670,682,694],"floor_reached":33,"playtime":2032,"items_purged":[],"score":271,"play_id":"a334eb80-75cb-481b-9f1d-bc0b005e974f","local_time":"20181202201357","is_ascension_mode":false,"campfire_choices":[{"floor":12,"key":"REST"},{"data":"Rampage","floor":15,"key":"SMITH"},{"floor":23,"key":"REST"},{"floor":32,"key":"REST"}],"neow_cost":"NONE","seed_source_timestamp":1550540352526512,"circlet_count":0,"master_deck":["Strike_R+1","Strike_R","Strike_R","Strike_R","Strike_R","Defend_R","Defend_R+1","Defend_R","Bash+1","Infernal Blade+1","Wild Strike+1","Pommel Strike","Shrug It Off","Rampage+1","Offering","Bludgeon","Wild Strike","Pommel Strike","Carnage+1","Hemokinesis+1","Fire Breathing+1","Pain","Impervious","Flex+1","Wild Strike","Pommel Strike"],"relics":["Burning Blood","Red Skull","MawBank","Oddly Smooth Stone","Cursed Key","Red Mask","Darkstone Periapt","Whetstone"],"potions_floor_usage":[6,10,16,21,24,28,33],"damage_taken":[{"damage":5,"enemies":"Small Slimes","floor":1,"turns":4},{"damage":1,"enemies":"Cultist","floor":2,"turns":3},{"damage":0,"enemies":"2 Louse","floor":4,"turns":2},{"damage":22,"enemies":"Gremlin Nob","floor":6,"turns":4},{"damage":1,"enemies":"Exordium Wildlife","floor":8,"turns":4},{"damage":18,"enemies":"3 Sentries","floor":10,"turns":8},{"damage":12,"enemies":"Blue Slaver","floor":11,"turns":3},{"damage":6,"enemies":"3 Louse","floor":13,"turns":2},{"damage":45,"enemies":"The Guardian","floor":16,"turns":10},{"damage":27,"enemies":"2 Thieves","floor":18,"turns":4},{"damage":6,"enemies":"Masked Bandits","floor":21,"turns":3},{"damage":0,"enemies":"3 Byrds","floor":22,"turns":4},{"damage":16,"enemies":"Shelled Parasite and Fungi","floor":24,"turns":4},{"damage":35,"enemies":"Slavers","floor":25,"turns":4},{"damage":12,"enemies":"3 Cultists","floor":27,"turns":4},{"damage":13,"enemies":"Cultist and Chosen","floor":28,"turns":4},{"damage":4,"enemies":"Snecko","floor":29,"turns":3},{"damage":8,"enemies":"Colosseum Slavers","floor":30,"turns":3},{"damage":2,"enemies":"Chosen and Byrds","floor":31,"turns":3},{"damage":72,"enemies":"Collector","floor":33,"turns":5}],"seed_played":"1462383351605573395","potions_obtained":[{"floor":2,"key":"Regen Potion"},{"floor":6,"key":"Swift Potion"},{"floor":8,"key":"Energy Potion"},{"floor":10,"key":"SkillPotion"},{"floor":18,"key":"Energy Potion"},{"floor":21,"key":"SkillPotion"},{"floor":27,"key":"Block Potion"},{"floor":31,"key":"Block Potion"}],"is_trial":false,"path_per_floor":["M","M","?","M","$","E","?","M","T","?","M","R","M","?","R","B",null,"M","?","?","?","M","R","M","E","T","M","M","M","?","M","R","B"],"character_chosen":"IRONCLAD","items_purchased":["Pommel Strike","Shrug It Off"],"campfire_rested":3,"item_purchase_floors":[5,5],"current_hp_per_floor":[80,80,80,80,80,69,69,74,74,62,56,80,80,64,64,25,80,59,59,59,59,65,80,70,41,47,41,34,36,34,38,63,0],"gold":694,"neow_bonus":"UPGRADE_CARD","is_prod":false,"is_daily":false,"chose_seed":false,"campfire_upgraded":1,"win_rate":0,"timestamp":1543778037,"path_taken":["M","M","?","M","?","E","?","?","T","?","M","R","M","?","R","BOSS","M","?","?","?","M","R","M","E","T","?","M","M","?","M","R","BOSS"],"build_version":"2018-11-15","purchased_purges":0,"victory":false,"max_hp_per_floor":[80,80,80,80,80,80,80,80,80,80,80,80,80,80,80,80,80,80,80,80,80,80,80,80,80,86,86,86,86,86,86,86,86],"card_choices":[{"not_picked":["Iron Wave","Clash","Body Slam"],"picked":"SKIP","floor":1},{"not_picked":["True Grit","Second Wind"],"picked":"Infernal Blade","floor":2},{"not_picked":["True Grit","Intimidate"],"picked":"Wild Strike","floor":4},{"not_picked":["Armaments","Clash","True Grit"],"picked":"SKIP","floor":6},{"not_picked":["Dropkick","Clothesline","Body Slam"],"picked":"SKIP","floor":8},{"not_picked":["Disarm","Warcry"],"picked":"Rampage","floor":10},{"not_picked":["Warcry","Sword Boomerang"],"picked":"Offering","floor":11},{"not_picked":["Entrench","Body Slam","Armaments"],"picked":"SKIP","floor":13},{"not_picked":["Impervious","Berserk"],"picked":"Bludgeon","floor":16},{"not_picked":["Armaments","Iron Wave"],"picked":"Wild Strike","floor":18},{"not_picked":["Whirlwind+1","Feel No Pain"],"picked":"Pommel Strike","floor":21},{"not_picked":["Sword Boomerang","True Grit+1"],"picked":"Carnage","floor":22},{"not_picked":["True Grit","Iron Wave"],"picked":"Hemokinesis+1","floor":24},{"not_picked":["Clash+1","Reckless Charge+1"],"picked":"Fire Breathing+1","floor":25},{"not_picked":["Flex","Clothesline"],"picked":"Impervious","floor":27},{"not_picked":["Shrug It Off","Searing Blow"],"picked":"Flex+1","floor":28},{"not_picked":["Sword Boomerang","Shrug It Off"],"picked":"Wild Strike","floor":29},{"not_picked":["True Grit+1","Headbutt"],"picked":"Pommel Strike","floor":31}],"player_experience":130931,"relics_obtained":[{"floor":6,"key":"Red Skull"},{"floor":9,"key":"MawBank"},{"floor":21,"key":"Red Mask"},{"floor":25,"key":"Darkstone Periapt"},{"floor":26,"key":"Whetstone"}],"event_choices":[{"damage_healed":0,"gold_gain":0,"player_choice":"Forge","damage_taken":0,"max_hp_gain":0,"max_hp_loss":0,"event_name":"Accursed Blacksmith","floor":3,"gold_loss":0,"cards_upgraded":["Infernal Blade"]},{"cards_removed":["Defend_R"],"damage_healed":0,"gold_gain":0,"player_choice":"Card Removal","damage_taken":0,"max_hp_gain":0,"max_hp_loss":0,"event_name":"The Cleric","floor":7,"gold_loss":50},{"damage_healed":0,"gold_gain":0,"player_choice":"Searched \u00272\u0027 times","damage_taken":0,"relics_obtained":["Oddly Smooth Stone"],"max_hp_gain":0,"max_hp_loss":0,"event_name":"Dead Adventurer","floor":10,"gold_loss":0},{"damage_healed":0,"gold_gain":0,"player_choice":"Entered Light","damage_taken":16,"max_hp_gain":0,"max_hp_loss":0,"event_name":"Shining Light","floor":14,"gold_loss":0,"cards_upgraded":["Strike_R","Defend_R"]},{"damage_healed":0,"gold_gain":0,"player_choice":"Ignored","damage_taken":0,"max_hp_gain":0,"max_hp_loss":0,"event_name":"Beggar","floor":19,"gold_loss":0},{"damage_healed":0,"gold_gain":0,"player_choice":"Ignored","damage_taken":0,"max_hp_gain":0,"max_hp_loss":0,"event_name":"Vampires","floor":20,"gold_loss":0},{"damage_healed":0,"gold_gain":0,"player_choice":"Fought Bandits","damage_taken":0,"max_hp_gain":0,"max_hp_loss":0,"event_name":"Masked Bandits","floor":21,"gold_loss":0},{"damage_healed":0,"gold_gain":0,"player_choice":"Fight","damage_taken":0,"max_hp_gain":0,"max_hp_loss":0,"event_name":"Colosseum","floor":30,"gold_loss":0},{"damage_healed":0,"gold_gain":0,"player_choice":"Fled From Nobs","damage_taken":0,"max_hp_gain":0,"max_hp_loss":0,"event_name":"Colosseum","floor":30,"gold_loss":0}],"is_beta":false,"boss_relics":[{"not_picked":["Snecko Eye","Mark of Pain"],"picked":"Cursed Key"}],"items_purged_floors":[],"is_endless":false,"potions_floor_spawned":[2,6,8,10,18,21,27,30,31],"killed_by":"Collector","ascension_level":0}