{"gold_per_floor":[16,116,22,22,40,58,70,81,81,31,51,51,65,75,75,173,173,183,108,140,153,53,53,85,184,211,211,211,211,228,238,238,340,340,358,375,597,173,190,190,190,190,190,201,51,68,78,97,97,97],"floor_reached":50,"playtime":3265,"items_purged":["Fire Breathing","Searing Blow","Bash","Cleave"],"score":583,"play_id":"f1659ebc-cdee-434c-a421-08c0349f0fb1","local_time":"20181118171158","is_ascension_mode":false,"campfire_choices":[{"data":"Perfected Strike","floor":12,"key":"SMITH"},{"data":"Perfected Strike","floor":15,"key":"SMITH"},{"data":"Demon Form","floor":23,"key":"SMITH"},{"floor":27,"key":"REST"},{"data":"Clash","floor":29,"key":"SMITH"},{"data":"Perfected Strike","floor":32,"key":"SMITH"},{"data":"Barricade","floor":40,"key":"SMITH"},{"data":"Defend_R","floor":42,"key":"SMITH"},{"floor":49,"key":"REST"}],"neow_cost":"NO_GOLD","seed_source_timestamp":328731946518382,"circlet_count":0,"master_deck":["Strike_R","Strike_R","Strike_R","Strike_R","Strike_R","Defend_R","Defend_R","Defend_R+1","Defend_R+1","Clash+1","Perfected Strike+1","Clash","Pommel Strike","Shrug It Off","Heavy Blade","Power Through","Pommel Strike","Flex+1","Perfected Strike+1","Pommel Strike","Pommel Strike","Pommel Strike","Demon Form+1","Pommel Strike","Wild Strike+1","Clash+1","Regret","Clumsy","Perfected Strike+1","Barricade+1","Perfected Strike+1","Perfected Strike+1","Demon Form","Perfected Strike","Shrug It Off","Pommel Strike","Pommel Strike+1"],"relics":["Black Blood","Prayer Wheel","Question Card","Cursed Key","Red Mask","Pen Nib","Ancient Tea Set","Pear","Blood Vial","War Paint"],"potions_floor_usage":[16,16,33,36,44,50,50,50],"damage_taken":[{"damage":16,"enemies":"Jaw Worm","floor":1,"turns":7},{"damage":0,"enemies":"Cultist","floor":5,"turns":3},{"damage":6,"enemies":"2 Louse","floor":6,"turns":2},{"damage":0,"enemies":"Looter","floor":7,"turns":2},{"damage":9,"enemies":"Large Slime","floor":8,"turns":4},{"damage":1,"enemies":"3 Louse","floor":11,"turns":3},{"damage":2,"enemies":"Blue Slaver","floor":13,"turns":4},{"damage":0,"enemies":"Exordium Thugs","floor":14,"turns":2},{"damage":12,"enemies":"Slime Boss","floor":16,"turns":7},{"damage":5,"enemies":"Spheric Guardian","floor":18,"turns":3},{"damage":3,"enemies":"Masked Bandits","floor":20,"turns":3},{"damage":10,"enemies":"3 Byrds","floor":21,"turns":5},{"damage":22,"enemies":"Gremlin Leader","floor":24,"turns":5},{"damage":3,"enemies":"Cultist and Chosen","floor":30,"turns":3},{"damage":0,"enemies":"Sentry and Sphere","floor":31,"turns":2},{"damage":19,"enemies":"Collector","floor":33,"turns":6},{"damage":15,"enemies":"3 Darklings","floor":35,"turns":4},{"damage":3,"enemies":"Orb Walker","floor":36,"turns":2},{"damage":11,"enemies":"4 Shapes","floor":39,"turns":4},{"damage":26,"enemies":"Spire Growth","floor":44,"turns":3},{"damage":42,"enemies":"Transient","floor":46,"turns":5},{"damage":9,"enemies":"Jaw Worm Horde","floor":47,"turns":2},{"damage":25,"enemies":"Spire Growth","floor":48,"turns":3},{"damage":100,"enemies":"Awakened One","floor":50,"turns":6}],"seed_played":"-9036363124227976351","potions_obtained":[{"floor":5,"key":"Weak Potion"},{"floor":8,"key":"Weak Potion"},{"floor":13,"key":"LiquidBronze"},{"floor":16,"key":"SteroidPotion"},{"floor":24,"key":"FearPotion"},{"floor":30,"key":"Block Potion"},{"floor":35,"key":"SpeedPotion"},{"floor":39,"key":"GamblersBrew"},{"floor":44,"key":"PowerPotion"},{"floor":48,"key":"SteroidPotion"}],"is_trial":false,"path_per_floor":["M","?","$","?","M","M","M","M","T","?","M","R","M","M","R","B",null,"M","$","?","M","$","R","E","?","T","R","T","R","M","M","R","B",null,"M","M","?","$","M","R","?","R","T","M","$","M","M","M","R","B"],"character_chosen":"IRONCLAD","items_purchased":["Clash","Searing Blow","Blood Vial","War Paint"],"campfire_rested":2,"item_purchase_floors":[3,3,38,38],"current_hp_per_floor":[70,70,70,70,76,76,80,77,77,77,80,80,80,80,80,74,80,80,80,80,76,76,76,60,60,60,80,90,90,90,90,90,77,90,85,90,90,90,89,89,89,89,89,74,74,44,47,34,61,0],"gold":97,"neow_bonus":"ONE_RARE_RELIC","is_prod":false,"is_daily":false,"chose_seed":false,"campfire_upgraded":7,"win_rate":0,"timestamp":1542557518,"path_taken":["M","?","?","?","M","M","M","M","T","?","M","R","M","M","R","BOSS","M","$","?","M","$","R","E","?","T","R","?","R","M","M","R","BOSS","M","M","?","$","M","R","?","R","T","M","$","M","?","M","R","BOSS"],"build_version":"2018-11-15","purchased_purges":4,"victory":false,"max_hp_per_floor":[80,80,80,80,80,80,80,80,80,80,80,80,80,80,80,80,80,80,80,80,80,80,80,80,80,80,80,90,90,90,90,90,90,90,90,90,90,90,90,90,90,90,90,90,90,90,90,90,90,90],"card_choices":[{"not_picked":["Sword Boomerang","Wild Strike"],"picked":"Cleave","floor":1},{"not_picked":["Clothesline","Perfected Strike"],"picked":"Fire Breathing","floor":1},{"not_picked":["Entrench","Headbutt"],"picked":"Perfected Strike","floor":5},{"not_picked":["Cleave","Power Through"],"picked":"Clash","floor":5},{"not_picked":["Battle Trance","Fire Breathing"],"picked":"Pommel Strike","floor":6},{"not_picked":["Hemokinesis","Limit Break"],"picked":"Sword Boomerang","floor":6},{"not_picked":["Bloodletting","Fire Breathing"],"picked":"Shrug It Off","floor":7},{"not_picked":["Power Through","Corruption"],"picked":"Heavy Blade","floor":7},{"not_picked":["Carnage","Entrench"],"picked":"Power Through","floor":8},{"not_picked":["Power Through","Entrench"],"picked":"Pommel Strike","floor":8},{"not_picked":["Pummel","Rupture","Thunderclap"],"picked":"Flex","floor":11},{"not_picked":["Dual Wield","Headbutt","Twin Strike"],"picked":"Perfected Strike","floor":11},{"not_picked":["Hemokinesis","Entrench","Body Slam"],"picked":"Pommel Strike","floor":13},{"not_picked":["Combust","Intimidate","Perfected Strike"],"picked":"Pommel Strike","floor":13},{"not_picked":["Searing Blow","Corruption","Burning Pact"],"picked":"Pommel Strike","floor":14},{"not_picked":["Sword Boomerang","Flex","Whirlwind","Second Wind"],"picked":"SKIP","floor":14},{"not_picked":["Exhume","Reaper","Berserk"],"picked":"Demon Form","floor":16},{"not_picked":["Pummel","Clothesline","Iron Wave+1"],"picked":"Pommel Strike","floor":18},{"not_picked":["Warcry","Dropkick","Fire Breathing"],"picked":"Wild Strike+1","floor":18},{"not_picked":["Whirlwind+1","Rage","Perfected Strike"],"picked":"Clash+1","floor":21},{"not_picked":["Hemokinesis","Bludgeon","True Grit","Whirlwind"],"picked":"SKIP","floor":21},{"not_picked":["Rampage","Exhume","Flex","Whirlwind"],"picked":"SKIP","floor":24},{"not_picked":["Wild Strike+1","Sentinel","Sword Boomerang+1"],"picked":"Perfected Strike","floor":30},{"not_picked":["Sword Boomerang","Armaments","Reckless Charge","Sever Soul+1"],"picked":"SKIP","floor":30},{"not_picked":["Offering","Battle Trance","Warcry","Heavy Blade"],"picked":"SKIP","floor":31},{"not_picked":["True Grit+1","Feel No Pain","Headbutt","Infernal Blade"],"picked":"SKIP","floor":31},{"not_picked":["Fiend Fire","Berserk","Impervious"],"picked":"Barricade","floor":33},{"not_picked":["Twin Strike+1","Heavy Blade+1","True Grit+1"],"picked":"Perfected Strike+1","floor":35},{"not_picked":["Twin Strike","Anger+1","Body Slam+1","Clash"],"picked":"SKIP","floor":35},{"not_picked":["Iron Wave+1","Cleave","Clothesline+1","Bloodletting"],"picked":"SKIP","floor":36},{"not_picked":["Blood for Blood","Corruption","Dropkick+1","Havoc"],"picked":"SKIP","floor":36},{"not_picked":["Headbutt+1","Entrench+1","Spot Weakness+1","Dropkick+1"],"picked":"SKIP","floor":39},{"not_picked":["Bloodletting","Carnage","Fire Breathing+1","Thunderclap"],"picked":"SKIP","floor":39},{"not_picked":["Anger","Body Slam","Feel No Pain+1"],"picked":"Demon Form","floor":44},{"not_picked":["Searing Blow+1","Disarm+1","Flex+1","Entrench+1"],"picked":"SKIP","floor":44},{"not_picked":["Wild Strike+1","Anger+1","Corruption+1"],"picked":"Perfected Strike","floor":46},{"not_picked":["Evolve","Anger","Bloodletting+1"],"picked":"Shrug It Off","floor":46},{"not_picked":["Uppercut","Corruption","Heavy Blade"],"picked":"Pommel Strike","floor":47},{"not_picked":["Armaments","Entrench","Havoc+1","Sword Boomerang"],"picked":"SKIP","floor":47},{"not_picked":["Whirlwind","Wild Strike","Sentinel"],"picked":"Pommel Strike+1","floor":48},{"not_picked":["Second Wind","Bloodletting","Shockwave","Dropkick"],"picked":"SKIP","floor":48}],"player_experience":54036,"relics_obtained":[{"floor":9,"key":"Question Card"},{"floor":20,"key":"Red Mask"},{"floor":24,"key":"Pen Nib"},{"floor":26,"key":"Ancient Tea Set"},{"floor":28,"key":"Pear"}],"event_choices":[{"damage_healed":0,"gold_gain":100,"player_choice":"Pray","damage_taken":0,"max_hp_gain":0,"max_hp_loss":0,"event_name":"Golden Shrine","floor":2,"gold_loss":0},{"damage_healed":0,"gold_gain":0,"player_choice":"Ignored","damage_taken":0,"max_hp_gain":0,"max_hp_loss":0,"event_name":"Liars Game","floor":4,"gold_loss":0},{"cards_removed":["Sword Boomerang"],"damage_healed":0,"gold_gain":0,"player_choice":"Card Removal","damage_taken":0,"max_hp_gain":0,"max_hp_loss":0,"event_name":"The Cleric","floor":10,"gold_loss":50},{"damage_healed":0,"gold_gain":0,"player_choice":"Fought Bandits","damage_taken":0,"max_hp_gain":0,"max_hp_loss":0,"event_name":"Masked Bandits","floor":20,"gold_loss":0},{"damage_healed":0,"gold_gain":99,"player_choice":"Stole From Cult","damage_taken":0,"max_hp_gain":0,"max_hp_loss":0,"event_name":"Nest","floor":25,"gold_loss":0},{"damage_healed":0,"gold_gain":222,"player_choice":"Wore Mask","damage_taken":0,"max_hp_gain":0,"max_hp_loss":0,"event_name":"Tomb of Lord Red Mask","floor":37,"gold_loss":0},{"damage_healed":0,"gold_gain":0,"player_choice":"Copied","damage_taken":0,"max_hp_gain":0,"max_hp_loss":0,"event_name":"Duplicator","floor":41,"gold_loss":0,"cards_obtained":["Perfected Strike"]}],"is_beta":false,"boss_relics":[{"not_picked":["Runic Dome","Runic Pyramid"],"picked":"Cursed Key"},{"not_picked":["Eternal Feather","Velvet Choker"],"picked":"Black Blood"}],"items_purged_floors":[19,22,38,45],"is_endless":false,"potions_floor_spawned":[5,8,13,16,24,30,31,35,39,44,48],"killed_by":"Awakened One","ascension_level":0}