{"gold_per_floor":[18,18,36,211,58,58,85,109,109,119,132,165,177,188,188,290,290,309,324,324,343,343,343,373,373,373,373,391,391,402,413,413,512,512,523,205,217,234,245,245,225,237,261,281,0,17,17,17,17,17,17,17,17,45,45],"floor_reached":56,"playtime":2646,"items_purged":["Doubt"],"score":1233,"play_id":"41e6c0dc-9f89-4d44-a943-35e8e16c889b","local_time":"20190111184656","is_ascension_mode":false,"campfire_choices":[{"data":"Carnage","floor":6.0,"key":"SMITH"},{"data":"Infernal Blade","floor":15.0,"key":"SMITH"},{"floor":23.0,"key":"REST"},{"data":"Perfected Strike","floor":25.0,"key":"SMITH"},{"data":"Flame Barrier","floor":29.0,"key":"SMITH"},{"data":"Bash","floor":32,"key":"SMITH"},{"floor":40,"key":"RECALL"},{"data":"Metallicize","floor":47,"key":"SMITH"},{"data":"Metallicize","floor":49,"key":"SMITH"},{"data":"Shrug It Off","floor":52,"key":"SMITH"}],"neow_cost":"NO_GOLD","seed_source_timestamp":0,"circlet_count":0,"master_deck":["Strike_R+1","Strike_R+1","Strike_R+1","Strike_R+1","Strike_R+1","Defend_R+1","Defend_R+1","Defend_R+1","Defend_R+1","Bash+1","Shrug It Off+1","Wild Strike","Carnage+1","Flame Barrier+1","Reaper","Infernal Blade+1","Metallicize+1","Barricade","Perfected Strike+1","Entrench+1","Perfected Strike+1","Clothesline+1","Bludgeon+1","Metallicize+1","Wild Strike+1","Body Slam+1"],"special_seed":0,"relics":["Burning Blood","StoneCalendar","Ornamental Fan","Orichalcum","Odd Mushroom","Matryoshka","Bottled Lightning","Snecko Eye","Molten Egg 2","Lantern","Bottled Flame","Velvet Choker","Self Forming Clay","Bag of Marbles","Red Mask","Pocketwatch"],"potions_floor_usage":[33,33,33,55,55,55],"damage_taken":[{"damage":0.0,"enemies":"Small Slimes","floor":1.0,"turns":4.0},{"damage":3.0,"enemies":"Jaw Worm","floor":3.0,"turns":3.0},{"damage":2.0,"enemies":"Gremlin Nob","floor":7.0,"turns":3.0},{"damage":22.0,"enemies":"The Mushroom Lair","floor":8.0,"turns":4.0},{"damage":0.0,"enemies":"2 Louse","floor":10.0,"turns":3.0},{"damage":0.0,"enemies":"2 Fungi Beasts","floor":11.0,"turns":2.0},{"damage":30.0,"enemies":"Lagavulin","floor":12.0,"turns":7.0},{"damage":0.0,"enemies":"Exordium Wildlife","floor":13.0,"turns":3.0},{"damage":12.0,"enemies":"3 Louse","floor":14.0,"turns":3.0},{"damage":25.0,"enemies":"Slime Boss","floor":16.0,"turns":7.0},{"damage":0.0,"enemies":"2 Thieves","floor":18.0,"turns":3.0},{"damage":22.0,"enemies":"Shell Parasite","floor":19.0,"turns":7.0},{"damage":28.0,"enemies":"Centurion and Healer","floor":21.0,"turns":5.0},{"damage":30.0,"enemies":"Gremlin Leader","floor":24.0,"turns":7.0},{"damage":15.0,"enemies":"Snake Plant","floor":28.0,"turns":3.0},{"damage":0.0,"enemies":"Shelled Parasite and Fungi","floor":30.0,"turns":2.0},{"damage":18.0,"enemies":"Centurion and Healer","floor":31.0,"turns":5.0},{"damage":0,"enemies":"Collector","floor":33,"turns":8},{"damage":5,"enemies":"3 Shapes","floor":35,"turns":7},{"damage":0,"enemies":"Orb Walker","floor":37,"turns":1},{"damage":5,"enemies":"4 Shapes","floor":38,"turns":5},{"damage":0,"enemies":"Jaw Worm Horde","floor":39,"turns":3},{"damage":9,"enemies":"Maw","floor":42,"turns":5},{"damage":17,"enemies":"3 Darklings","floor":44,"turns":7},{"damage":9,"enemies":"Writhing Mass","floor":46,"turns":3},{"damage":49,"enemies":"Time Eater","floor":50,"turns":9},{"damage":33,"enemies":"Shield and Spear","floor":54,"turns":5},{"damage":25,"enemies":"The Heart","floor":55,"turns":10}],"seed_played":"-3661945717101608293","potions_obtained":[{"floor":3.0,"key":"Energy Potion"},{"floor":7.0,"key":"SkillPotion"},{"floor":12.0,"key":"Weak Potion"},{"floor":14.0,"key":"PowerPotion"},{"floor":16.0,"key":"AttackPotion"},{"floor":33,"key":"PowerPotion"},{"floor":35,"key":"GamblersBrew"},{"floor":39,"key":"Strength Potion"},{"floor":41,"key":"FairyPotion"},{"floor":54,"key":"Energy Potion"}],"is_trial":false,"path_per_floor":["M","?","M","?","$","R","E","?","T","M","M","E","M","M","R","B",null,"M","M","?","M","?","R","E","R","T","?","M","R","M","M","R","B",null,"M","$","M","M","M","R","?","M","T","M","?","M","R","$","R","B",null,"R","$","E","B",null],"character_chosen":"IRONCLAD","items_purchased":["Carnage","Self Forming Clay","Metallicize"],"campfire_rested":1,"item_purchase_floors":[5,36,36],"current_hp_per_floor":[80,73,76,76,76,76,80,64,64,70,76,52,58,64,64,63,80,80,68,53,31,31,56,44,44,44,72,64,64,76,72,72,78,85,85,85,85,85,85,85,85,85,85,78,78,75,75,75,75,38,85,85,85,61,48],"gold":45,"neow_bonus":"ONE_RARE_RELIC","is_prod":false,"is_daily":false,"chose_seed":false,"campfire_upgraded":8,"win_rate":0,"timestamp":1547228816,"path_taken":["M","?","M","?","$","R","E","?","T","M","M","E","M","M","R","BOSS","M","M","?","M","?","R","E","R","T","?","M","R","M","?","R","BOSS","M","$","M","M","M","R","?","M","T","?","?","M","R","?","R","BOSS","R","$","E","BOSS"],"build_version":"2019-01-10","purchased_purges":1,"victory":true,"max_hp_per_floor":[80,80,80,80,80,80,80,80,80,80,80,80,80,80,80,80,80,80,80,85,85,85,85,85,85,85,85,85,85,85,85,85,85,85,85,85,85,85,85,85,85,85,85,85,85,85,85,85,85,85,85,85,85,85,85],"card_choices":[{"not_picked":["Cleave","Clash"],"picked":"Shrug It Off","floor":1.0},{"not_picked":["Havoc","Searing Blow"],"picked":"Wild Strike","floor":3.0},{"not_picked":["Burning Pact","Havoc","Whirlwind"],"picked":"SKIP","floor":7.0},{"not_picked":["Pummel","Twin Strike"],"picked":"Flame Barrier","floor":8.0},{"not_picked":["Heavy Blade","Clothesline"],"picked":"Reaper","floor":10.0},{"not_picked":["Headbutt","Iron Wave","Rupture"],"picked":"SKIP","floor":11.0},{"not_picked":["Body Slam","Heavy Blade"],"picked":"Infernal Blade","floor":12.0},{"not_picked":["Flex","Clothesline"],"picked":"Metallicize","floor":13.0},{"not_picked":["Clothesline","Iron Wave","Clash"],"picked":"SKIP","floor":14.0},{"not_picked":["Fiend Fire","Reaper"],"picked":"Barricade","floor":16.0},{"not_picked":["Body Slam","Twin Strike"],"picked":"Perfected Strike","floor":18.0},{"not_picked":["Thunderclap","Sword Boomerang","Burning Pact"],"picked":"SKIP","floor":19.0},{"not_picked":["Iron Wave","Twin Strike"],"picked":"Entrench+1","floor":21.0},{"not_picked":["Headbutt+1","Searing Blow","Berserk"],"picked":"SKIP","floor":24.0},{"not_picked":["Combust","Clothesline+1"],"picked":"Perfected Strike+1","floor":28.0},{"not_picked":["Headbutt+1","Dropkick+1"],"picked":"Clothesline+1","floor":30.0},{"not_picked":["Hemokinesis+1","Combust","Evolve"],"picked":"SKIP","floor":31.0},{"not_picked":["Berserk","Brutality"],"picked":"Bludgeon+1","floor":33},{"not_picked":["Warcry","Armaments","True Grit"],"picked":"SKIP","floor":35},{"not_picked":["Heavy Blade+1","Flex","Sword Boomerang+1"],"picked":"SKIP","floor":37},{"not_picked":["Havoc","Rupture+1"],"picked":"Wild Strike+1","floor":38},{"not_picked":["Juggernaut","Uppercut+1"],"picked":"Body Slam+1","floor":39},{"not_picked":["Warcry","Flex","Anger+1"],"picked":"SKIP","floor":42},{"not_picked":["Bloodletting","Havoc","Cleave+1"],"picked":"SKIP","floor":44},{"not_picked":["Heavy Blade+1","Havoc","Second Wind"],"picked":"SKIP","floor":46},{"not_picked":["Headbutt+1","Armaments+1","Battle Trance"],"picked":"SKIP","floor":54}],"player_experience":267756,"relics_obtained":[{"floor":7.0,"key":"Orichalcum"},{"floor":8.0,"key":"Odd Mushroom"},{"floor":9.0,"key":"Matryoshka"},{"floor":12.0,"key":"Bottled Lightning"},{"floor":24.0,"key":"Molten Egg 2"},{"floor":26.0,"key":"Lantern"},{"floor":26.0,"key":"Bottled Flame"},{"floor":43,"key":"Bag of Marbles"},{"floor":54,"key":"Pocketwatch"}],"event_choices":[{"damage_healed":0.0,"max_hp_gain":0.0,"max_hp_loss":0.0,"gold_gain":0.0,"event_name":"Scrap Ooze","player_choice":"Success","floor":2.0,"gold_loss":0.0,"damage_taken":7.0,"relics_obtained":["Ornamental Fan"]},{"damage_healed":0.0,"max_hp_gain":0.0,"max_hp_loss":0.0,"gold_gain":175.0,"event_name":"Liars Game","player_choice":"AGREE","floor":4.0,"gold_loss":0.0,"damage_taken":0.0,"cards_obtained":["Doubt"]},{"damage_healed":0.0,"max_hp_gain":0.0,"max_hp_loss":0.0,"gold_gain":0.0,"event_name":"Mushrooms","player_choice":"Fought Mushrooms","floor":8.0,"gold_loss":0.0,"damage_taken":0.0},{"damage_healed":0.0,"max_hp_gain":5.0,"max_hp_loss":0.0,"gold_gain":0.0,"event_name":"Forgotten Altar","player_choice":"Shed Blood","floor":20.0,"gold_loss":0.0,"damage_taken":20.0},{"damage_healed":0.0,"max_hp_gain":0.0,"max_hp_loss":0.0,"gold_gain":0.0,"event_name":"Back to Basics","player_choice":"Simplicity","floor":22.0,"gold_loss":0.0,"damage_taken":0.0,"cards_upgraded":["Strike_R","Strike_R","Strike_R","Strike_R","Strike_R","Defend_R","Defend_R","Defend_R","Defend_R"]},{"damage_healed":28.0,"max_hp_gain":0.0,"max_hp_loss":0.0,"gold_gain":0.0,"event_name":"The Library","player_choice":"Heal","floor":27.0,"gold_loss":0.0,"damage_taken":0.0},{"damage_healed":0,"gold_gain":0,"player_choice":"Bought 1 Potion","damage_taken":0,"max_hp_gain":0,"max_hp_loss":0,"event_name":"The Woman in Blue","floor":41,"gold_loss":0},{"damage_healed":0,"gold_gain":0,"player_choice":"Paid","damage_taken":0,"relics_obtained":["Red Mask"],"max_hp_gain":0,"max_hp_loss":0,"event_name":"Tomb of Lord Red Mask","floor":45,"gold_loss":281}],"is_beta":false,"boss_relics":[{"not_picked":["Black Blood","Runic Dome"],"picked":"Snecko Eye"},{"not_picked":["Black Star","Calling Bell"],"picked":"Velvet Choker"}],"items_purged_floors":[5],"is_endless":false,"potions_floor_spawned":[3,7,12,14,16,18,19,28,31,33,35,39,42,54],"ascension_level":0}