{"gold_per_floor":[16,16,26,26,43,43,369,359,438,455,455,475,401,35,35,137,137,147,35,0,0,0],"floor_reached":22,"playtime":673,"items_purged":[],"score":184,"play_id":"7037b996-6cfe-48a3-bab9-1f20ddaa35eb","local_time":"20190115151843","is_ascension_mode":false,"campfire_choices":[{"data":"Echo Form","floor":6,"key":"SMITH"},{"floor":15,"key":"REST"}],"neow_cost":"NO_GOLD","seed_source_timestamp":442931107665158,"circlet_count":0,"master_deck":["Strike_B","Strike_B","Strike_B","Strike_B","Defend_B","Defend_B","Defend_B","Defend_B","Dualcast","Echo Form+1","Cold Snap","Sweeping Beam","Barrage","Gash","Capacitor","Glacier","Self Repair","Necronomicurse"],"relics":["Cracked Core","Old Coin","Vajra","Strange Spoon","Cursed Key","Necronomicon"],"potions_floor_usage":[7,16],"damage_taken":[{"damage":12,"enemies":"Small Slimes","floor":1,"turns":4},{"damage":6,"enemies":"Cultist","floor":3,"turns":4},{"damage":5,"enemies":"2 Louse","floor":5,"turns":3},{"damage":12,"enemies":"Gremlin Nob","floor":7,"turns":4},{"damage":8,"enemies":"Exordium Thugs","floor":8,"turns":4},{"damage":12,"enemies":"Large Slime","floor":10,"turns":6},{"damage":8,"enemies":"Looter","floor":12,"turns":3},{"damage":47,"enemies":"The Guardian","floor":16,"turns":18},{"damage":15,"enemies":"Chosen","floor":18,"turns":6},{"damage":47,"enemies":"2 Thieves","floor":22,"turns":3}],"seed_played":"-185874441247786213","potions_obtained":[{"floor":2,"key":"Poison Potion"},{"floor":2,"key":"GamblersBrew"},{"floor":2,"key":"LiquidBronze"},{"floor":7,"key":"FearPotion"},{"floor":10,"key":"Regen Potion"},{"floor":16,"key":"Strength Potion"}],"is_trial":false,"path_per_floor":["M","?","M","$","M","R","E","M","T","M","?","M","$","$","R","B",null,"M","$","?","?","M"],"character_chosen":"DEFECT","items_purchased":["Capacitor","Vajra","Strange Spoon","Glacier","Self Repair"],"campfire_rested":1,"item_purchase_floors":[13,14,14,19,19],"current_hp_per_floor":[63,63,57,57,52,52,40,32,32,20,20,12,12,12,34,2,75,60,60,60,44,0],"gold":0,"neow_bonus":"THREE_RARE_CARDS","is_prod":false,"is_daily":false,"chose_seed":false,"campfire_upgraded":1,"win_rate":0,"timestamp":1547561923,"path_taken":["M","?","M","$","?","R","E","M","T","M","?","M","?","$","R","BOSS","M","$","?","?","M"],"build_version":"2019-01-10","purchased_purges":0,"victory":false,"max_hp_per_floor":[75,75,75,75,75,75,75,75,75,75,75,75,75,75,75,75,75,75,75,75,75,75],"card_choices":[{"not_picked":["Seek","Multi-Cast"],"picked":"Echo Form","floor":0},{"not_picked":["Gash","Auto Shields"],"picked":"Cold Snap","floor":1},{"not_picked":["Double Energy","Turbo"],"picked":"Sweeping Beam","floor":3},{"not_picked":["Beam Cell","Leap","Compile Driver"],"picked":"SKIP","floor":5},{"not_picked":["Hologram","Sweeping Beam"],"picked":"Barrage","floor":7},{"not_picked":["Compile Driver","Go for the Eyes","Storm"],"picked":"SKIP","floor":8},{"not_picked":["Conserve Battery","Turbo"],"picked":"Gash","floor":10},{"not_picked":["Doom and Gloom","Compile Driver","Steam Power"],"picked":"SKIP","floor":12},{"not_picked":["Rebound","Ball Lightning","Redo"],"picked":"SKIP","floor":18}],"player_experience":421697,"relics_obtained":[{"floor":7,"key":"Old Coin"},{"floor":21,"key":"Necronomicon"}],"event_choices":[{"damage_healed":0,"gold_gain":0,"player_choice":"Got Potions","damage_taken":0,"max_hp_gain":0,"max_hp_loss":0,"event_name":"Lab","floor":2,"gold_loss":0},{"cards_removed":["Zap"],"damage_healed":0,"gold_gain":0,"player_choice":"Purged","damage_taken":0,"max_hp_gain":0,"max_hp_loss":0,"event_name":"Purifier","floor":11,"gold_loss":0},{"damage_healed":0,"gold_gain":0,"player_choice":"Paid Fearfully","damage_taken":0,"max_hp_gain":0,"max_hp_loss":0,"event_name":"Masked Bandits","floor":20,"gold_loss":35},{"damage_healed":0,"gold_gain":0,"player_choice":"Obtained Book","damage_taken":16,"max_hp_gain":0,"max_hp_loss":0,"event_name":"Cursed Tome","floor":21,"gold_loss":0}],"is_beta":false,"boss_relics":[{"not_picked":["Busted Crown","Calling Bell"],"picked":"Cursed Key"}],"items_purged_floors":[],"is_endless":false,"potions_floor_spawned":[7,8,10,16],"killed_by":"2 Thieves","ascension_level":0}