{"gold_per_floor":[113,113,188,205,217,252,252,284,284,313,378,147,174,190,190,294,294,314,314,332,43,55,55,86,97,168,195,210,210,135,166,166,263,263,282,242,257,56,56,84,34,44,96,109,109,109,138,38,38,38,38,38,38,73,73],"floor_reached":55,"playtime":2740,"items_purged":["Strike_B","Defend_B","Strike_B","Turbo+1","Defend_B"],"score":915,"play_id":"c16398ac-0f58-4e9d-b38c-f31867a132c6","local_time":"20190112152057","is_ascension_mode":true,"campfire_choices":[{"data":"Conserve Battery","floor":7,"key":"SMITH"},{"data":"Cold Snap","floor":15,"key":"SMITH"},{"data":"Electrodynamics","floor":23,"key":"SMITH"},{"floor":29,"key":"RECALL"},{"data":"FTL","floor":32,"key":"SMITH"},{"floor":45,"key":"REST"},{"floor":49,"key":"REST"},{"floor":52,"key":"REST"}],"neow_cost":"NONE","seed_source_timestamp":143327592739702,"circlet_count":0,"master_deck":["Defend_B","Zap+1","Dualcast+1","Gash+1","Cold Snap+1","Conserve Battery+1","White Noise+1","Gash+1","Coolheaded+1","FTL+1","Conserve Battery+1","Coolheaded+1","Electrodynamics+1","Redo+1","Gash+1","Gash+1","Beam Cell+1","Defragment+1","Scrape","FTL+1"],"relics":["Cracked Core","Meat on the Bone","Pantograph","Toxic Egg 2","Nunchaku","Pear","Bronze Scales","Smiling Mask","Orrery","Shuriken","Strawberry","Anchor","Bag of Preparation","Fusion Hammer","War Paint","Pocketwatch","Potion Belt","Whetstone","Singing Bowl","Emotion Chip"],"potions_floor_usage":[6,11,25,31,31,33,47,54,54,55,55],"damage_taken":[{"damage":2,"enemies":"Jaw Worm","floor":1,"turns":3},{"damage":0,"enemies":"Cultist","floor":4,"turns":2},{"damage":4,"enemies":"2 Louse","floor":5,"turns":2},{"damage":12,"enemies":"Gremlin Nob","floor":6,"turns":4},{"damage":22,"enemies":"3 Sentries","floor":8,"turns":10},{"damage":19,"enemies":"Gremlin Nob","floor":10,"turns":5},{"damage":19,"enemies":"Lagavulin Event","floor":11,"turns":6},{"damage":9,"enemies":"3 Sentries","floor":13,"turns":8},{"damage":0,"enemies":"Blue Slaver","floor":14,"turns":2},{"damage":33,"enemies":"Hexaghost","floor":16,"turns":9},{"damage":5,"enemies":"3 Byrds","floor":18,"turns":3},{"damage":0,"enemies":"Chosen","floor":20,"turns":4},{"damage":0,"enemies":"Centurion and Healer","floor":22,"turns":3},{"damage":14,"enemies":"Slavers","floor":24,"turns":2},{"damage":1,"enemies":"Chosen and Byrds","floor":25,"turns":3},{"damage":2,"enemies":"Book of Stabbing","floor":27,"turns":5},{"damage":6,"enemies":"Snecko","floor":28,"turns":5},{"damage":0,"enemies":"Slavers","floor":31,"turns":3},{"damage":37,"enemies":"Collector","floor":33,"turns":8},{"damage":0,"enemies":"3 Darklings","floor":35,"turns":3},{"damage":14,"enemies":"Orb Walker","floor":37,"turns":3},{"damage":11,"enemies":"Giant Head","floor":40,"turns":7},{"damage":0,"enemies":"Jaw Worm Horde","floor":42,"turns":2},{"damage":5,"enemies":"Spire Growth","floor":44,"turns":4},{"damage":5,"enemies":"Reptomancer","floor":47,"turns":3},{"damage":17,"enemies":"Donu and Deca","floor":50,"turns":7},{"damage":9,"enemies":"Shield and Spear","floor":54,"turns":4},{"damage":100,"enemies":"The Heart","floor":55,"turns":5}],"seed_played":"-4248174285857677812","potions_obtained":[{"floor":1,"key":"Poison Potion"},{"floor":8,"key":"LiquidBronze"},{"floor":10,"key":"SpeedPotion"},{"floor":11,"key":"Strength Potion"},{"floor":20,"key":"Poison Potion"},{"floor":24,"key":"FocusPotion"},{"floor":25,"key":"AttackPotion"},{"floor":28,"key":"Regen Potion"},{"floor":36,"key":"FearPotion"},{"floor":36,"key":"SneckoOil"},{"floor":36,"key":"Explosive Potion"},{"floor":40,"key":"Block Potion"}],"is_trial":false,"path_per_floor":["M","?","?","M","M","E","R","E","T","E","?","$","E","M","R","B",null,"M","?","M","$","M","R","E","M","T","E","M","R","?","E","R","B",null,"M","?","M","$","T","E","$","M","T","M","R","?","E","$","R","B",null,"R","$","E","B"],"character_chosen":"DEFECT","items_purchased":["Bronze Scales","Shuriken","War Paint","Swift Potion"],"campfire_rested":3,"item_purchase_floors":[12,21,38,48],"current_hp_per_floor":[73,78,70,70,66,54,54,44,44,37,40,40,43,55,55,47,90,85,85,85,85,85,85,78,77,77,75,69,69,69,81,81,60,97,97,97,83,83,83,72,72,72,72,67,96,96,93,93,99,82,99,99,99,90,0],"gold":73,"neow_bonus":"UPGRADE_CARD","is_prod":false,"is_daily":false,"chose_seed":false,"campfire_upgraded":4,"win_rate":0,"timestamp":1547319057,"path_taken":["M","?","?","M","?","E","R","E","T","E","?","$","E","M","R","BOSS","M","?","M","$","M","R","E","?","T","E","M","R","?","E","R","BOSS","M","?","M","$","?","E","$","M","T","M","R","?","E","?","R","BOSS","R","$","E","BOSS"],"build_version":"2019-01-10","purchased_purges":5,"victory":false,"max_hp_per_floor":[75,80,80,80,80,80,80,80,80,80,90,90,90,90,90,90,90,90,90,90,90,90,90,97,97,97,97,97,97,97,97,97,97,97,97,97,97,97,97,97,97,97,97,97,97,97,99,99,99,99,99,99,99,99,99],"card_choices":[{"not_picked":["Heatsinks","Barrage"],"picked":"Gash","floor":1},{"not_picked":["Blizzard","Self Repair","Static Discharge"],"picked":"SKIP","floor":4},{"not_picked":["Chaos","Hologram"],"picked":"Cold Snap","floor":5},{"not_picked":["Steam","Leap"],"picked":"Conserve Battery","floor":6},{"not_picked":["Streamline","Beam Cell","Steam"],"picked":"SKIP","floor":8},{"not_picked":["Reprogram+1","Undo+1","Skim+1"],"picked":"SKIP","floor":10},{"not_picked":["Conserve Battery+1","Skim+1"],"picked":"White Noise+1","floor":13},{"not_picked":["Compile Driver","Rebound","Turbo+1"],"picked":"SKIP","floor":14},{"not_picked":["Skim+1","Glacier+1"],"picked":"Gash","floor":17},{"not_picked":["Streamline","Leap+1"],"picked":"Coolheaded+1","floor":17},{"not_picked":["Lockon","Scrape"],"picked":"FTL","floor":18},{"not_picked":["Compile Driver+1","Fusion+1"],"picked":"Coolheaded+1","floor":20},{"not_picked":["Beam Cell","Cold Snap"],"picked":"Electrodynamics","floor":22},{"not_picked":["Rip and Tear","Scrape+1"],"picked":"Redo+1","floor":24},{"not_picked":["Barrage","Sweeping Beam"],"picked":"Turbo+1","floor":25},{"not_picked":["Redo+1","Turbo+1"],"picked":"Gash+1","floor":27},{"not_picked":["Go for the Eyes+1","Rebound","Aggregate+1"],"picked":"SKIP","floor":28},{"not_picked":["Loop","Streamline"],"picked":"Gash+1","floor":31},{"not_picked":["Rebound","Steam Power+1","Steam+1"],"picked":"SKIP","floor":35},{"not_picked":["Melter+1","Redo+1"],"picked":"Beam Cell+1","floor":37},{"not_picked":["Cold Snap","Stack+1"],"picked":"Defragment+1","floor":40},{"not_picked":["Genetic Algorithm+1","Sunder","Redo+1"],"picked":"SKIP","floor":42},{"not_picked":["Sunder","Tempest+1"],"picked":"Scrape","floor":44},{"not_picked":["Conserve Battery+1","Heatsinks+1","Beam Cell+1"],"picked":"Singing Bowl","floor":47},{"not_picked":["Beam Cell+1","Sunder+1"],"picked":"FTL+1","floor":54}],"player_experience":164749,"relics_obtained":[{"floor":6,"key":"Meat on the Bone"},{"floor":8,"key":"Pantograph"},{"floor":9,"key":"Toxic Egg 2"},{"floor":10,"key":"Nunchaku"},{"floor":13,"key":"Smiling Mask"},{"floor":24,"key":"Strawberry"},{"floor":27,"key":"Anchor"},{"floor":31,"key":"Bag of Preparation"},{"floor":39,"key":"Pocketwatch"},{"floor":40,"key":"Potion Belt"},{"floor":43,"key":"Whetstone"},{"floor":47,"key":"Singing Bowl"},{"floor":54,"key":"Emotion Chip"}],"event_choices":[{"damage_healed":0,"gold_gain":0,"player_choice":"Donut","damage_taken":0,"max_hp_gain":5,"max_hp_loss":0,"event_name":"Big Fish","floor":2,"gold_loss":0},{"damage_healed":0,"gold_gain":75,"player_choice":"Touch","damage_taken":8,"max_hp_gain":0,"max_hp_loss":0,"event_name":"FaceTrader","floor":3,"gold_loss":0},{"damage_healed":0,"gold_gain":0,"player_choice":"Searched \u00273\u0027 times","damage_taken":0,"relics_obtained":["Pear"],"max_hp_gain":0,"max_hp_loss":0,"event_name":"Dead Adventurer","floor":11,"gold_loss":0},{"damage_healed":0,"gold_gain":0,"cards_transformed":["Strike_B"],"player_choice":"Transformed","damage_taken":0,"max_hp_gain":0,"max_hp_loss":0,"event_name":"Transmorgrifier","floor":19,"gold_loss":0,"cards_obtained":["Conserve Battery"]},{"cards_removed":["Strike_B"],"damage_healed":0,"gold_gain":0,"player_choice":"Gave Gold","damage_taken":0,"max_hp_gain":0,"max_hp_loss":0,"event_name":"Beggar","floor":30,"gold_loss":75},{"damage_healed":0,"gold_gain":0,"player_choice":"Bought 3 Potions","damage_taken":0,"max_hp_gain":0,"max_hp_loss":0,"event_name":"The Woman in Blue","floor":36,"gold_loss":0},{"cards_removed":["Defend_B"],"damage_healed":0,"gold_gain":0,"player_choice":"Removed Skill","damage_taken":0,"max_hp_gain":0,"max_hp_loss":0,"event_name":"Falling","floor":46,"gold_loss":0}],"is_beta":false,"boss_relics":[{"not_picked":["Philosopher\u0027s Stone","Ectoplasm"],"picked":"Orrery"},{"not_picked":["Black Star","Runic Dome"],"picked":"Fusion Hammer"}],"items_purged_floors":[12,21,38,41,48],"is_endless":false,"potions_floor_spawned":[1,8,10,11,20,24,25,28,40],"killed_by":"The Heart","ascension_level":2}