{"path_per_floor":["M","M","M","?","?","E","R","M","T","$","M","M","R","M","R","B",null,"M","M","M","$"],"character_chosen":"IRONCLAD","items_purchased":["Heavy Blade","Bronze Scales","Ghostly Armor"],"gold_per_floor":[115,126,141,141,216,247,247,266,266,17,27,39,39,51,51,147,147,135,147,167,96,96],"floor_reached":22,"campfire_rested":2,"playtime":1393,"item_purchase_floors":[10,10,21],"current_hp_per_floor":[76,78,77,77,66,45,45,35,35,35,33,24,48,7,31,25,80,60,65,37,37,0],"items_purged":["Warcry"],"gold":96,"score":190,"play_id":"ed3326c2-c6ae-497b-80e1-7752768ebe95","local_time":"20180614235423","is_prod":false,"is_daily":false,"chose_seed":false,"is_ascension_mode":false,"campfire_upgraded":1,"win_rate":0.0,"timestamp":1529013263,"campfire_choices":[{"data":"Demon Form","floor":7,"key":"SMITH"},{"floor":13,"key":"REST"},{"floor":15,"key":"REST"}],"path_taken":["M","M","M","?","?","E","R","M","T","$","?","M","R","M","R","BOSS","M","?","M","$","M"],"build_version":"2018-06-07v3","seed_source_timestamp":599123499853104,"purchased_purges":1,"victory":false,"master_deck":["Strike_R","Strike_R","Strike_R","Strike_R","Strike_R","Defend_R","Defend_R","Defend_R","Defend_R","Anger","Metallicize","Demon Form+1","Burning Pact","Heavy Blade","Clothesline","Fire Breathing","Cleave","Berserk","Anger","Armaments","Heavy Blade","Ghostly Armor"],"max_hp_per_floor":[80,80,80,80,80,80,80,80,80,80,80,80,80,80,80,80,80,80,80,80,80,80],"relics":["Burning Blood","Champion Belt","Ice Cream","Bronze Scales","Cursed Key"],"card_choices":[{"not_picked":["Heavy Blade","Iron Wave"],"picked":"Anger","floor":1},{"not_picked":["Shrug It Off","Twin Strike"],"picked":"Metallicize","floor":2},{"not_picked":["Spot Weakness","Rampage"],"picked":"Warcry","floor":3},{"not_picked":["Reaper","Shrug It Off"],"picked":"Demon Form","floor":6},{"not_picked":["Flex","Disarm"],"picked":"Burning Pact","floor":8},{"not_picked":["Hemokinesis","Flex"],"picked":"Clothesline","floor":11},{"not_picked":["Thunderclap","Entrench"],"picked":"Fire Breathing","floor":12},{"not_picked":["Flex","True Grit"],"picked":"Cleave","floor":14},{"not_picked":["Impervious","Offering"],"picked":"Berserk","floor":16},{"not_picked":["Perfected Strike","Clothesline+1"],"picked":"Anger","floor":18},{"not_picked":["Intimidate","Clash"],"picked":"Armaments","floor":19},{"not_picked":["Clash","Perfected Strike"],"picked":"Heavy Blade","floor":20}],"player_experience":9710,"potions_floor_usage":[14,16,16,22],"damage_taken":[{"damage":10,"enemies":"Small Slimes","floor":1,"turns":6},{"damage":4,"enemies":"Cultist","floor":2,"turns":4},{"damage":7,"enemies":"2 Louse","floor":3,"turns":3},{"damage":27,"enemies":"3 Sentries","floor":6,"turns":8},{"damage":16,"enemies":"Blue Slaver","floor":8,"turns":5},{"damage":8,"enemies":"Red Slaver","floor":11,"turns":5},{"damage":15,"enemies":"Exordium Wildlife","floor":12,"turns":4},{"damage":47,"enemies":"Gremlin Gang","floor":14,"turns":4},{"damage":12,"enemies":"Hexaghost","floor":16,"turns":7},{"damage":26,"enemies":"2 Thieves","floor":18,"turns":4},{"damage":1,"enemies":"Chosen","floor":19,"turns":5},{"damage":34,"enemies":"Sentry and Sphere","floor":20,"turns":6},{"damage":42,"enemies":"Cultist and Chosen","floor":22,"turns":5}],"relics_obtained":[{"floor":6,"key":"Champion Belt"},{"floor":9,"key":"Ice Cream"}],"event_choices":[{"event_name":"The Woman in Blue","player_choice":"Bought 0 Potions","floor":4,"damage_taken":0},{"event_name":"World of Goop","player_choice":"Gather Gold","floor":5,"damage_taken":0}],"boss_relics":[{"not_picked":["Calling Bell","Orrery"],"picked":"Cursed Key"}],"items_purged_floors":[10],"potions_floor_spawned":[3,8,11,18],"seed_played":"6056367144019262729","killed_by":"Cultist and Chosen","ascension_level":0,"potions_obtained":[{"floor":3,"key":"Poison Potion"},{"floor":8,"key":"Strength Potion"},{"floor":11,"key":"AttackPotion"},{"floor":18,"key":"SpeedPotion"}],"is_trial":false}