{"gold_per_floor":[111,122,297,105,117,146,146,171,171,190,190,220,240,252,252,352,352,365,377,377,83,83,116,116,116,116,143,159,179,199,234,234,333,333,347,100,112,123,223,252,265,296,372,372,407,425,155,155,155,155],"floor_reached":51,"playtime":4255,"items_purged":["Doubt","Normality","Strike_R"],"score":1056,"play_id":"4e6ef786-282e-43ea-a640-2e9fe7e0d37f","local_time":"20190129205318","is_ascension_mode":true,"campfire_choices":[{"data":"Corruption","floor":7.0,"key":"SMITH"},{"data":"True Grit","floor":11.0,"key":"SMITH"},{"data":"Double Tap","floor":15.0,"key":"SMITH"},{"data":"Dark Embrace","floor":25.0,"key":"SMITH"},{"data":"Burning Pact","floor":32.0,"key":"SMITH"},{"data":"Feel No Pain","floor":44.0,"key":"SMITH"},{"data":"Juggernaut","floor":49.0,"key":"SMITH"}],"neow_cost":"CURSE","seed_source_timestamp":0,"circlet_count":0,"master_deck":["Strike_R","Strike_R","Strike_R","Defend_R","Defend_R","Defend_R","Defend_R","Bash","Immolate","Shockwave","Burning Pact+1","Corruption+1","True Grit+1","Shrug It Off","Double Tap+1","Impervious","True Grit","Entrench","Clash","Headbutt","Juggernaut+1","Dual Wield+1","Armaments+1","Dark Embrace+1","Feed","Shrug It Off","Seeing Red","Feel No Pain+1","Corruption+1","Demon Form+1"],"special_seed":0,"relics":["Burning Blood","Oddly Smooth Stone","Incense Burner","Question Card","PreservedInsect","Coffee Dripper","Ice Cream","Nilry\u0027s Codex","Singing Bowl","Torii","Bronze Scales","Happy Flower","Eternal Feather","Pen Nib","Ginger","Omamori","Regal Pillow","Frozen Egg 2","Darkstone Periapt"],"potions_floor_usage":[50,50,50,50],"damage_taken":[{"damage":2.0,"enemies":"Jaw Worm","floor":1.0,"turns":3.0},{"damage":3.0,"enemies":"Small Slimes","floor":2.0,"turns":2.0},{"damage":0.0,"enemies":"2 Louse","floor":5.0,"turns":1.0},{"damage":13.0,"enemies":"Lagavulin","floor":6.0,"turns":5.0},{"damage":26.0,"enemies":"Gremlin Nob","floor":8.0,"turns":5.0},{"damage":11.0,"enemies":"Exordium Thugs","floor":10.0,"turns":2.0},{"damage":1.0,"enemies":"Lagavulin","floor":12.0,"turns":8.0},{"damage":0.0,"enemies":"Large Slime","floor":13.0,"turns":5.0},{"damage":3.0,"enemies":"Lots of Slimes","floor":14.0,"turns":2.0},{"damage":20.0,"enemies":"The Guardian","floor":16.0,"turns":9.0},{"damage":0.0,"enemies":"Chosen","floor":18.0,"turns":4.0},{"damage":8.0,"enemies":"2 Thieves","floor":19.0,"turns":4.0},{"damage":0.0,"enemies":"Book of Stabbing","floor":23.0,"turns":4.0},{"damage":0.0,"enemies":"Gremlin Leader","floor":27.0,"turns":4.0},{"damage":0.0,"enemies":"Sentry and Sphere","floor":28.0,"turns":4.0},{"damage":0.0,"enemies":"Cultist and Chosen","floor":29.0,"turns":4.0},{"damage":37.0,"enemies":"Snake Plant","floor":30.0,"turns":3.0},{"damage":33.0,"enemies":"Book of Stabbing","floor":31.0,"turns":3.0},{"damage":27.0,"enemies":"Champ","floor":33.0,"turns":9.0},{"damage":26.0,"enemies":"3 Darklings","floor":35.0,"turns":4.0},{"damage":0.0,"enemies":"3 Shapes","floor":37.0,"turns":4.0},{"damage":10.0,"enemies":"Sphere and 2 Shapes","floor":38.0,"turns":4.0},{"damage":0.0,"enemies":"Mind Bloom Boss Battle","floor":39.0,"turns":5.0},{"damage":0.0,"enemies":"Reptomancer","floor":40.0,"turns":3.0},{"damage":9.0,"enemies":"3 Darklings","floor":41.0,"turns":5.0},{"damage":0.0,"enemies":"Giant Head","floor":42.0,"turns":4.0},{"damage":9.0,"enemies":"Reptomancer","floor":45.0,"turns":4.0},{"damage":0.0,"enemies":"Maw","floor":46.0,"turns":5.0},{"damage":7,"enemies":"Time Eater","floor":50,"turns":6}],"seed_played":"5641743725258195466","potions_obtained":[{"floor":1.0,"key":"Dexterity Potion"},{"floor":12.0,"key":"Dexterity Potion"},{"floor":14.0,"key":"PowerPotion"},{"floor":16.0,"key":"PowerPotion"},{"floor":29.0,"key":"Fruit Juice"},{"floor":30.0,"key":"SkillPotion"},{"floor":31.0,"key":"Fire Potion"},{"floor":33.0,"key":"Weak Potion"},{"floor":37.0,"key":"BloodPotion"},{"floor":42.0,"key":"EntropicBrew"}],"is_trial":false,"path_per_floor":["M","M","?","$","M","E","R","E","T","M","R","E","M","M","R","B",null,"M","M","?","$","?","E","?","R","T","E","M","M","M","E","R","B",null,"M","$","M","M","?","E","M","E","T","R","E","M","$","?","R","B",null],"character_chosen":"IRONCLAD","items_purchased":["Corruption","True Grit","Ice Cream","Pen Nib","Demon Form+1"],"campfire_rested":0,"item_purchase_floors":[4,4,21,36,47],"current_hp_per_floor":[80,80,80,80,80,73,73,53,53,48,48,53,59,62,62,48,80,80,78,78,78,62,68,68,68,68,77,83,91,62,37,37,18,97,79,79,95,96,108,116,115,123,123,126,125,133,133,133,133,135],"gold":155,"neow_bonus":"THREE_RARE_CARDS","is_prod":false,"is_daily":false,"chose_seed":false,"campfire_upgraded":7,"win_rate":0,"timestamp":1548762798,"path_taken":["M","M","?","$","M","E","R","E","T","M","R","E","M","M","R","BOSS","M","M","?","$","?","E","?","R","T","E","M","M","M","E","R","BOSS","M","$","M","M","?","E","M","E","T","R","E","M","$","?","R","BOSS"],"build_version":"2019-01-23","purchased_purges":3,"victory":true,"max_hp_per_floor":[80,80,80,80,80,80,80,80,80,80,80,80,80,80,80,80,80,80,80,80,80,80,80,80,80,80,83,83,91,93,95,95,97,97,99,99,109,114,120,122,124,126,126,126,128,133,133,133,133,136],"card_choices":[{"not_picked":["Offering","Double Tap"],"picked":"Immolate","floor":0.0},{"not_picked":["Rampage","Sever Soul"],"picked":"Shockwave","floor":1.0},{"not_picked":["Cleave","Clothesline"],"picked":"Burning Pact","floor":2.0},{"not_picked":["Havoc","Perfected Strike"],"picked":"Shrug It Off","floor":5.0},{"not_picked":["Evolve","Flex"],"picked":"Double Tap","floor":6.0},{"not_picked":["Rampage","Armaments"],"picked":"Impervious","floor":8.0},{"not_picked":["Perfected Strike","Wild Strike","Hemokinesis"],"picked":"True Grit","floor":10.0},{"not_picked":["Second Wind","Cleave","Perfected Strike"],"picked":"Entrench","floor":12.0},{"not_picked":["Iron Wave","Uppercut","True Grit"],"picked":"Clash","floor":13.0},{"not_picked":["True Grit","Perfected Strike","Heavy Blade"],"picked":"Headbutt","floor":14.0},{"not_picked":["Barricade","Demon Form","Exhume"],"picked":"Juggernaut","floor":16.0},{"not_picked":["Sword Boomerang","Rampage+1","Perfected Strike"],"picked":"Dual Wield+1","floor":18.0},{"not_picked":["Pommel Strike+1","Combust+1","Carnage"],"picked":"Armaments+1","floor":19.0},{"not_picked":["True Grit","Wild Strike+1","Combust"],"picked":"Dark Embrace","floor":23.0},{"not_picked":["Reckless Charge+1","True Grit","Heavy Blade"],"picked":"Shrug It Off","floor":27.0},{"not_picked":["Heavy Blade","Anger","Clothesline+1"],"picked":"Seeing Red","floor":28.0},{"not_picked":["Iron Wave","Thunderclap","Rupture"],"picked":"Feel No Pain","floor":29.0},{"not_picked":["Shrug It Off","Headbutt","Cleave","True Grit"],"picked":"Singing Bowl","floor":30.0},{"not_picked":["Dark Embrace","Shockwave","Metallicize","Seeing Red+1"],"picked":"Singing Bowl","floor":31.0},{"not_picked":["Double Tap","Berserk","Offering","Immolate"],"picked":"Singing Bowl","floor":33.0},{"not_picked":["Ghostly Armor+1","Shockwave","Thunderclap","Twin Strike+1"],"picked":"Singing Bowl","floor":35.0},{"not_picked":["Twin Strike+1","Cleave","Perfected Strike+1"],"picked":"Corruption+1","floor":37.0},{"not_picked":["Power Through","Cleave+1","Fire Breathing","Second Wind"],"picked":"Singing Bowl","floor":38.0},{"not_picked":["Disarm+1","Spot Weakness","Havoc+1","Shrug It Off+1"],"picked":"Singing Bowl","floor":39.0},{"not_picked":["Feed","Combust+1","Warcry+1","Armaments+1"],"picked":"Singing Bowl","floor":40.0},{"not_picked":["Flame Barrier","Clash","Spot Weakness","Warcry"],"picked":"Singing Bowl","floor":41.0},{"not_picked":["Whirlwind+1","Headbutt","Rupture+1","Anger+1"],"picked":"Singing Bowl","floor":42.0},{"not_picked":["Warcry+1","Searing Blow","Pummel+1","Heavy Blade"],"picked":"Singing Bowl","floor":45.0},{"not_picked":["Carnage+1","Pommel Strike+1","Wild Strike+1","Headbutt+1"],"picked":"Singing Bowl","floor":46.0}],"player_experience":111450,"relics_obtained":[{"floor":6.0,"key":"Oddly Smooth Stone"},{"floor":8.0,"key":"Incense Burner"},{"floor":9.0,"key":"Question Card"},{"floor":12.0,"key":"PreservedInsect"},{"floor":22.0,"key":"Nilry\u0027s Codex"},{"floor":23.0,"key":"Singing Bowl"},{"floor":26.0,"key":"Torii"},{"floor":27.0,"key":"Bronze Scales"},{"floor":31.0,"key":"Happy Flower"},{"floor":39.0,"key":"Ginger"},{"floor":40.0,"key":"Omamori"},{"floor":42.0,"key":"Regal Pillow"},{"floor":43.0,"key":"Frozen Egg 2"},{"floor":45.0,"key":"Darkstone Periapt"}],"event_choices":[{"damage_healed":0.0,"max_hp_gain":0.0,"max_hp_loss":0.0,"gold_gain":175.0,"event_name":"Liars Game","player_choice":"AGREE","floor":3.0,"gold_loss":0.0,"damage_taken":0.0,"cards_obtained":["Doubt"]},{"cards_removed":["Strike_R"],"damage_healed":0.0,"max_hp_gain":0.0,"max_hp_loss":0.0,"gold_gain":0.0,"event_name":"Back to Basics","player_choice":"Elegance","floor":20.0,"gold_loss":0.0,"damage_taken":0.0},{"damage_healed":0.0,"max_hp_gain":0.0,"max_hp_loss":0.0,"gold_gain":0.0,"event_name":"Cursed Tome","player_choice":"Obtained Book","floor":22.0,"gold_loss":0.0,"damage_taken":16.0},{"damage_healed":0.0,"max_hp_gain":0.0,"max_hp_loss":0.0,"gold_gain":0.0,"event_name":"Match and Keep!","player_choice":"1 cards matched","floor":24.0,"gold_loss":0.0,"damage_taken":0.0,"cards_obtained":["Feed"]},{"damage_healed":0.0,"max_hp_gain":0.0,"max_hp_loss":0.0,"gold_gain":0.0,"event_name":"MindBloom","player_choice":"Fight","floor":39.0,"gold_loss":0.0,"damage_taken":0.0},{"damage_healed":0.0,"max_hp_gain":0.0,"max_hp_loss":0.0,"gold_gain":0.0,"event_name":"Match and Keep!","player_choice":"0 cards matched","floor":48.0,"gold_loss":0.0,"damage_taken":0.0,"cards_obtained":[]}],"is_beta":false,"boss_relics":[{"not_picked":["White Beast Statue","Velvet Choker"],"picked":"Coffee Dripper"},{"not_picked":["Lizard Tail","Calling Bell"],"picked":"Eternal Feather"}],"items_purged_floors":[4,36,47],"is_endless":false,"potions_floor_spawned":[1,12,14,16,18,29,30,31,33,37,42],"ascension_level":2}