{"path_per_floor":["M","?","?","M","?","E","M","E","T","M","M","M","$","M","R","B",null,"M","?","M","?","T","R","M","E","T","$","E","M","$","M","R","B",null,"M","?","T","M","?","R","E","M","T","?"],"character_chosen":"IRONCLAD","items_purchased":["Apotheosis","Shovel","Evolve","Armaments","Clash","Whirlwind","Shrug It Off","Fire Potion"],"gold_per_floor":[109,172,422,440,440,466,481,507,559,576,591,607,0,12,12,107,107,125,125,139,139,139,139,149,176,176,35,64,84,32,52,52,153,153,171,171,194,206,206,206,240,259,332,332],"floor_reached":45,"campfire_rested":0,"playtime":5719,"current_hp_per_floor":[71,71,71,77,77,48,54,41,41,34,24,24,24,24,24,25,80,76,76,71,71,71,71,67,50,50,50,59,67,67,69,69,35,80,73,73,73,66,80,80,40,19,19,19],"items_purged":[],"gold":332,"play_id":"fffe46f3-e01a-4e7b-807a-2581fcc5b36f","is_prod":false,"is_daily":false,"campfire_rituals":0,"campfire_upgraded":0,"is_hardmode":false,"path_taken":["M","?","?","M","?","E","M","E","T","M","M","M","$","M","R","BOSS","M","?","?","?","?","R","?","E","T","$","E","M","$","?","R","BOSS","M","?","?","M","?","R","E","M","T","?","M"],"build_version":"2018-01-18-PROD4","purchased_purges":0,"victory":false,"master_deck":["Defend_R","Defend_R","Defend_R","Defend_R","Bash","Clash","Regret","Clash","Sever Soul","Anger","Uppercut","Twin Strike","Flex","Shockwave","Apotheosis","Armaments","Searing Blow","Brutality","Clothesline","Bite_R","Bite_R","Bite_R","Bite_R","Bite_R","Battle Trance","Spot Weakness","Inflame","Clash","Whirlwind","Shrug It Off","Whirlwind","Flex","Barricade","Fiend Fire","Shrug It Off","Heavy Blade","Writhe","Flex","Sword Boomerang"],"max_hp_per_floor":[80,80,80,80,80,80,80,80,80,80,80,80,80,80,80,80,80,80,80,80,80,80,80,80,80,80,80,80,80,80,80,80,80,80,80,80,80,80,80,80,80,80,80,80],"relics":["Black Blood","Bottled Lightning","Ancient Tea Set","Shovel","Anchor","Runic Dome","Charon\u0027s Ashes","Magic Flower","Lantern","Self Forming Clay","Pen Nib","Bottled Flame","Frozen Egg","Bag of Marbles","Oddly Smooth Stone","Dream Catcher","Mercury Hourglass"],"campfire_meditates":0,"card_choices":[{"not_picked":["Cleave","Dropkick"],"picked":"Clash"},{"not_picked":["Rupture","Iron Wave"],"picked":"Clash"},{"not_picked":["Wild Strike","Brutality"],"picked":"Sever Soul"},{"not_picked":["Thunderclap","Body Slam"],"picked":"Anger"},{"not_picked":["Iron Wave","Evolve"],"picked":"Uppercut"},{"not_picked":["Hemokinesis","Warcry"],"picked":"Twin Strike"},{"not_picked":["Wild Strike","True Grit"],"picked":"Flex"},{"not_picked":["Cleave","Rupture"],"picked":"Shockwave"},{"not_picked":["Corruption","Armaments"],"picked":"Searing Blow"},{"not_picked":["Feed","Juggernaut"],"picked":"Brutality"},{"not_picked":["Armaments","Shrug It Off"],"picked":"Clothesline"},{"not_picked":["Cleave","Armaments"],"picked":"Battle Trance"},{"not_picked":["Fire Breathing","Infernal Blade"],"picked":"Spot Weakness"},{"not_picked":["Feel No Pain","Seeing Red"],"picked":"Inflame"},{"not_picked":["Cleave","Sword Boomerang"],"picked":"Whirlwind"},{"not_picked":["Headbutt","Shockwave"],"picked":"Flex"},{"not_picked":["Twin Strike","Warcry"],"picked":"Barricade"},{"not_picked":["Berserk","Immolate"],"picked":"Fiend Fire"},{"not_picked":["Dropkick","Twin Strike"],"picked":"Shrug It Off"},{"not_picked":["Iron Wave","Clothesline"],"picked":"Heavy Blade"},{"not_picked":["Iron Wave","Cleave"],"picked":"Flex"},{"not_picked":["Warcry","Combust"],"picked":"Sword Boomerang"}],"player_experience":83326,"potions_floor_usage":[11,11,16,16,16,25,28,31,33,33,41,42],"damage_taken":[{"damage":15,"enemies":"Jaw Worm","floor":1,"turns":5},{"damage":0,"enemies":"2 Louse","floor":4,"turns":2},{"damage":35,"enemies":"Gremlin Nob","floor":6,"turns":5},{"damage":0,"enemies":"Small Slimes","floor":7,"turns":3},{"damage":19,"enemies":"3 Sentries","floor":8,"turns":6},{"damage":15,"enemies":"Exordium Wildlife","floor":10,"turns":3},{"damage":18,"enemies":"Gremlin Gang","floor":11,"turns":4},{"damage":8,"enemies":"2 Fungi Beasts","floor":12,"turns":4},{"damage":8,"enemies":"Exordium Thugs","floor":14,"turns":4},{"damage":16,"enemies":"Slime Boss","floor":16,"turns":7},{"damage":10,"enemies":"Spheric Guardian","floor":18,"turns":3},{"damage":24,"enemies":"Chosen","floor":20,"turns":4},{"damage":22,"enemies":"Centurion and Healer","floor":24,"turns":4},{"damage":34,"enemies":"Slavers","floor":25,"turns":4},{"damage":10,"enemies":"Book of Stabbing","floor":28,"turns":4},{"damage":4,"enemies":"Sentry and Sphere","floor":29,"turns":3},{"damage":17,"enemies":"Snake Plant","floor":31,"turns":3},{"damage":78,"enemies":"Collector","floor":33,"turns":8},{"damage":22,"enemies":"3 Darklings","floor":35,"turns":4},{"damage":22,"enemies":"3 Shapes","floor":38,"turns":2},{"damage":64,"enemies":"Giant Head","floor":41,"turns":8},{"damage":39,"enemies":"Maw","floor":42,"turns":7},{"damage":31,"enemies":"Sphere and 2 Shapes","floor":45,"turns":4}],"event_choices":[{"event_name":"Golden Wing","player_choice":"Gained Gold","floor":2,"damage_taken":0},{"event_name":"Golden Shrine","player_choice":"Desecrate","floor":3,"damage_taken":0},{"event_name":"Living Wall","player_choice":"Grow","floor":5,"damage_taken":0},{"event_name":"Vampires","player_choice":"Became a vampire (Vial)","floor":19,"damage_taken":0},{"event_name":"The Mausoleum","player_choice":"Yes","floor":21,"damage_taken":0},{"event_name":"Winding Halls","player_choice":"Writhe","floor":39,"damage_taken":0},{"event_name":"Mysterious Sphere","player_choice":"Ignore","floor":44,"damage_taken":0}],"boss_relics":[{"not_picked":["Mark of Pain","Tiny House"],"picked":"Runic Dome"},{"not_picked":["Astrolabe","Sozu"],"picked":"Black Blood"}],"potions_floor_spawned":[4,7,10,11,14,16,20,24,31,33,41],"seed_played":"1939231181291384792","killed_by":"Sphere and 2 Shapes","is_trial":false}