{"gold_per_floor":[15,28,48,48,48,73,73,102,102,102],"floor_reached":10,"playtime":551,"items_purged":[],"score":99,"play_id":"69f3ed8c-eb10-4be2-8dfd-5748726f2acd","local_time":"20190112165135","is_ascension_mode":true,"campfire_choices":[{"floor":7,"key":"REST"}],"neow_cost":"NO_GOLD","seed_source_timestamp":90462882318300,"circlet_count":0,"master_deck":["Strike_R","Strike_R+1","Strike_R","Defend_R","Defend_R","Defend_R","Defend_R","Bash","Body Slam+1","Shrug It Off","Dark Shackles","Intimidate"],"relics":["Burning Blood","Blue Candle","Shovel","Whetstone","Champion Belt"],"potions_floor_usage":[10],"damage_taken":[{"damage":10,"enemies":"Small Slimes","floor":1,"turns":4},{"damage":6,"enemies":"Cultist","floor":2,"turns":4},{"damage":4,"enemies":"2 Louse","floor":3,"turns":4},{"damage":49,"enemies":"3 Sentries","floor":6,"turns":14},{"damage":33,"enemies":"Gremlin Nob","floor":8,"turns":5},{"damage":31,"enemies":"Lagavulin","floor":10,"turns":10}],"seed_played":"-6798371935702629377","potions_obtained":[{"floor":3,"key":"Swift Potion"}],"is_trial":false,"path_per_floor":["M","M","M","?","?","E","R","E","T","E"],"character_chosen":"IRONCLAD","items_purchased":[],"campfire_rested":1,"item_purchase_floors":[],"current_hp_per_floor":[68,68,70,67,67,24,48,21,21,0],"gold":102,"neow_bonus":"REMOVE_TWO","is_prod":false,"is_daily":false,"chose_seed":false,"campfire_upgraded":0,"win_rate":0,"timestamp":1547311895,"path_taken":["M","M","M","?","?","E","R","E","T","E"],"build_version":"2019-01-10","purchased_purges":0,"victory":false,"max_hp_per_floor":[80,80,80,80,80,80,80,80,80,80],"card_choices":[{"not_picked":["Clash","Dropkick"],"picked":"Body Slam","floor":1},{"not_picked":["Twin Strike","Wild Strike","Combust"],"picked":"SKIP","floor":2},{"not_picked":["Headbutt","True Grit"],"picked":"Shrug It Off","floor":3},{"not_picked":["Sword Boomerang","Bludgeon"],"picked":"Intimidate","floor":6},{"not_picked":["Twin Strike","Perfected Strike","Infernal Blade"],"picked":"SKIP","floor":8}],"player_experience":96844,"relics_obtained":[{"floor":6,"key":"Shovel"},{"floor":8,"key":"Whetstone"},{"floor":9,"key":"Champion Belt"}],"event_choices":[{"damage_healed":0,"gold_gain":0,"player_choice":"Success","damage_taken":3,"relics_obtained":["Blue Candle"],"max_hp_gain":0,"max_hp_loss":0,"event_name":"Scrap Ooze","floor":4,"gold_loss":0},{"damage_healed":0,"gold_gain":0,"player_choice":"1 cards matched","damage_taken":0,"max_hp_gain":0,"max_hp_loss":0,"event_name":"Match and Keep!","floor":5,"gold_loss":0,"cards_obtained":["Dark Shackles"]}],"is_beta":false,"boss_relics":[],"items_purged_floors":[],"is_endless":false,"potions_floor_spawned":[3],"killed_by":"Lagavulin","ascension_level":6}