{"gold_per_floor":[110,12,12,22,39,71,71,81,108,108,8,26,41,41,41,142,142,158,176,226,245,120,120,140,153,153,153,252,262,262,274,274,374,374,388,408,424,436,436,436,436,436,463,463,463,508,527,527],"floor_reached":48,"playtime":3267,"items_purged":["Strike_G","Strike_G","Strike_G"],"score":463,"play_id":"82dbe054-bb20-40d0-b439-daead6d45d52","local_time":"20180729122728","is_ascension_mode":false,"campfire_choices":[{"floor":10.0,"key":"REST"},{"floor":15.0,"key":"REST"},{"floor":23,"key":"REST"},{"floor":27,"key":"REST"},{"floor":30,"key":"REST"},{"floor":32,"key":"REST"},{"floor":40,"key":"REST"},{"floor":42,"key":"REST"}],"neow_cost":"NONE","seed_source_timestamp":0,"circlet_count":0,"master_deck":["Defend_G","Defend_G","Defend_G","Defend_G","Strike_G","Survivor","Neutralize","Deadly Poison","Well Laid Plans","Slice","Poisoned Stab","Cloak And Dagger","Phantasmal Killer+1","Backstab","Cloak And Dagger+1","Tools of the Trade","Backstab","Backstab","Catalyst+1","Deadly Poison+1","Underhanded Strike","Die Die Die","Backflip+1","Bane+1","Backstab","Dramatic Entrance","Backstab"],"special_seed":0,"relics":["Ring of the Snake","Toxic Egg 2","Happy Flower","Snake Skull","Du-Vu Doll","Lizard Tail","Letter Opener","Eternal Feather","Regal Pillow","StoneCalendar"],"potions_floor_usage":[21,33,33,41,46],"damage_taken":[{"damage":0.0,"enemies":"Cultist","floor":1.0,"turns":4.0},{"damage":0.0,"enemies":"Jaw Worm","floor":4.0,"turns":4.0},{"damage":0.0,"enemies":"2 Louse","floor":5.0,"turns":2.0},{"damage":28.0,"enemies":"Lagavulin","floor":6.0,"turns":7.0},{"damage":2.0,"enemies":"Gremlin Gang","floor":8.0,"turns":6.0},{"damage":10.0,"enemies":"Exordium Thugs","floor":12.0,"turns":5.0},{"damage":6.0,"enemies":"Exordium Wildlife","floor":13.0,"turns":4.0},{"damage":24.0,"enemies":"Hexaghost","floor":16.0,"turns":9.0},{"damage":4.0,"enemies":"3 Byrds","floor":18.0,"turns":4.0},{"damage":13,"enemies":"2 Thieves","floor":19,"turns":5},{"damage":7,"enemies":"Slaver and Parasite","floor":21,"turns":6},{"damage":7,"enemies":"Cultist and Chosen","floor":24,"turns":6},{"damage":27,"enemies":"Sentry and Sphere","floor":25,"turns":6},{"damage":4,"enemies":"Snecko","floor":29,"turns":4},{"damage":26,"enemies":"3 Cultists","floor":31,"turns":6},{"damage":45,"enemies":"Automaton","floor":33,"turns":8},{"damage":20,"enemies":"3 Darklings","floor":35,"turns":4},{"damage":16,"enemies":"Flame Bruiser 1 Orb","floor":36,"turns":4},{"damage":7,"enemies":"4 Shapes","floor":37,"turns":5},{"damage":16,"enemies":"Flame Bruiser 2 Orb","floor":38,"turns":5},{"damage":0,"enemies":"Maw","floor":41,"turns":2},{"damage":65,"floor":46,"turns":7},{"damage":48,"enemies":"Spire Growth","floor":47,"turns":4},{"damage":17,"enemies":"3 Darklings","floor":48,"turns":1}],"seed_played":"1701351837926343085","potions_obtained":[{"floor":1.0,"key":"Block Potion"},{"floor":8.0,"key":"Fire Potion"},{"floor":13.0,"key":"Explosive Potion"},{"floor":24,"key":"SmokeBomb"},{"floor":25,"key":"Energy Potion"},{"floor":31,"key":"Block Potion"},{"floor":33,"key":"SteroidPotion"},{"floor":35,"key":"SmokeBomb"},{"floor":38,"key":"FairyPotion"},{"floor":47,"key":"SpeedPotion"}],"is_trial":false,"path_per_floor":["M","$","?","M","M","E","T","M","T","R","$","M","M","T","R","B",null,"M","M","?","M","$","R","M","M","T","R","?","M","R","M","R","B",null,"M","M","M","M","?","R","M","R","T","?","?","?","M"],"character_chosen":"THE_SILENT","items_purchased":["Slice"],"campfire_rested":8,"item_purchase_floors":[2],"current_hp_per_floor":[70,70,70,70,70,42,42,40,40,61,61,51,45,45,66,42,70,66,53,53,46,46,67,60,33,33,54,54,50,70,44,65,20,70,50,34,27,11,11,44,44,70,70,70,70,5,13,0],"gold":527,"neow_bonus":"TRANSFORM_CARD","is_prod":false,"is_daily":false,"chose_seed":false,"campfire_upgraded":0,"win_rate":0.0,"timestamp":1532838448,"path_taken":["M","?","?","?","M","E","?","?","T","R","$","M","M","?","R","BOSS","M","?","?","M","$","R","M","M","T","R","?","M","R","?","R","BOSS","M","M","M","M","?","R","M","R","T","?","?","?","M","M"],"build_version":"2018-07-26","purchased_purges":3,"victory":false,"max_hp_per_floor":[70,70,70,70,70,70,70,70,70,70,70,70,70,70,70,70,70,70,70,70,70,70,70,70,70,70,70,70,70,70,70,70,70,70,70,70,70,70,70,70,70,70,70,70,70,70,70,70],"card_choices":[{"not_picked":["All Out Attack","PiercingWail"],"picked":"Well Laid Plans","floor":1.0},{"not_picked":["Slice","Underhanded Strike"],"picked":"Poisoned Stab","floor":4.0},{"not_picked":["Sucker Punch","Deflect"],"picked":"Cloak And Dagger","floor":5.0},{"not_picked":["Quick Slash","Finisher"],"picked":"Phantasmal Killer","floor":6.0},{"not_picked":["Skewer","Flying Knee","Deadly Poison+1"],"picked":"SKIP","floor":8.0},{"not_picked":["Crippling Poison+1","Caltrops"],"picked":"Backstab","floor":12.0},{"not_picked":["Quick Slash","Masterful Stab"],"picked":"Cloak And Dagger+1","floor":13.0},{"not_picked":["Glass Knife","Malaise+1"],"picked":"Tools of the Trade","floor":16.0},{"not_picked":["Dagger Spray","Poisoned Stab"],"picked":"Backstab","floor":18},{"not_picked":["Terror+1","Eviscerate"],"picked":"Underhanded Strike","floor":19},{"not_picked":["Calculated Gamble+1","Poisoned Stab"],"picked":"Backstab","floor":21},{"not_picked":["Dagger Throw+1","Backflip+1"],"picked":"Catalyst+1","floor":24},{"not_picked":["Footwork+1","PiercingWail+1"],"picked":"Deadly Poison+1","floor":25},{"not_picked":["Well Laid Plans","Heel Hook"],"picked":"Underhanded Strike","floor":29},{"not_picked":["Endless Agony","Choke+1","Die Die Die"],"picked":"SKIP","floor":31},{"not_picked":["A Thousand Cuts","Night Terror+1"],"picked":"Die Die Die","floor":33},{"not_picked":["Underhanded Strike","Deadly Poison+1"],"picked":"Backflip+1","floor":35},{"not_picked":["Slice","Cloak And Dagger+1","Doppelganger+1"],"picked":"SKIP","floor":36},{"not_picked":["Quick Slash","Flying Knee+1","Acrobatics+1"],"picked":"SKIP","floor":37},{"not_picked":["All Out Attack","Blur+1"],"picked":"Bane+1","floor":38},{"not_picked":["Master of Strategy+1","Jack Of All Trades+1"],"picked":"Dramatic Entrance","floor":45},{"not_picked":["Distraction+1","Bane"],"picked":"Backstab","floor":46},{"not_picked":["Poisoned Stab+1","Slice+1","Skewer+1"],"picked":"SKIP","floor":47}],"player_experience":103290,"relics_obtained":[{"floor":6.0,"key":"Toxic Egg 2"},{"floor":7.0,"key":"Happy Flower"},{"floor":9.0,"key":"Snake Skull"},{"floor":14.0,"key":"Du-Vu Doll"},{"floor":26,"key":"Letter Opener"},{"floor":43,"key":"Regal Pillow"},{"floor":46,"key":"StoneCalendar"}],"event_choices":[{"event_name":"Bonfire Elementals","player_choice":"BASIC","floor":3.0,"damage_taken":0.0},{"event_name":"The Joust","player_choice":"Bet on Murderer","floor":20,"damage_taken":0},{"event_name":"Nest","player_choice":"Stole From Cult","floor":28,"damage_taken":0},{"event_name":"Falling","player_choice":"Removed Attack","floor":39,"damage_taken":0},{"event_name":"Duplicator","player_choice":"One dupe","floor":44,"damage_taken":0},{"event_name":"SensoryStone","player_choice":"Memory 1","floor":45,"damage_taken":0},{"event_name":"Mysterious Sphere","player_choice":"Fight","floor":46,"damage_taken":0}],"is_beta":false,"boss_relics":[{"not_picked":["Tiny House","Snecko Eye"],"picked":"Lizard Tail"},{"not_picked":["Coffee Dripper","Astrolabe"],"picked":"Eternal Feather"}],"items_purged_floors":[2,11,22],"is_endless":false,"potions_floor_spawned":[1,8,13,16,24,25,31,33,35,38,47],"killed_by":"3 Darklings","ascension_level":0}