{"gold_per_floor":[116,136,61,61,73,73,101,114,141,158,158,189,189,189,189,260,260,273,244,244],"floor_reached":20,"playtime":661,"items_purged":[],"score":340,"play_id":"5d4fb3c8-a78d-4ebd-878c-746bfaa86a75","local_time":"20190101194032","is_ascension_mode":true,"campfire_choices":[{"data":"Metallicize","floor":6,"key":"SMITH"},{"floor":11,"key":"REST"},{"data":"Infernal Blade","floor":15,"key":"SMITH"}],"neow_cost":"NONE","seed_source_timestamp":2145645196674834,"circlet_count":0,"master_deck":["AscendersBane","Strike_R","Strike_R","Strike_R","Strike_R","Defend_R","Defend_R","Defend_R","Defend_R","Bash","Twin Strike","Metallicize+1","Infernal Blade+1","Spot Weakness","Headbutt","Demon Form+1","Parasite","Feed","Havoc"],"relics":["Burning Blood","Potion Belt","Pen Nib","Dream Catcher","Velvet Choker"],"potions_floor_usage":[7,10,12,18,18],"damage_taken":[{"damage":2,"enemies":"Cultist","floor":1,"turns":4},{"damage":14,"enemies":"Jaw Worm","floor":2,"turns":4},{"damage":15,"enemies":"Small Slimes","floor":5,"turns":3},{"damage":35,"enemies":"Lagavulin","floor":7,"turns":7},{"damage":5,"enemies":"3 Louse","floor":8,"turns":5},{"damage":0,"enemies":"2 Fungi Beasts","floor":10,"turns":2},{"damage":22,"enemies":"Gremlin Nob","floor":12,"turns":4},{"damage":8,"enemies":"Slime Boss","floor":16,"turns":6},{"damage":29,"enemies":"Chosen","floor":18,"turns":6},{"damage":25,"enemies":"2 Thieves","floor":19,"turns":4},{"damage":42,"enemies":"Snecko","floor":20,"turns":4}],"seed_played":"-5421635947602449411","potions_obtained":[{"floor":5,"key":"Fire Potion"},{"floor":7,"key":"SteroidPotion"},{"floor":10,"key":"Block Potion"},{"floor":12,"key":"Weak Potion"},{"floor":16,"key":"Block Potion"}],"is_trial":false,"path_per_floor":["M","M","?","?","M","R","E","M","T","M","R","E","?","?","R","B",null,"M","M","M"],"character_chosen":"IRONCLAD","items_purchased":[],"campfire_rested":1,"item_purchase_floors":[],"current_hp_per_floor":[72,64,64,53,44,44,15,16,16,22,44,28,28,46,46,44,67,44,25,0],"gold":244,"neow_bonus":"RANDOM_COMMON_RELIC","is_prod":false,"is_daily":false,"chose_seed":false,"campfire_upgraded":2,"win_rate":0,"timestamp":1546368032,"path_taken":["M","?","?","?","?","R","E","?","T","M","R","E","?","?","R","BOSS","M","M","M"],"build_version":"2018-12-20","purchased_purges":0,"victory":false,"max_hp_per_floor":[75,75,75,75,75,75,75,75,75,75,75,75,75,75,75,75,75,75,75,75],"card_choices":[{"not_picked":["Pummel","Cleave"],"picked":"Twin Strike","floor":1},{"not_picked":["Havoc","True Grit"],"picked":"Metallicize","floor":2},{"not_picked":["Clothesline","Reckless Charge","Havoc"],"picked":"SKIP","floor":5},{"not_picked":["Reaper","True Grit"],"picked":"Infernal Blade","floor":7},{"not_picked":["Iron Wave","Havoc"],"picked":"Spot Weakness","floor":8},{"not_picked":["Cleave","Corruption"],"picked":"Headbutt","floor":10},{"not_picked":["Feel No Pain","Shrug It Off"],"picked":"Demon Form","floor":12},{"not_picked":["Impervious","Demon Form"],"picked":"Feed","floor":16},{"not_picked":["Spot Weakness","Wild Strike","Rupture"],"picked":"SKIP","floor":18},{"not_picked":["True Grit","Fire Breathing"],"picked":"Havoc","floor":19}],"player_experience":654357,"relics_obtained":[{"floor":7,"key":"Pen Nib"},{"floor":12,"key":"Dream Catcher"}],"event_choices":[{"cards_removed":["Strike_R"],"damage_healed":0,"gold_gain":0,"player_choice":"Card Removal","damage_taken":0,"max_hp_gain":0,"max_hp_loss":0,"event_name":"The Cleric","floor":3,"gold_loss":75},{"damage_healed":0,"gold_gain":0,"player_choice":"Damaged","damage_taken":11,"max_hp_gain":0,"max_hp_loss":0,"event_name":"Wheel of Change","floor":4,"gold_loss":0},{"damage_healed":0,"gold_gain":0,"player_choice":"Grow","damage_taken":0,"max_hp_gain":0,"max_hp_loss":0,"event_name":"Living Wall","floor":13,"gold_loss":0,"cards_upgraded":["Demon Form"]},{"damage_healed":18,"gold_gain":0,"player_choice":"Healed and dodged fight","damage_taken":0,"max_hp_gain":0,"max_hp_loss":0,"event_name":"Mushrooms","floor":14,"gold_loss":0,"cards_obtained":["Parasite"]}],"is_beta":false,"boss_relics":[{"not_picked":["Philosopher\u0027s Stone","Tiny House"],"picked":"Velvet Choker"}],"items_purged_floors":[],"is_endless":false,"potions_floor_spawned":[5,7,10,12,16],"killed_by":"Snecko","ascension_level":17}