{"gold_per_floor":[110,35,55,55,55,88,88,116,116,116],"floor_reached":10,"playtime":291,"items_purged":["Normality"],"score":137,"play_id":"b6cb9814-6286-40fd-92e5-a9d7ab67a237","local_time":"20190101184957","is_ascension_mode":true,"campfire_choices":[{"data":"Searing Blow","floor":7,"key":"SMITH"}],"neow_cost":"CURSE","seed_source_timestamp":2142979365079179,"circlet_count":0,"master_deck":["AscendersBane","Strike_R","Strike_R","Strike_R","Strike_R+1","Strike_R","Defend_R","Defend_R","Defend_R","Defend_R","Bash+1","Searing Blow+1","Clash","Limit Break","Seeing Red"],"relics":["Burning Blood","Nunchaku","Darkstone Periapt","Whetstone","Ornamental Fan"],"potions_floor_usage":[6],"damage_taken":[{"damage":13,"enemies":"Cultist","floor":1,"turns":5},{"damage":4,"enemies":"2 Louse","floor":3,"turns":3},{"damage":5,"enemies":"Gremlin Nob","floor":6,"turns":3},{"damage":30,"enemies":"3 Sentries","floor":8,"turns":10},{"damage":17,"enemies":"Small Slimes","floor":10,"turns":2}],"seed_played":"449264541062983680","potions_obtained":[{"floor":1,"key":"PowerPotion"},{"floor":6,"key":"Dexterity Potion"}],"is_trial":false,"path_per_floor":["M","$","M","?","?","E","R","E","T","M"],"character_chosen":"IRONCLAD","items_purchased":[],"campfire_rested":0,"item_purchase_floors":[],"current_hp_per_floor":[61,61,63,68,33,34,34,10,10,0],"gold":116,"neow_bonus":"ONE_RARE_RELIC","is_prod":false,"is_daily":false,"chose_seed":false,"campfire_upgraded":1,"win_rate":0,"timestamp":1546364997,"path_taken":["M","$","?","?","?","E","R","E","T","M"],"build_version":"2018-12-20","purchased_purges":1,"victory":false,"max_hp_per_floor":[75,75,75,80,80,80,80,80,80,80],"card_choices":[{"not_picked":["Pommel Strike","Armaments"],"picked":"Searing Blow","floor":1},{"not_picked":["Havoc","Rage"],"picked":"Clash","floor":3},{"not_picked":["Pommel Strike","Searing Blow"],"picked":"Limit Break","floor":6},{"not_picked":["Rage","Feel No Pain"],"picked":"Seeing Red","floor":8}],"player_experience":651886,"relics_obtained":[{"floor":6,"key":"Whetstone"},{"floor":8,"key":"Ornamental Fan"}],"event_choices":[{"damage_healed":0,"gold_gain":0,"player_choice":"Donut","damage_taken":0,"max_hp_gain":5,"max_hp_loss":0,"event_name":"Big Fish","floor":4,"gold_loss":0},{"damage_healed":0,"gold_gain":0,"player_choice":"Success","damage_taken":35,"relics_obtained":["Darkstone Periapt"],"max_hp_gain":0,"max_hp_loss":0,"event_name":"Scrap Ooze","floor":5,"gold_loss":0}],"is_beta":false,"boss_relics":[],"items_purged_floors":[2],"is_endless":false,"potions_floor_spawned":[1,6],"killed_by":"Small Slimes","ascension_level":17}