{"gold_per_floor":[116,133,150,150,167,167,195,195,195,195,195,207,132,166,166,166],"floor_reached":16,"playtime":801,"items_purged":["Strike_R"],"score":127,"play_id":"e7574b0d-baf6-47a6-af48-c519d68d88e8","local_time":"20180822075010","is_ascension_mode":true,"campfire_choices":[{"data":"Whirlwind","floor":6,"key":"SMITH"},{"data":"Shrug It Off","floor":8,"key":"SMITH"},{"data":"Warcry","floor":15,"key":"SMITH"}],"neow_cost":"NONE","seed_source_timestamp":515459677376572,"circlet_count":0,"master_deck":["Strike_R","Strike_R","Defend_R","Defend_R","Defend_R","Defend_R","Bash","Headbutt","Whirlwind+1","Warcry+1","Shrug It Off+1","Offering"],"relics":["Burning Blood","Question Card","Incense Burner","Calipers"],"potions_floor_usage":[14,16,16],"damage_taken":[{"damage":8,"enemies":"Jaw Worm","floor":1,"turns":4},{"damage":0,"enemies":"Small Slimes","floor":2,"turns":2},{"damage":8,"enemies":"2 Louse","floor":3,"turns":2},{"damage":7,"enemies":"Looter","floor":5,"turns":4},{"damage":19,"enemies":"3 Sentries","floor":7,"turns":6},{"damage":1,"enemies":"Exordium Wildlife","floor":12,"turns":4},{"damage":2,"enemies":"Lagavulin","floor":14,"turns":3},{"damage":75,"enemies":"Hexaghost","floor":16,"turns":14}],"seed_played":"923304397948955970","potions_obtained":[{"floor":1,"key":"AttackPotion"},{"floor":12,"key":"AttackPotion"},{"floor":14,"key":"Poison Potion"}],"is_trial":false,"path_per_floor":["M","M","M","?","M","R","E","R","T","?","?","M","$","E","R"],"character_chosen":"IRONCLAD","items_purchased":[],"campfire_rested":0,"item_purchase_floors":[],"current_hp_per_floor":[78,80,78,78,77,77,64,64,64,69,62,67,67,71,71,0],"gold":166,"neow_bonus":"THREE_CARDS","is_prod":false,"is_daily":false,"chose_seed":false,"campfire_upgraded":3,"win_rate":0,"timestamp":1534895410,"path_taken":["M","M","M","?","M","R","E","R","T","?","?","?","$","E","R","BOSS"],"build_version":"2018-08-16","purchased_purges":1,"victory":false,"max_hp_per_floor":[80,80,80,80,80,80,80,80,80,85,85,85,85,85,85,85],"card_choices":[{"not_picked":["Pummel","Pommel Strike"],"picked":"Headbutt","floor":0},{"not_picked":["Perfected Strike","Anger"],"picked":"Whirlwind","floor":1},{"not_picked":["Pommel Strike","Intimidate"],"picked":"Warcry","floor":2},{"not_picked":["Heavy Blade","Iron Wave"],"picked":"Shrug It Off","floor":3},{"not_picked":["Perfected Strike","Evolve","Clash"],"picked":"SKIP","floor":5},{"not_picked":["Havoc","Armaments","Evolve"],"picked":"SKIP","floor":7},{"not_picked":["Uppercut","Heavy Blade","Wild Strike"],"picked":"Offering","floor":12},{"not_picked":["Clash","Intimidate","Thunderclap","Blood for Blood"],"picked":"SKIP","floor":14}],"player_experience":269103,"relics_obtained":[{"floor":7,"key":"Question Card"},{"floor":9,"key":"Incense Burner"},{"floor":14,"key":"Calipers"}],"event_choices":[{"event_name":"Living Wall","player_choice":"Forget","floor":4,"damage_taken":0},{"event_name":"Big Fish","player_choice":"Donut","floor":10,"damage_taken":0},{"event_name":"Golden Wing","player_choice":"Card Removal","floor":11,"damage_taken":0}],"is_beta":false,"boss_relics":[],"items_purged_floors":[13],"is_endless":false,"potions_floor_spawned":[1,12,14],"killed_by":"Hexaghost","ascension_level":3}