{"gold_per_floor":[111,286,286,69,89,89,89,109,109,109,144,170,201,213,225,337,349,379,391,403,415,445,457,469,481,493,49,79,79,79,40,40,135,135,146,0,13,13,13,13,24,24,24,24],"floor_reached":44,"playtime":1298,"items_purged":[],"score":445,"play_id":"f15afb3f-5c12-47f3-aa6c-87277a5c5ab7","local_time":"20190106004811","is_ascension_mode":false,"campfire_choices":[{"data":"Static Discharge","floor":6,"key":"SMITH"},{"data":"Zap","floor":10,"key":"SMITH"},{"data":"Defragment","floor":15,"key":"SMITH"},{"floor":23,"key":"REST"},{"data":"Echo Form","floor":25,"key":"SMITH"},{"floor":30,"key":"REST"},{"data":"Apotheosis","floor":32,"key":"SMITH"},{"floor":40,"key":"REST"}],"neow_cost":"NONE","seed_source_timestamp":865571119692576,"circlet_count":0,"master_deck":["Defend_B","Defend_B","Defend_B+1","Defend_B","Zap+1","Dualcast","Barrage","Conserve Battery+1","Static Discharge+1","Steam","Ball Lightning","Echo Form+1","Defragment+1","Amplify","Conserve Battery+1","Go for the Eyes+1","Apotheosis+1","Self Repair","Loop","Creative AI","Hello World+1","Fusion+1","Scrape+1","Defragment+1","Electrodynamics","Streamline+1","Dramatic Entrance","Sunder"],"relics":["Cracked Core","War Paint","Bottled Tornado","MawBank","Black Star","Strawberry","Peace Pipe","Mummified Hand","Bottled Flame","Pocketwatch","Astrolabe","Kunai"],"potions_floor_usage":[16,16,22,28],"damage_taken":[{"damage":0,"enemies":"Small Slimes","floor":1,"turns":3},{"damage":0,"enemies":"2 Louse","floor":5,"turns":3},{"damage":0,"enemies":"Cultist","floor":8,"turns":4},{"damage":11,"enemies":"Lagavulin","floor":11,"turns":4},{"damage":6,"enemies":"Blue Slaver","floor":12,"turns":3},{"damage":7,"enemies":"2 Fungi Beasts","floor":13,"turns":3},{"damage":30,"enemies":"Slime Boss","floor":16,"turns":4},{"damage":17,"enemies":"Spheric Guardian","floor":18,"turns":3},{"damage":15,"enemies":"Colosseum Slavers","floor":19,"turns":4},{"damage":7,"enemies":"Shell Parasite","floor":22,"turns":6},{"damage":22,"enemies":"Book of Stabbing","floor":28,"turns":5},{"damage":44,"enemies":"Automaton","floor":33,"turns":10},{"damage":43,"enemies":"3 Darklings","floor":35,"turns":4},{"damage":17,"enemies":"Orb Walker","floor":37,"turns":3},{"damage":43,"enemies":"Jaw Worm Horde","floor":41,"turns":4},{"damage":30,"enemies":"Spire Growth","floor":44,"turns":3}],"seed_played":"6098224318155634323","potions_obtained":[{"floor":11,"key":"FocusPotion"},{"floor":12,"key":"Fire Potion"},{"floor":16,"key":"Weak Potion"},{"floor":22,"key":"SkillPotion"},{"floor":28,"key":"GamblersBrew"},{"floor":37,"key":"Poison Potion"},{"floor":42,"key":"Explosive Potion"},{"floor":42,"key":"Strength Potion"},{"floor":42,"key":"Explosive Potion"}],"is_trial":false,"path_per_floor":["M","?","?","$","M","R","?","M","T","R","E","M","M","?","R","B",null,"M","?","?","T","M","R","?","R","T","$","E","$","R","$","R","B",null,"M","$","M","$","?","R","M","?","T","M"],"character_chosen":"DEFECT","items_purchased":["Static Discharge","War Paint","Apotheosis","Self Repair","Mummified Hand","Loop","Electrodynamics"],"campfire_rested":3,"item_purchase_floors":[4,4,27,27,27,31,36],"current_hp_per_floor":[75,75,68,68,68,68,68,68,68,68,57,51,44,44,44,14,75,58,43,43,50,43,67,67,67,67,67,55,55,79,79,79,45,82,46,46,29,29,29,53,17,17,17,0],"gold":24,"neow_bonus":"THREE_CARDS","is_prod":false,"is_daily":false,"chose_seed":false,"campfire_upgraded":5,"win_rate":0.0,"timestamp":1546732091,"path_taken":["M","?","?","$","M","R","?","M","T","R","E","M","?","?","R","BOSS","M","?","?","?","?","R","?","R","T","$","E","$","R","$","R","BOSS","M","?","M","?","?","R","M","?","T","?"],"build_version":"2019-01-03v4","purchased_purges":0,"victory":false,"max_hp_per_floor":[75,75,75,75,75,75,75,75,75,75,75,75,75,75,75,75,75,75,75,75,82,82,82,82,82,82,82,82,82,82,82,82,82,82,82,82,82,82,82,82,82,82,82,82],"card_choices":[{"not_picked":["Sweeping Beam","Go for the Eyes"],"picked":"Barrage","floor":0},{"not_picked":["Steam","Hologram"],"picked":"Conserve Battery","floor":1},{"not_picked":["Beam Cell","Scrape"],"picked":"Steam","floor":5},{"not_picked":["Streamline","Coolheaded"],"picked":"Ball Lightning","floor":8},{"not_picked":["Melter","Conserve Battery"],"picked":"Echo Form","floor":11},{"not_picked":["Glacier","Hologram","Cold Snap"],"picked":"SKIP","floor":12},{"not_picked":["Darkness","Sunder"],"picked":"Defragment","floor":13},{"not_picked":["Fission","Seek"],"picked":"Amplify","floor":16},{"not_picked":["Melter","Gash"],"picked":"Conserve Battery+1","floor":18},{"not_picked":["Consume","Scrape"],"picked":"Go for the Eyes+1","floor":22},{"not_picked":["Steam Power","Fusion","Coolheaded"],"picked":"SKIP","floor":28},{"not_picked":["Seek","Meteor Strike"],"picked":"Creative AI","floor":33},{"not_picked":["Beam Cell","Coolheaded"],"picked":"Defragment+1","floor":35},{"not_picked":["Melter","Recycle"],"picked":"Streamline+1","floor":37},{"not_picked":["Jack Of All Trades","Metamorphosis"],"picked":"Dramatic Entrance","floor":39},{"not_picked":["Beam Cell","Coolheaded"],"picked":"Sunder","floor":41}],"player_experience":382590,"relics_obtained":[{"floor":9,"key":"Bottled Tornado"},{"floor":11,"key":"MawBank"},{"floor":21,"key":"Strawberry"},{"floor":26,"key":"Peace Pipe"},{"floor":28,"key":"Bottled Flame"},{"floor":28,"key":"Pocketwatch"},{"floor":43,"key":"Kunai"}],"event_choices":[{"damage_healed":0,"gold_gain":175,"player_choice":"AGREE","damage_taken":0,"max_hp_gain":0,"max_hp_loss":0,"event_name":"Liars Game","floor":2,"gold_loss":0,"cards_obtained":["Doubt"]},{"cards_removed":["Doubt"],"damage_healed":0,"gold_gain":0,"player_choice":"Card Removal","damage_taken":7,"max_hp_gain":0,"max_hp_loss":0,"event_name":"Golden Wing","floor":3,"gold_loss":0},{"cards_removed":["Strike_B"],"damage_healed":0,"gold_gain":0,"player_choice":"Offered Basic","damage_taken":0,"max_hp_gain":0,"max_hp_loss":0,"event_name":"Bonfire Elementals","floor":7,"gold_loss":0},{"damage_healed":0,"gold_gain":0,"player_choice":"Searched \u00270\u0027 times","damage_taken":0,"max_hp_gain":0,"max_hp_loss":0,"event_name":"Dead Adventurer","floor":14,"gold_loss":0},{"damage_healed":0,"gold_gain":0,"player_choice":"Fight","damage_taken":0,"max_hp_gain":0,"max_hp_loss":0,"event_name":"Colosseum","floor":19,"gold_loss":0},{"damage_healed":0,"gold_gain":0,"player_choice":"Fled From Nobs","damage_taken":0,"max_hp_gain":0,"max_hp_loss":0,"event_name":"Colosseum","floor":19,"gold_loss":0},{"damage_healed":0,"gold_gain":0,"player_choice":"Smashed Altar","damage_taken":0,"max_hp_gain":0,"max_hp_loss":0,"event_name":"Forgotten Altar","floor":20,"gold_loss":0,"cards_obtained":["Decay"]},{"cards_removed":["Decay"],"damage_healed":0,"gold_gain":0,"player_choice":"Removed Curses","damage_taken":0,"max_hp_gain":0,"max_hp_loss":0,"event_name":"Fountain of Cleansing","floor":24,"gold_loss":0},{"damage_healed":0,"gold_gain":0,"player_choice":"Memory 1","damage_taken":0,"max_hp_gain":0,"max_hp_loss":0,"event_name":"SensoryStone","floor":39,"gold_loss":0},{"damage_healed":0,"gold_gain":0,"player_choice":"Got Potions","damage_taken":0,"max_hp_gain":0,"max_hp_loss":0,"event_name":"Lab","floor":42,"gold_loss":0}],"is_beta":false,"boss_relics":[{"not_picked":["Pandora\u0027s Box","FrozenCore"],"picked":"Black Star"},{"not_picked":["White Beast Statue","Nuclear Battery"],"picked":"Astrolabe"}],"items_purged_floors":[],"is_endless":false,"potions_floor_spawned":[11,12,16,19,22,28,37],"killed_by":"Spire Growth","ascension_level":0}