{"gold_per_floor":[113,113,113,3,3,3,78,78,104,131,171,83,112,112,112,210,210,229,104,153,3,19,19,38,38,38,38,50,50,69,69],"floor_reached":31,"playtime":561,"items_purged":["Strike_R","Strike_R","Bash+1","Defend_R"],"score":314,"play_id":"ea45641f-0749-4acc-91f1-043fd879e672","local_time":"20190202015844","is_ascension_mode":false,"campfire_choices":[{"data":"Rampage","floor":6,"key":"SMITH"},{"data":"Bash","floor":8,"key":"SMITH"},{"data":"Demon Form","floor":15,"key":"SMITH"},{"data":"Feed","floor":23,"key":"SMITH"},{"data":"Headbutt","floor":25,"key":"SMITH"},{"data":"Defend_R","floor":27,"key":"SMITH"}],"neow_cost":"NONE","seed_source_timestamp":278161313043457,"circlet_count":0,"master_deck":["Defend_R","Defend_R","Defend_R+1","Rampage+1","Headbutt+1","Demon Form+1","Feed+1","Necronomicurse"],"relics":["Burning Blood","NeowsBlessing","Blue Candle","MawBank","Strawberry","Potion Belt","Empty Cage","Blood Vial","Champion Belt","Necronomicon"],"potions_floor_usage":[24],"damage_taken":[{"damage":0,"enemies":"Cultist","floor":1,"turns":1},{"damage":0,"enemies":"2 Louse","floor":10,"turns":1},{"damage":0,"enemies":"Lagavulin","floor":11,"turns":1},{"damage":31,"enemies":"3 Sentries","floor":13,"turns":6},{"damage":58,"enemies":"Slime Boss","floor":16,"turns":9},{"damage":10,"enemies":"Chosen","floor":18,"turns":4},{"damage":23,"enemies":"Shell Parasite","floor":22,"turns":4},{"damage":16,"enemies":"Cultist and Chosen","floor":24,"turns":6},{"damage":24,"enemies":"Centurion and Healer","floor":28,"turns":5},{"damage":49,"enemies":"3 Cultists","floor":30,"turns":6}],"seed_played":"-6944863713983457302","potions_obtained":[{"floor":1,"key":"FearPotion"},{"floor":10,"key":"BloodPotion"},{"floor":13,"key":"Fire Potion"},{"floor":18,"key":"Dexterity Potion"},{"floor":30,"key":"SteroidPotion"}],"is_trial":false,"path_per_floor":["M","?","?","$","?","R","?","R","T","M","E","$","E","$","R","B",null,"M","$","T","$","M","R","M","R","T","R","M","?","M","?"],"character_chosen":"IRONCLAD","items_purchased":["Rampage"],"campfire_rested":0,"item_purchase_floors":[4],"current_hp_per_floor":[80,80,73,73,78,78,70,70,70,76,89,89,64,64,64,12,92,88,88,88,88,76,76,72,72,72,72,60,44,7,0],"gold":69,"neow_bonus":"THREE_ENEMY_KILL","is_prod":false,"is_daily":false,"chose_seed":false,"campfire_upgraded":6,"win_rate":0,"timestamp":1549085324,"path_taken":["M","?","?","$","?","R","?","R","T","M","E","$","E","$","R","BOSS","M","$","?","$","M","R","M","R","T","R","M","?","M","?"],"build_version":"2019-01-23","purchased_purges":4,"victory":false,"max_hp_per_floor":[80,80,80,80,85,85,85,85,85,85,92,92,92,92,92,92,92,92,92,92,92,95,95,99,99,99,99,103,103,107,112],"card_choices":[{"not_picked":["Ghostly Armor","Pommel Strike","Fire Breathing"],"picked":"SKIP","floor":1},{"not_picked":["Burning Pact","Havoc"],"picked":"Headbutt","floor":10},{"not_picked":["Pommel Strike","Clothesline","Havoc"],"picked":"SKIP","floor":11},{"not_picked":["Cleave","Iron Wave"],"picked":"Demon Form","floor":13},{"not_picked":["Berserk","Bludgeon"],"picked":"Feed","floor":16},{"not_picked":["Iron Wave","Sword Boomerang","Pommel Strike"],"picked":"SKIP","floor":18},{"not_picked":["Perfected Strike+1","Disarm","Shrug It Off"],"picked":"SKIP","floor":22},{"not_picked":["Anger","Headbutt","Wild Strike"],"picked":"SKIP","floor":24},{"not_picked":["Blood for Blood+1","Havoc","Dark Embrace"],"picked":"SKIP","floor":28},{"not_picked":["Infernal Blade","Disarm+1","Iron Wave"],"picked":"SKIP","floor":30}],"player_experience":321025,"relics_obtained":[{"floor":9,"key":"MawBank"},{"floor":11,"key":"Strawberry"},{"floor":13,"key":"Potion Belt"},{"floor":20,"key":"Blood Vial"},{"floor":26,"key":"Champion Belt"},{"floor":29,"key":"Necronomicon"}],"event_choices":[{"cards_removed":["Strike_R"],"damage_healed":0,"gold_gain":0,"player_choice":"Forget","damage_taken":0,"max_hp_gain":0,"max_hp_loss":0,"event_name":"Living Wall","floor":2,"gold_loss":0},{"damage_healed":0,"gold_gain":0,"player_choice":"Success","damage_taken":7,"relics_obtained":["Blue Candle"],"max_hp_gain":0,"max_hp_loss":0,"event_name":"Scrap Ooze","floor":3,"gold_loss":0},{"damage_healed":0,"gold_gain":0,"player_choice":"Donut","damage_taken":0,"max_hp_gain":5,"max_hp_loss":0,"event_name":"Big Fish","floor":5,"gold_loss":0},{"damage_healed":0,"gold_gain":75,"player_choice":"Touch","damage_taken":8,"max_hp_gain":0,"max_hp_loss":0,"event_name":"FaceTrader","floor":7,"gold_loss":0},{"damage_healed":0,"gold_gain":0,"player_choice":"Obtained Book","damage_taken":16,"max_hp_gain":0,"max_hp_loss":0,"event_name":"Cursed Tome","floor":29,"gold_loss":0}],"is_beta":false,"boss_relics":[{"not_picked":["Runic Pyramid","Black Star"],"picked":"Empty Cage"}],"items_purged_floors":[4,12,19,21],"is_endless":false,"potions_floor_spawned":[1,10,13,18,30],"ascension_level":0}