{"gold_per_floor":[116,116,134,134,58,58,75,110,189,216,216,234,234,252,252,350,350,340,356,281,4,0,0,18,18,42,71,71,81,81,109,109,211,211,228,1227,439,455,455,455,484,504,530,530,53,63,94,144,144,144],"floor_reached":51,"playtime":2499,"items_purged":["Normality","Normality"],"score":976,"play_id":"674d8d9b-4352-45d1-931a-7aab1954a939","local_time":"20190125154020","is_ascension_mode":true,"campfire_choices":[{"data":"Predator","floor":6.0,"key":"SMITH"},{"floor":11.0,"key":"REST"},{"data":"Catalyst","floor":15.0,"key":"SMITH"},{"floor":23.0,"key":"REST"},{"data":"PiercingWail","floor":25.0,"key":"SMITH"},{"data":"Night Terror","floor":28.0,"key":"SMITH"},{"floor":30.0,"key":"REST"},{"data":"Neutralize","floor":32.0,"key":"SMITH"},{"data":"Leg Sweep","floor":40.0,"key":"SMITH"},{"floor":44,"key":"REST"},{"data":"Deadly Poison","floor":49,"key":"SMITH"}],"neow_cost":"NONE","seed_source_timestamp":0,"circlet_count":0,"master_deck":["Defend_G","Defend_G","Defend_G","Defend_G","Defend_G","Strike_G","Strike_G","Strike_G","Survivor","Neutralize+1","Predator+1","Deadly Poison+1","Night Terror+1","Caltrops","Catalyst+1","Footwork+1","PiercingWail+1","Wraith Form v2+1","Deadly Poison+1","After Image+1","Cloak And Dagger","Footwork+1","After Image+1","Noxious Fumes+1","Leg Sweep+1","Bandage Up","Acrobatics+1","Parasite","Well Laid Plans+1"],"special_seed":0,"relics":["White Beast Statue","Orichalcum","Frozen Egg 2","Pantograph","The Specimen","Velvet Choker","MealTicket","Blood Vial","Matryoshka","Ninja Scroll","Cursed Key","Anchor","Gremlin Horn","TheAbacus","Meat on the Bone","Mercury Hourglass","Oddly Smooth Stone","Pen Nib","Happy Flower","Tingsha","Incense Burner"],"potions_floor_usage":[46,46,48,50,50,50],"damage_taken":[{"damage":0.0,"enemies":"2 Louse","floor":1.0,"turns":4.0},{"damage":1.0,"enemies":"Small Slimes","floor":3.0,"turns":4.0},{"damage":0.0,"enemies":"Cultist","floor":7.0,"turns":3.0},{"damage":26.0,"enemies":"Lagavulin","floor":8.0,"turns":8.0},{"damage":10.0,"enemies":"Gremlin Nob","floor":10.0,"turns":5.0},{"damage":11.0,"enemies":"Exordium Thugs","floor":12.0,"turns":5.0},{"damage":3.0,"enemies":"Looter","floor":14.0,"turns":4.0},{"damage":77.0,"enemies":"Slime Boss","floor":16.0,"turns":19.0},{"damage":8.0,"enemies":"2 Thieves","floor":18.0,"turns":4.0},{"damage":24.0,"enemies":"Spheric Guardian","floor":19.0,"turns":8.0},{"damage":9.0,"enemies":"Snake Plant","floor":24.0,"turns":4.0},{"damage":11.0,"enemies":"Book of Stabbing","floor":27.0,"turns":7.0},{"damage":3.0,"enemies":"3 Cultists","floor":29.0,"turns":6.0},{"damage":35.0,"enemies":"Gremlin Leader","floor":31.0,"turns":8.0},{"damage":5.0,"enemies":"Champ","floor":33.0,"turns":5.0},{"damage":8.0,"enemies":"3 Shapes","floor":35.0,"turns":5.0},{"damage":2.0,"enemies":"3 Darklings","floor":38.0,"turns":7.0},{"damage":28.0,"enemies":"Giant Head","floor":41.0,"turns":9.0},{"damage":7,"enemies":"Jaw Worm Horde","floor":42,"turns":7},{"damage":0,"enemies":"Spire Growth","floor":46,"turns":7},{"damage":0,"enemies":"Nemesis","floor":47,"turns":7},{"damage":15,"enemies":"2 Orb Walkers","floor":48,"turns":6},{"damage":43,"enemies":"Donu and Deca","floor":50,"turns":11}],"seed_played":"6421186189870774964","potions_obtained":[{"floor":1.0,"key":"Weak Potion"},{"floor":3.0,"key":"GhostInAJar"},{"floor":7.0,"key":"FearPotion"},{"floor":8.0,"key":"SpeedPotion"},{"floor":10.0,"key":"SmokeBomb"},{"floor":12.0,"key":"Regen Potion"},{"floor":14.0,"key":"SneckoOil"},{"floor":16.0,"key":"Strength Potion"},{"floor":18.0,"key":"SkillPotion"},{"floor":19.0,"key":"SkillPotion"},{"floor":24.0,"key":"Block Potion"},{"floor":27.0,"key":"Ancient Potion"},{"floor":29.0,"key":"Regen Potion"},{"floor":31.0,"key":"FearPotion"},{"floor":33.0,"key":"Dexterity Potion"},{"floor":35.0,"key":"Energy Potion"},{"floor":41.0,"key":"SpeedPotion"},{"floor":46,"key":"Block Potion"},{"floor":47,"key":"GamblersBrew"},{"floor":48,"key":"SkillPotion"}],"is_trial":false,"path_per_floor":["M","?","M","?","$","R","M","E","T","E","R","M","T","M","R","B",null,"M","M","?","$","?","R","M","R","T","E","R","M","R","E","R","B",null,"M","?","$","M","?","R","E","M","T","R","$","M","E","?","R","B",null],"character_chosen":"THE_SILENT","items_purchased":["Caltrops","After Image+1","MealTicket","Noxious Fumes+1","Leg Sweep","Anchor","Gremlin Horn","TheAbacus","Pen Nib","Happy Flower","Well Laid Plans+1"],"campfire_rested":4,"item_purchase_floors":[5,21,21,37,37,37,37,37,45,45,45],"current_hp_per_floor":[70,75,74,74,74,74,74,48,48,38,60,49,49,46,46,9,75,67,43,43,43,43,65,56,56,56,47,47,46,68,35,35,57,75,75,75,75,73,73,73,48,47,47,69,69,75,75,62,62,48],"gold":144,"neow_bonus":"BOSS_RELIC","is_prod":false,"is_daily":false,"chose_seed":false,"campfire_upgraded":7,"win_rate":0,"timestamp":1548448820,"path_taken":["M","?","M","?","$","R","?","E","T","E","R","M","?","M","R","BOSS","M","M","?","$","?","R","M","R","T","E","R","M","R","E","R","BOSS","M","?","$","M","?","R","E","M","T","R","?","M","E","?","R","BOSS"],"build_version":"2019-01-23","purchased_purges":2,"victory":true,"max_hp_per_floor":[70,75,75,75,75,75,75,75,75,75,75,75,75,75,75,75,75,75,75,75,75,75,75,75,75,75,75,75,75,75,75,75,75,75,75,75,75,75,75,75,75,75,75,75,75,75,75,75,75,75],"card_choices":[{"not_picked":["Acrobatics","Deadly Poison"],"picked":"Predator","floor":1.0},{"not_picked":["Bane","Poisoned Stab"],"picked":"Deadly Poison","floor":3.0},{"not_picked":["Outmaneuver","Prepared","Flying Knee"],"picked":"SKIP","floor":7.0},{"not_picked":["Quick Slash","Backflip"],"picked":"Catalyst","floor":8.0},{"not_picked":["A Thousand Cuts+1","Dodge and Roll"],"picked":"Footwork+1","floor":10.0},{"not_picked":["Blade Dance","Acrobatics"],"picked":"PiercingWail","floor":12.0},{"not_picked":["Caltrops+1","PiercingWail","Outmaneuver"],"picked":"SKIP","floor":14.0},{"not_picked":["Die Die Die","Night Terror"],"picked":"Wraith Form v2+1","floor":16.0},{"not_picked":["Skewer","Underhanded Strike+1","Outmaneuver"],"picked":"SKIP","floor":18.0},{"not_picked":["Flying Knee","Outmaneuver+1"],"picked":"Deadly Poison+1","floor":19.0},{"not_picked":["Slice","Flying Knee"],"picked":"Cloak And Dagger","floor":24.0},{"not_picked":["Calculated Gamble","Flechettes","Predator"],"picked":"SKIP","floor":27.0},{"not_picked":["Underhanded Strike","Flechettes"],"picked":"Footwork+1","floor":29.0},{"not_picked":["Deflect+1","Infinite Blades+1","Bane"],"picked":"SKIP","floor":31.0},{"not_picked":["Storm of Steel","Wraith Form v2+1"],"picked":"After Image+1","floor":33.0},{"not_picked":["Tactician+1","Bane","Skewer"],"picked":"SKIP","floor":35.0},{"not_picked":["Blade Dance","Bane+1","Dodge and Roll"],"picked":"SKIP","floor":38.0},{"not_picked":["Enlightenment","Jack Of All Trades"],"picked":"Bandage Up","floor":39.0},{"not_picked":["Storm of Steel","Flying Knee+1","Die Die Die"],"picked":"SKIP","floor":41.0},{"not_picked":["Outmaneuver+1","Tactician+1"],"picked":"Acrobatics+1","floor":42},{"not_picked":["Deadly Poison","Bane","Backflip+1"],"picked":"SKIP","floor":46},{"not_picked":["Deadly Poison","Bane","Backflip+1"],"picked":"SKIP","floor":46},{"not_picked":["Backflip+1","Deadly Poison+1","Dagger Spray+1"],"picked":"SKIP","floor":47}],"player_experience":138823,"relics_obtained":[{"floor":8.0,"key":"Orichalcum"},{"floor":9.0,"key":"Frozen Egg 2"},{"floor":10.0,"key":"Pantograph"},{"floor":13.0,"key":"The Specimen"},{"floor":26.0,"key":"Blood Vial"},{"floor":27.0,"key":"Matryoshka"},{"floor":31.0,"key":"Ninja Scroll"},{"floor":41.0,"key":"Meat on the Bone"},{"floor":43,"key":"Mercury Hourglass"},{"floor":43,"key":"Oddly Smooth Stone"},{"floor":47,"key":"Tingsha"},{"floor":48,"key":"Incense Burner"}],"event_choices":[{"damage_healed":0.0,"max_hp_gain":5.0,"max_hp_loss":0.0,"gold_gain":0.0,"event_name":"Big Fish","player_choice":"Donut","floor":2.0,"gold_loss":0.0,"damage_taken":0.0},{"damage_healed":0.0,"max_hp_gain":0.0,"max_hp_loss":0.0,"gold_gain":0.0,"cards_transformed":["Strike_G"],"event_name":"Transmorgrifier","player_choice":"Transformed","floor":4.0,"gold_loss":0.0,"damage_taken":0.0,"cards_obtained":["Night Terror"]},{"cards_removed":["Strike_G"],"damage_healed":0.0,"max_hp_gain":0.0,"max_hp_loss":0.0,"gold_gain":0.0,"event_name":"Beggar","player_choice":"Gave Gold","floor":20.0,"gold_loss":75.0,"damage_taken":0.0},{"damage_healed":0.0,"max_hp_gain":0.0,"max_hp_loss":0.0,"gold_gain":0.0,"event_name":"Masked Bandits","player_choice":"Paid Fearfully","floor":22.0,"gold_loss":4.0,"damage_taken":0.0},{"damage_healed":0.0,"max_hp_gain":0.0,"max_hp_loss":0.0,"gold_gain":999.0,"event_name":"MindBloom","player_choice":"Gold","floor":36.0,"gold_loss":0.0,"damage_taken":0.0,"cards_obtained":["Normality","Normality"]},{"damage_healed":0.0,"max_hp_gain":0.0,"max_hp_loss":0.0,"gold_gain":0.0,"event_name":"SensoryStone","player_choice":"Memory 1","floor":39.0,"gold_loss":0.0,"damage_taken":0.0},{"damage_healed":0,"gold_gain":0,"player_choice":"Fight","damage_taken":0,"max_hp_gain":0,"max_hp_loss":0,"event_name":"Mysterious Sphere","floor":48,"gold_loss":0}],"is_beta":false,"boss_relics":[{"not_picked":["Fusion Hammer","Calling Bell"],"picked":"Velvet Choker"},{"not_picked":["WristBlade","Runic Dome"],"picked":"Cursed Key"}],"items_purged_floors":[37,45],"is_endless":false,"potions_floor_spawned":[1,3,7,8,10,12,14,16,18,19,24,27,29,31,33,35,38,41,42,46,47,48],"ascension_level":4}