{"path_per_floor":["M","M","M","$","M","E","R","M","T","R","?","R","M","$","R","B",null,"M","M","M","M","?","R"],"character_chosen":"IRONCLAD","items_purchased":["Inflame","Shrug It Off"],"gold_per_floor":[114,129,142,14,27,54,54,69,69,69,69,69,80,80,80,181,181,198,209,221,233,233,233,233],"floor_reached":24,"campfire_rested":2,"playtime":2422,"item_purchase_floors":[4,4],"current_hp_per_floor":[80,76,70,70,64,30,54,54,54,54,54,54,60,60,60,52,80,74,67,40,18,3,28,0],"items_purged":[],"gold":233,"score":200,"play_id":"01b43e0e-5134-4dd5-8139-784a32027a4e","local_time":"20180618041933","is_prod":false,"is_daily":false,"chose_seed":false,"is_ascension_mode":false,"campfire_upgraded":3,"win_rate":0,"timestamp":1529288373,"campfire_choices":[{"floor":7,"key":"REST"},{"data":"Heavy Blade","floor":10,"key":"SMITH"},{"data":"Inflame","floor":12,"key":"SMITH"},{"data":"Metallicize","floor":15,"key":"SMITH"},{"floor":23,"key":"REST"}],"path_taken":["M","M","M","$","M","E","R","M","T","R","?","R","?","$","R","BOSS","M","M","M","M","?","R","E"],"build_version":"2018-06-14v2","seed_source_timestamp":873203718738167,"purchased_purges":0,"victory":false,"master_deck":["Strike_R","Strike_R","Strike_R","Strike_R","Strike_R","Defend_R","Defend_R","Defend_R","Defend_R","Bash","Flex","Flex","Flex","Inflame+1","Shrug It Off","Shrug It Off","Heavy Blade+1","Clothesline","Metallicize+1","Barricade","Perfected Strike","Sword Boomerang","Iron Wave","Twin Strike+1"],"max_hp_per_floor":[80,80,80,80,80,80,80,80,80,80,80,80,80,80,80,80,80,80,80,80,80,85,85,85],"relics":["Burning Blood","Self Forming Clay","Ancient Tea Set","Cursed Key"],"card_choices":[{"not_picked":["Warcry","Thunderclap"],"picked":"Flex","floor":1},{"not_picked":["Anger","Armaments"],"picked":"Flex","floor":2},{"not_picked":["Fire Breathing","Intimidate"],"picked":"Flex","floor":3},{"not_picked":["True Grit","Clothesline"],"picked":"Shrug It Off","floor":5},{"not_picked":["Battle Trance","Disarm"],"picked":"Heavy Blade","floor":6},{"not_picked":["Anger","Entrench"],"picked":"Clothesline","floor":8},{"not_picked":["Armaments","Iron Wave"],"picked":"Metallicize","floor":13},{"not_picked":["Impervious","Bludgeon"],"picked":"Barricade","floor":16},{"not_picked":["Pommel Strike","Evolve"],"picked":"Perfected Strike","floor":18},{"not_picked":["Warcry","Clothesline"],"picked":"Sword Boomerang","floor":19},{"not_picked":["Anger","Pommel Strike"],"picked":"Iron Wave","floor":20},{"not_picked":["Sword Boomerang","Headbutt"],"picked":"Twin Strike+1","floor":21}],"player_experience":44066,"potions_floor_usage":[5],"damage_taken":[{"damage":5,"enemies":"Cultist","floor":1,"turns":4},{"damage":10,"enemies":"Jaw Worm","floor":2,"turns":4},{"damage":12,"enemies":"Small Slimes","floor":3,"turns":4},{"damage":12,"enemies":"Exordium Thugs","floor":5,"turns":4},{"damage":40,"enemies":"3 Sentries","floor":6,"turns":11},{"damage":6,"enemies":"Looter","floor":8,"turns":4},{"damage":0,"enemies":"Large Slime","floor":13,"turns":5},{"damage":14,"enemies":"Slime Boss","floor":16,"turns":13},{"damage":12,"enemies":"Chosen","floor":18,"turns":7},{"damage":13,"enemies":"3 Byrds","floor":19,"turns":8},{"damage":33,"enemies":"3 Cultists","floor":20,"turns":7},{"damage":28,"enemies":"Centurion and Healer","floor":21,"turns":6},{"damage":37,"enemies":"Slavers","floor":24,"turns":4}],"relics_obtained":[{"floor":6,"key":"Self Forming Clay"},{"floor":9,"key":"Ancient Tea Set"}],"event_choices":[{"event_name":"Golden Idol","player_choice":"Ignored","floor":11,"damage_taken":0},{"event_name":"Forgotten Altar","player_choice":"Shed Blood","floor":22,"damage_taken":0}],"boss_relics":[{"not_picked":["Runic Pyramid","Fusion Hammer"],"picked":"Cursed Key"}],"items_purged_floors":[],"is_endless":false,"potions_floor_spawned":[2,5,6,19,20],"seed_played":"-3217984557047280411","killed_by":"Slavers","ascension_level":0,"potions_obtained":[{"floor":2,"key":"Explosive Potion"},{"floor":5,"key":"SkillPotion"},{"floor":6,"key":"SteroidPotion"},{"floor":19,"key":"AttackPotion"}],"is_trial":false}