{"gold_per_floor":[118,118,5,20,20,20,20,30,30,82,92,103,103,113,113,218,218,228,56,71,71,170,170,21,36,36,36,46,58,22,22],"floor_reached":31,"playtime":878,"items_purged":["Defend_B"],"score":227,"play_id":"e5451d1c-2829-4b69-af44-650f3f4ffbec","local_time":"20190202000305","is_ascension_mode":false,"campfire_choices":[{"data":"Zap","floor":6,"key":"SMITH"},{"data":"Chaos","floor":15,"key":"SMITH"},{"floor":23,"key":"REST"}],"neow_cost":"NONE","seed_source_timestamp":270903312437432,"circlet_count":0,"master_deck":["Strike_B","Strike_B","Strike_B","Defend_B","Defend_B","Zap+1","Dualcast","Cold Snap","Sunder","Defragment","Loop","Chaos+1","Lockon","Compile Driver","Compile Driver","Echo Form","Storm","Capacitor","Stack","Chill+1","Melter","Storm","Hologram","Steam+1","Buffer","Doom and Gloom"],"relics":["Cracked Core"],"potions_floor_usage":[31],"damage_taken":[{"damage":1,"enemies":"Jaw Worm","floor":1,"turns":3},{"damage":0,"enemies":"Small Slimes","floor":4,"turns":2},{"damage":0,"enemies":"2 Louse","floor":8,"turns":1},{"damage":0,"enemies":"2 Fungi Beasts","floor":11,"turns":2},{"damage":5,"enemies":"3 Louse","floor":12,"turns":3},{"damage":0,"enemies":"Large Slime","floor":14,"turns":4},{"damage":4,"enemies":"The Guardian","floor":16,"turns":9},{"damage":27,"enemies":"Spheric Guardian","floor":18,"turns":4},{"damage":21,"enemies":"3 Byrds","floor":20,"turns":4},{"damage":8,"enemies":"Cultist and Chosen","floor":25,"turns":4},{"damage":19,"enemies":"Centurion and Healer","floor":28,"turns":5},{"damage":13,"enemies":"Shelled Parasite and Fungi","floor":29,"turns":6},{"damage":28,"enemies":"Colosseum Slavers","floor":31,"turns":4}],"seed_played":"956070642727188728","potions_obtained":[{"floor":4,"key":"Dexterity Potion"},{"floor":8,"key":"PowerPotion"},{"floor":16,"key":"Strength Potion"}],"is_trial":false,"path_per_floor":["M","?","$","M","$","R","?","M","T","T","M","M","?","M","R","B",null,"M","$","M","?","?","R","$","M","T","?","M","M","$","?"],"character_chosen":"DEFECT","items_purchased":["Sunder","Defragment","Capacitor","Stack","Melter","Storm","Doom and Gloom"],"campfire_rested":1,"item_purchase_floors":[3,3,19,19,24,24,30],"current_hp_per_floor":[81,74,74,74,74,74,79,79,79,79,79,74,71,71,71,67,87,60,60,39,39,39,65,65,57,57,57,38,25,25,0],"gold":22,"neow_bonus":"TEN_PERCENT_HP_BONUS","is_prod":false,"is_daily":false,"chose_seed":false,"campfire_upgraded":2,"win_rate":0,"timestamp":1549078385,"path_taken":["M","?","$","M","$","R","?","M","T","?","M","M","?","M","R","BOSS","M","$","M","?","?","R","$","M","T","?","M","M","$","?"],"build_version":"2019-01-23","purchased_purges":1,"victory":false,"max_hp_per_floor":[82,82,82,82,82,82,87,87,87,87,87,87,87,87,87,87,87,87,87,87,87,87,87,87,87,87,87,87,87,87,87],"card_choices":[{"not_picked":["Rebound","Stack"],"picked":"Cold Snap","floor":1},{"not_picked":["Beam Cell","Hologram"],"picked":"Loop","floor":4},{"not_picked":["Conserve Battery","Skim"],"picked":"Chaos","floor":8},{"not_picked":["Consume","Gash"],"picked":"Lockon","floor":11},{"not_picked":["Barrage","Reprogram"],"picked":"Compile Driver","floor":12},{"not_picked":["Skim","Aggregate"],"picked":"Compile Driver","floor":14},{"not_picked":["Biased Cognition","Amplify"],"picked":"Echo Form","floor":16},{"not_picked":["Blizzard+1","Turbo"],"picked":"Storm","floor":18},{"not_picked":["Go for the Eyes","Compile Driver"],"picked":"Chill+1","floor":20},{"not_picked":["Beam Cell","Tempest"],"picked":"Hologram","floor":25},{"not_picked":["Turbo","Compile Driver"],"picked":"Steam+1","floor":28},{"not_picked":["Sweeping Beam","Sunder"],"picked":"Buffer","floor":29}],"player_experience":313989,"relics_obtained":[],"event_choices":[{"cards_removed":["Strike_B"],"damage_healed":0,"gold_gain":0,"player_choice":"Card Removal","damage_taken":7,"max_hp_gain":0,"max_hp_loss":0,"event_name":"Golden Wing","floor":2,"gold_loss":0},{"damage_healed":0,"gold_gain":0,"player_choice":"Donut","damage_taken":0,"max_hp_gain":5,"max_hp_loss":0,"event_name":"Big Fish","floor":7,"gold_loss":0},{"damage_healed":0,"gold_gain":0,"player_choice":"Fled","damage_taken":3,"max_hp_gain":0,"max_hp_loss":0,"event_name":"Scrap Ooze","floor":13,"gold_loss":0},{"cards_removed":["Defend_B"],"damage_healed":0,"gold_gain":0,"player_choice":"Elegance","damage_taken":0,"max_hp_gain":0,"max_hp_loss":0,"event_name":"Back to Basics","floor":21,"gold_loss":0},{"damage_healed":0,"gold_gain":99,"player_choice":"Stole From Cult","damage_taken":0,"max_hp_gain":0,"max_hp_loss":0,"event_name":"Nest","floor":22,"gold_loss":0},{"damage_healed":0,"gold_gain":0,"player_choice":"Fight","damage_taken":0,"max_hp_gain":0,"max_hp_loss":0,"event_name":"Colosseum","floor":31,"gold_loss":0}],"is_beta":false,"boss_relics":[{"not_picked":["Inserter","Ectoplasm","Empty Cage"]}],"items_purged_floors":[19],"is_endless":false,"potions_floor_spawned":[4,8,16,20,28,29],"killed_by":"Colosseum Slavers","ascension_level":0}