{"gold_per_floor":[109,109,109,127,52,52,71,98,147,167,167,187,137,154,154,253,253,273,273,373,383,22,22,34,34,57,70,87,87,87,139,139,241,241,257,273,273,273,273,273],"floor_reached":40,"playtime":1573,"items_purged":["Defend_B","Strike_B"],"score":386,"play_id":"f8ca4e89-81df-4a34-9216-186e74008aab","local_time":"20190126143754","is_ascension_mode":false,"campfire_choices":[{"data":"Conserve Battery","floor":6,"key":"SMITH"},{"data":"Zap","floor":11,"key":"SMITH"},{"data":"Loop","floor":15,"key":"SMITH"},{"floor":23,"key":"REST"},{"floor":25,"key":"REST"},{"floor":32,"key":"REST"}],"neow_cost":"NONE","seed_source_timestamp":592580499814518,"circlet_count":0,"master_deck":["Strike_B","Strike_B","Strike_B","Defend_B+1","Defend_B+1","Zap+1","Dualcast","Conserve Battery+1","Self Repair","Beam Cell","Loop+1","Machine Learning","Echo Form","Tempest","Defragment","Conserve Battery","White Noise","Creative AI","Capacitor","Thinking Ahead","Panache","Writhe"],"relics":["Cracked Core","NeowsBlessing","Orichalcum","Pen Nib","Blood Vial","Orrery","Pocketwatch","Pantograph","Letter Opener","Strawberry","Inserter"],"potions_floor_usage":[40,40],"damage_taken":[{"damage":0,"enemies":"2 Louse","floor":1,"turns":1},{"damage":0,"enemies":"Small Slimes","floor":4,"turns":1},{"damage":0,"enemies":"Cultist","floor":7,"turns":1},{"damage":18,"enemies":"3 Sentries","floor":8,"turns":8},{"damage":3,"enemies":"Exordium Wildlife","floor":10,"turns":5},{"damage":3,"enemies":"2 Fungi Beasts","floor":12,"turns":3},{"damage":0,"enemies":"Blue Slaver","floor":14,"turns":3},{"damage":32,"enemies":"The Guardian","floor":16,"turns":12},{"damage":20,"enemies":"Spheric Guardian","floor":18,"turns":5},{"damage":29,"enemies":"Colosseum Slavers","floor":20,"turns":6},{"damage":31,"enemies":"Colosseum Nobs","floor":20,"turns":5},{"damage":22,"enemies":"3 Byrds","floor":21,"turns":4},{"damage":27,"enemies":"Snecko","floor":24,"turns":7},{"damage":27,"enemies":"3 Cultists","floor":27,"turns":5},{"damage":14,"enemies":"Centurion and Healer","floor":28,"turns":5},{"damage":53,"enemies":"Champ","floor":33,"turns":10},{"damage":19,"enemies":"3 Shapes","floor":35,"turns":4},{"damage":65,"enemies":"3 Darklings","floor":36,"turns":7},{"damage":42,"enemies":"Reptomancer","floor":40,"turns":2}],"seed_played":"-9204197221328029948","potions_obtained":[{"floor":1,"key":"Explosive Potion"},{"floor":7,"key":"EssenceOfSteel"},{"floor":21,"key":"FocusPotion"},{"floor":36,"key":"SkillPotion"}],"is_trial":false,"path_per_floor":["M","?","?","M","$","R","M","E","T","M","R","M","?","M","R","B",null,"M","?","?","M","$","R","M","R","T","M","M","$","?","T","R","B",null,"M","M","?","?","?","E"],"character_chosen":"DEFECT","items_purchased":["Letter Opener"],"campfire_rested":3,"item_purchase_floors":[22],"current_hp_per_floor":[75,60,60,60,60,60,67,56,56,62,62,68,68,75,75,50,75,69,69,27,14,14,36,25,47,54,36,38,38,38,38,62,36,82,70,21,11,11,32,0],"gold":273,"neow_bonus":"THREE_ENEMY_KILL","is_prod":false,"is_daily":false,"chose_seed":false,"campfire_upgraded":3,"win_rate":0,"timestamp":1548526074,"path_taken":["M","?","?","?","$","R","M","E","T","M","R","M","?","M","R","BOSS","M","?","?","M","?","R","M","R","T","M","?","$","?","?","R","BOSS","M","M","?","?","?","E"],"build_version":"2019-01-23","purchased_purges":2,"victory":false,"max_hp_per_floor":[75,75,75,75,75,75,75,75,75,75,75,75,75,75,75,75,75,75,75,75,75,75,75,75,75,82,82,82,82,82,82,82,82,82,82,82,82,82,82,82],"card_choices":[{"not_picked":["Beam Cell","Leap"],"picked":"Conserve Battery","floor":1},{"not_picked":["Conserve Battery","Lockon"],"picked":"Self Repair","floor":4},{"not_picked":["Redo","Rebound"],"picked":"Beam Cell","floor":7},{"not_picked":["Go for the Eyes","Streamline","Leap"],"picked":"SKIP","floor":8},{"not_picked":["Gash","Auto Shields","Coolheaded"],"picked":"SKIP","floor":10},{"not_picked":["Cold Snap","Recycle","Sweeping Beam"],"picked":"SKIP","floor":12},{"not_picked":["Scrape","Undo"],"picked":"Loop","floor":14},{"not_picked":["Core Surge","Rainbow"],"picked":"Machine Learning","floor":16},{"not_picked":["Sweeping Beam","Streamline"],"picked":"Echo Form","floor":17},{"not_picked":["Lockon","Redo"],"picked":"Tempest","floor":18},{"not_picked":["Hello World","Ball Lightning"],"picked":"Conserve Battery","floor":20},{"not_picked":["Steam","Beam Cell","Sweeping Beam"],"picked":"SKIP","floor":21},{"not_picked":["Sweeping Beam","Static Discharge","Barrage"],"picked":"SKIP","floor":24},{"not_picked":["Doom and Gloom","Recycle+1","Undo+1"],"picked":"SKIP","floor":27},{"not_picked":["Seek","Aggregate"],"picked":"White Noise","floor":28},{"not_picked":["Biased Cognition","Reboot"],"picked":"Creative AI","floor":33},{"not_picked":["Turbo+1","Rebound+1"],"picked":"Capacitor","floor":35},{"not_picked":["Cold Snap","Redo+1","Go for the Eyes"],"picked":"SKIP","floor":36},{"not_picked":["Good Instincts","Discovery"],"picked":"Thinking Ahead","floor":37},{"not_picked":["Panacea","Trip"],"picked":"Panache","floor":37}],"player_experience":232159,"relics_obtained":[{"floor":8,"key":"Pen Nib"},{"floor":9,"key":"Blood Vial"},{"floor":20,"key":"Pocketwatch"},{"floor":20,"key":"Pantograph"},{"floor":26,"key":"Strawberry"}],"event_choices":[{"damage_healed":0,"gold_gain":0,"player_choice":"Entered Light","damage_taken":15,"max_hp_gain":0,"max_hp_loss":0,"event_name":"Shining Light","floor":2,"gold_loss":0,"cards_upgraded":["Defend_B","Defend_B"]},{"damage_healed":0,"gold_gain":0,"player_choice":"Gave Potion","damage_taken":0,"relics_obtained":["Orichalcum"],"max_hp_gain":0,"max_hp_loss":0,"event_name":"WeMeetAgain","floor":3,"gold_loss":0},{"cards_removed":["Defend_B"],"damage_healed":0,"gold_gain":0,"player_choice":"Card Removal","damage_taken":0,"max_hp_gain":0,"max_hp_loss":0,"event_name":"The Cleric","floor":13,"gold_loss":50},{"damage_healed":0,"gold_gain":0,"player_choice":"Read","damage_taken":0,"max_hp_gain":0,"max_hp_loss":0,"event_name":"The Library","floor":19,"gold_loss":0,"cards_obtained":["Defragment"]},{"damage_healed":0,"gold_gain":0,"player_choice":"Fight","damage_taken":0,"max_hp_gain":0,"max_hp_loss":0,"event_name":"Colosseum","floor":20,"gold_loss":0},{"damage_healed":0,"gold_gain":0,"player_choice":"Fought Nobs","damage_taken":0,"max_hp_gain":0,"max_hp_loss":0,"event_name":"Colosseum","floor":20,"gold_loss":0},{"damage_healed":0,"gold_gain":0,"player_choice":"Ignored","damage_taken":0,"max_hp_gain":0,"max_hp_loss":0,"event_name":"Vampires","floor":30,"gold_loss":0},{"damage_healed":0,"gold_gain":0,"player_choice":"Memory 3","damage_taken":10,"max_hp_gain":0,"max_hp_loss":0,"event_name":"SensoryStone","floor":37,"gold_loss":0},{"damage_healed":0,"gold_gain":0,"player_choice":"Ignored","damage_taken":0,"max_hp_gain":0,"max_hp_loss":0,"event_name":"Tomb of Lord Red Mask","floor":38,"gold_loss":0},{"damage_healed":21,"gold_gain":0,"player_choice":"Writhe","damage_taken":0,"max_hp_gain":0,"max_hp_loss":0,"event_name":"Winding Halls","floor":39,"gold_loss":0,"cards_obtained":["Writhe"]}],"is_beta":false,"boss_relics":[{"not_picked":["Fusion Hammer","Philosopher\u0027s Stone"],"picked":"Orrery"},{"not_picked":["Runic Dome","Eternal Feather"],"picked":"Inserter"}],"items_purged_floors":[5,22],"is_endless":false,"potions_floor_spawned":[1,7,20,21,36],"killed_by":"Reptomancer","ascension_level":0}