{"gold_per_floor":[114,114,79,89,9,9,43,43,43,43,55,55,74,91,91,189,189,203,128,128,148,148,148],"floor_reached":23,"playtime":590,"items_purged":["Pain"],"score":189,"play_id":"a317800f-6a1a-4697-8ae4-07bf81c71194","local_time":"20190114044416","is_ascension_mode":false,"campfire_choices":[{"floor":6,"key":"REST"},{"data":"Defragment","floor":8,"key":"SMITH"},{"floor":15,"key":"REST"}],"neow_cost":"PERCENT_DAMAGE","seed_source_timestamp":318540760479856,"circlet_count":0,"master_deck":["Strike_B","Strike_B","Strike_B+1","Strike_B","Defend_B","Defend_B+1","Defend_B","Defend_B","Zap","Dualcast","Ball Lightning","Leap","Defragment+1","Leap","Sweeping Beam","Capacitor","Defragment","Core Surge","Steam+1","Ball Lightning+1","Writhe"],"relics":["Cracked Core","Du-Vu Doll","Pantograph","Bag of Preparation","WarpedTongs","White Beast Statue","Enchiridion","Anchor"],"potions_floor_usage":[21],"damage_taken":[{"damage":4,"enemies":"Jaw Worm","floor":1,"turns":4},{"damage":2,"enemies":"Small Slimes","floor":4,"turns":4},{"damage":22,"enemies":"Lagavulin","floor":7,"turns":5},{"damage":0,"enemies":"Cultist","floor":11,"turns":2},{"damage":2,"enemies":"Looter","floor":13,"turns":2},{"damage":3,"enemies":"Exordium Wildlife","floor":14,"turns":3},{"damage":44,"enemies":"Hexaghost","floor":16,"turns":8},{"damage":11,"enemies":"Shell Parasite","floor":18,"turns":7},{"damage":10,"enemies":"2 Thieves","floor":21,"turns":4},{"damage":58,"enemies":"Slavers","floor":23,"turns":4}],"seed_played":"6839252145030499758","potions_obtained":[{"floor":7,"key":"SpeedPotion"},{"floor":13,"key":"Weak Potion"},{"floor":14,"key":"FairyPotion"},{"floor":16,"key":"Block Potion"},{"floor":21,"key":"GamblersBrew"}],"is_trial":false,"path_per_floor":["M","?","?","M","$","R","E","R","T","?","M","?","M","M","R","B",null,"M","$","?","M","?","E"],"character_chosen":"DEFECT","items_purchased":["Defragment"],"campfire_rested":2,"item_purchase_floors":[5],"current_hp_per_floor":[50,47,65,63,63,75,53,53,53,38,38,38,36,33,55,31,75,64,64,48,38,38,0],"gold":148,"neow_bonus":"ONE_RARE_RELIC","is_prod":false,"is_daily":false,"chose_seed":false,"campfire_upgraded":1,"win_rate":0,"timestamp":1547437456,"path_taken":["M","?","?","M","$","R","E","R","T","?","?","?","?","M","R","BOSS","M","$","?","M","?","E"],"build_version":"2019-01-10","purchased_purges":1,"victory":false,"max_hp_per_floor":[75,75,75,75,75,75,75,75,75,75,75,75,75,75,75,75,75,75,75,75,75,75,75],"card_choices":[{"not_picked":["Stack","Gash"],"picked":"Ball Lightning","floor":1},{"not_picked":["Static Discharge","Darkness"],"picked":"Leap","floor":4},{"not_picked":["Turbo","Steam"],"picked":"Leap","floor":7},{"not_picked":["Heatsinks","Melter"],"picked":"Sweeping Beam","floor":11},{"not_picked":["Static Discharge","Chaos"],"picked":"Capacitor","floor":13},{"not_picked":["Leap","Streamline"],"picked":"Defragment","floor":14},{"not_picked":["Fission","Buffer"],"picked":"Core Surge","floor":16},{"not_picked":["Gash","Doom and Gloom+1"],"picked":"Steam+1","floor":18},{"not_picked":["Conserve Battery+1","Leap"],"picked":"Ball Lightning+1","floor":21}],"player_experience":412665,"relics_obtained":[{"floor":7,"key":"Bag of Preparation"},{"floor":20,"key":"Enchiridion"}],"event_choices":[{"damage_healed":0,"gold_gain":0,"player_choice":"Success","damage_taken":3,"relics_obtained":["Pantograph"],"max_hp_gain":0,"max_hp_loss":0,"event_name":"Scrap Ooze","floor":2,"gold_loss":0},{"damage_healed":18,"gold_gain":0,"player_choice":"Healed","damage_taken":0,"max_hp_gain":0,"max_hp_loss":0,"event_name":"The Cleric","floor":3,"gold_loss":35},{"damage_healed":0,"gold_gain":0,"player_choice":"Entered Light","damage_taken":15,"max_hp_gain":0,"max_hp_loss":0,"event_name":"Shining Light","floor":10,"gold_loss":0,"cards_upgraded":["Defend_B","Strike_B"]},{"damage_healed":0,"gold_gain":0,"player_choice":"Rummage","damage_taken":0,"relics_obtained":["WarpedTongs"],"max_hp_gain":0,"max_hp_loss":0,"event_name":"Accursed Blacksmith","floor":12,"gold_loss":0,"cards_obtained":["Pain"]},{"damage_healed":0,"gold_gain":0,"player_choice":"Obtained Book","damage_taken":16,"max_hp_gain":0,"max_hp_loss":0,"event_name":"Cursed Tome","floor":20,"gold_loss":0},{"damage_healed":0,"gold_gain":0,"player_choice":"Opened","damage_taken":0,"relics_obtained":["Anchor"],"max_hp_gain":0,"max_hp_loss":0,"event_name":"The Mausoleum","floor":22,"gold_loss":0,"cards_obtained":["Writhe"]}],"is_beta":false,"boss_relics":[{"not_picked":["Snecko Eye","FrozenCore"],"picked":"White Beast Statue"}],"items_purged_floors":[19],"is_endless":false,"potions_floor_spawned":[7,13,14,16,18,21],"killed_by":"Slavers","ascension_level":0}