{"gold_per_floor":[11,11,31,47,66,100,100,164,191,191,30,60,360,360,360,457,457,469,502,442,462,230,230,250,250,323,323,223,223,242,255,255,350,350,361,236,254,354,64,64,97,97,122,122,133,133,152,21,21,21],"floor_reached":51,"playtime":4571,"items_purged":["Defend_G","Strike_G","Defend_G"],"score":681,"play_id":"c91c59f9-db7a-4445-b872-bbee43ec095b","local_time":"20190110170012","is_ascension_mode":false,"campfire_choices":[{"data":"Neutralize","floor":7,"key":"SMITH"},{"data":"Noxious Fumes","floor":10,"key":"SMITH"},{"floor":15,"key":"REST"},{"data":"Footwork","floor":23,"key":"SMITH"},{"data":"Noxious Fumes","floor":29,"key":"SMITH"},{"data":"After Image","floor":32,"key":"SMITH"},{"data":"Catalyst","floor":40,"key":"SMITH"},{"data":"Footwork","floor":42,"key":"SMITH"},{"data":"Acrobatics","floor":46,"key":"SMITH"},{"floor":49,"key":"REST"}],"neow_cost":"NO_GOLD","seed_source_timestamp":331452135217200,"circlet_count":0,"master_deck":["Defend_G","Defend_G+1","Strike_G+1","Strike_G+1","Survivor","Neutralize+1","Quick Slash","Acrobatics+1","Noxious Fumes+1","Backflip","Backstab+1","Flying Knee","Footwork+1","Bandage Up","After Image+1","Predator+1","Dagger Spray","Catalyst+1","Noxious Fumes+1","PiercingWail","Catalyst+1","Deadly Poison+1","Footwork+1","Dark Shackles+1","Terror+1"],"relics":["Ring of the Snake","Bag of Marbles","Tiny Chest","Whetstone","Vajra","Old Coin","Anchor","Velvet Choker","Red Mask","Tough Bandages","Toxic Egg 2","Nilry\u0027s Codex","Empty Cage","Gambling Chip","The Specimen","Kunai","Snake Skull"],"potions_floor_usage":[16,33,33,33,50],"damage_taken":[{"damage":0,"enemies":"Small Slimes","floor":1,"turns":4},{"damage":0,"enemies":"Jaw Worm","floor":3,"turns":2},{"damage":0,"enemies":"2 Louse","floor":4,"turns":3},{"damage":5,"enemies":"Lots of Slimes","floor":5,"turns":5},{"damage":16,"enemies":"Lagavulin","floor":6,"turns":9},{"damage":7,"enemies":"Gremlin Nob","floor":8,"turns":3},{"damage":4,"enemies":"Slime Boss","floor":16,"turns":7},{"damage":0,"enemies":"Chosen","floor":18,"turns":3},{"damage":10,"enemies":"Masked Bandits","floor":19,"turns":3},{"damage":4,"enemies":"Shell Parasite","floor":21,"turns":4},{"damage":2,"enemies":"Chosen and Byrds","floor":24,"turns":4},{"damage":0,"enemies":"Snake Plant","floor":30,"turns":4},{"damage":0,"enemies":"Cultist and Chosen","floor":31,"turns":4},{"damage":35,"enemies":"Automaton","floor":33,"turns":7},{"damage":7,"enemies":"Orb Walker","floor":35,"turns":3},{"damage":0,"enemies":"3 Shapes","floor":37,"turns":4},{"damage":0,"enemies":"Mind Bloom Boss Battle","floor":38,"turns":4},{"damage":18,"enemies":"Giant Head","floor":41,"turns":7},{"damage":0,"enemies":"Writhing Mass","floor":45,"turns":4},{"damage":0,"enemies":"Spire Growth","floor":47,"turns":3},{"damage":20,"enemies":"Donu and Deca","floor":50,"turns":4}],"seed_played":"-3040117855544494724","potions_obtained":[{"floor":3,"key":"AttackPotion"},{"floor":6,"key":"Poison Potion"},{"floor":8,"key":"SteroidPotion"},{"floor":16,"key":"Swift Potion"},{"floor":21,"key":"FearPotion"},{"floor":45,"key":"SpeedPotion"}],"is_trial":false,"path_per_floor":["M","?","M","M","M","E","R","E","T","R","$","?","T","?","R","B",null,"M","?","?","M","$","R","M","?","T","?","$","R","M","M","R","B",null,"M","$","M","?","$","R","E","R","T","?","M","R","M","$","R","B",null],"character_chosen":"THE_SILENT","items_purchased":["Footwork","Bandage Up","Dagger Spray","Catalyst","Noxious Fumes","The Specimen","Terror+1","SkillPotion","Block Potion"],"campfire_rested":2,"item_purchase_floors":[11,11,22,22,22,39,48,48,48],"current_hp_per_floor":[70,56,56,56,51,35,35,28,28,28,28,28,28,16,37,37,70,70,64,64,64,64,64,66,66,66,50,50,50,54,58,58,27,70,63,63,63,67,67,67,52,52,52,42,46,46,50,50,70,50],"gold":21,"neow_bonus":"TRANSFORM_TWO_CARDS","is_prod":false,"is_daily":false,"chose_seed":false,"campfire_upgraded":8,"win_rate":0.0,"timestamp":1547139612,"path_taken":["M","?","M","M","M","E","R","E","T","R","$","?","?","?","R","BOSS","M","?","?","M","$","R","?","?","T","?","$","R","M","M","R","BOSS","M","$","M","?","$","R","E","R","T","?","M","R","M","?","R","BOSS"],"build_version":"2019-01-03v4","purchased_purges":3,"victory":true,"max_hp_per_floor":[70,70,70,70,70,70,70,70,70,70,70,70,70,70,70,70,70,70,70,70,70,70,70,70,70,70,70,70,70,70,70,70,70,70,70,70,70,70,70,70,70,70,70,70,70,70,70,70,70,70],"card_choices":[{"not_picked":["Deflect","Well Laid Plans"],"picked":"Slice","floor":1},{"not_picked":["Underhanded Strike","Flechettes"],"picked":"Noxious Fumes","floor":3},{"not_picked":["Dagger Throw","Escape Plan"],"picked":"Backflip","floor":4},{"not_picked":["Acrobatics","Dodge and Roll","Underhanded Strike"],"picked":"SKIP","floor":5},{"not_picked":["Skewer","Tactician"],"picked":"Backstab","floor":6},{"not_picked":["Blade Dance","Backflip"],"picked":"Flying Knee","floor":8},{"not_picked":["Doppelganger","Adrenaline"],"picked":"After Image","floor":16},{"not_picked":["Flying Knee","Riddle With Holes"],"picked":"Predator+1","floor":18},{"not_picked":["Heel Hook","Riddle With Holes+1","Backstab"],"picked":"SKIP","floor":21},{"not_picked":["Bane","Acrobatics+1"],"picked":"PiercingWail","floor":24},{"not_picked":["Poisoned Stab","Bane"],"picked":"Catalyst+1","floor":30},{"not_picked":["Poisoned Stab","Phantasmal Killer+1","Dash"],"picked":"SKIP","floor":31},{"not_picked":["Blur+1","Outmaneuver+1"],"picked":"Deadly Poison+1","floor":35},{"not_picked":["Finisher+1","Reflex+1","Backstab"],"picked":"SKIP","floor":37},{"not_picked":["Poisoned Stab","Sucker Punch"],"picked":"Footwork","floor":41},{"not_picked":["Deep Breath+1","Forethought+1"],"picked":"Dark Shackles+1","floor":44},{"not_picked":["Acrobatics+1","Underhanded Strike+1","Dagger Spray+1"],"picked":"SKIP","floor":45},{"not_picked":["Deflect+1","Outmaneuver+1","Sucker Punch+1"],"picked":"SKIP","floor":47}],"player_experience":68752,"relics_obtained":[{"floor":6,"key":"Bag of Marbles"},{"floor":8,"key":"Tiny Chest"},{"floor":9,"key":"Whetstone"},{"floor":13,"key":"Old Coin"},{"floor":19,"key":"Red Mask"},{"floor":26,"key":"Toxic Egg 2"},{"floor":27,"key":"Nilry\u0027s Codex"},{"floor":38,"key":"Gambling Chip"},{"floor":41,"key":"Kunai"},{"floor":43,"key":"Snake Skull"}],"event_choices":[{"damage_healed":0,"gold_gain":0,"player_choice":"Entered Light","damage_taken":14,"max_hp_gain":0,"max_hp_loss":0,"event_name":"Shining Light","floor":2,"gold_loss":0,"cards_upgraded":["Defend_G","Strike_G"]},{"damage_healed":0,"gold_gain":30,"player_choice":"Searched \u00272\u0027 times","damage_taken":0,"relics_obtained":["Vajra"],"max_hp_gain":0,"max_hp_loss":0,"event_name":"Dead Adventurer","floor":12,"gold_loss":0},{"damage_healed":0,"gold_gain":0,"player_choice":"Success","damage_taken":12,"relics_obtained":["Anchor"],"max_hp_gain":0,"max_hp_loss":0,"event_name":"Scrap Ooze","floor":14,"gold_loss":0},{"damage_healed":0,"gold_gain":0,"player_choice":"Fought Bandits","damage_taken":0,"max_hp_gain":0,"max_hp_loss":0,"event_name":"Masked Bandits","floor":19,"gold_loss":0},{"damage_healed":0,"gold_gain":0,"player_choice":"Paid Gold","damage_taken":0,"relics_obtained":["Tough Bandages"],"max_hp_gain":0,"max_hp_loss":0,"event_name":"WeMeetAgain","floor":20,"gold_loss":60},{"damage_healed":0,"gold_gain":0,"player_choice":"Ignored","damage_taken":0,"max_hp_gain":0,"max_hp_loss":0,"event_name":"Ghosts","floor":25,"gold_loss":0},{"damage_healed":0,"gold_gain":0,"player_choice":"Obtained Book","damage_taken":16,"max_hp_gain":0,"max_hp_loss":0,"event_name":"Cursed Tome","floor":27,"gold_loss":0},{"damage_healed":0,"gold_gain":0,"player_choice":"Fight","damage_taken":0,"max_hp_gain":0,"max_hp_loss":0,"event_name":"MindBloom","floor":38,"gold_loss":0},{"damage_healed":0,"gold_gain":0,"player_choice":"Memory 3","damage_taken":10,"max_hp_gain":0,"max_hp_loss":0,"event_name":"SensoryStone","floor":44,"gold_loss":0}],"is_beta":false,"boss_relics":[{"not_picked":["Tiny House","HoveringKite"],"picked":"Velvet Choker"},{"not_picked":["WristBlade","Black Star"],"picked":"Empty Cage"}],"items_purged_floors":[22,28,36],"is_endless":false,"potions_floor_spawned":[3,6,8,16,21,31,45],"ascension_level":0}