{"gold_per_floor":[112,62,237,89,103,103,132,32,57,69,89,108,127,127,127,127],"floor_reached":16,"playtime":398,"items_purged":["Doubt","Strike_R"],"score":102,"play_id":"8260029a-19db-41b1-9131-04c6faf0d3eb","local_time":"20190128215721","is_ascension_mode":false,"campfire_choices":[{"data":"Rampage","floor":6,"key":"SMITH"},{"data":"Shrug It Off","floor":15,"key":"SMITH"}],"neow_cost":"NONE","seed_source_timestamp":792932184712223,"circlet_count":0,"master_deck":["Strike_R","Strike_R+1","Strike_R","Defend_R","Defend_R","Defend_R","Bash+1","Sever Soul","Shrug It Off+1","Rampage+1","Headbutt"],"relics":["Burning Blood","Boot","Whetstone","Golden Idol"],"potions_floor_usage":[16],"damage_taken":[{"damage":5,"enemies":"Jaw Worm","floor":1,"turns":5},{"damage":6,"enemies":"2 Louse","floor":5,"turns":2},{"damage":28,"enemies":"Gremlin Nob","floor":7,"turns":5},{"damage":0,"enemies":"Cultist","floor":10,"turns":3},{"damage":4,"enemies":"3 Louse","floor":11,"turns":4},{"damage":9,"enemies":"Blue Slaver","floor":12,"turns":3},{"damage":12,"enemies":"Exordium Thugs","floor":13,"turns":4},{"damage":34,"enemies":"Hexaghost","floor":16,"turns":7}],"seed_played":"5754011071635245319","potions_obtained":[{"floor":10,"key":"Swift Potion"},{"floor":12,"key":"SpeedPotion"}],"is_trial":false,"path_per_floor":["M","?","?","$","M","R","E","$","T","M","M","M","M","?","R","B"],"character_chosen":"IRONCLAD","items_purchased":["Rampage"],"campfire_rested":0,"item_purchase_floors":[4],"current_hp_per_floor":[80,80,80,80,80,80,58,58,58,64,66,63,57,37,37,3],"gold":127,"neow_bonus":"TRANSFORM_CARD","is_prod":false,"is_daily":false,"chose_seed":false,"campfire_upgraded":2,"win_rate":0,"timestamp":1548725241,"path_taken":["M","?","?","$","M","R","E","?","T","M","M","M","?","?","R","BOSS"],"build_version":"2019-01-23","purchased_purges":2,"victory":false,"max_hp_per_floor":[80,80,80,80,80,80,80,80,80,80,80,80,80,80,80,80],"card_choices":[{"not_picked":["Rupture","Wild Strike"],"picked":"Shrug It Off","floor":1},{"not_picked":["Whirlwind","Blood for Blood","Shrug It Off"],"picked":"SKIP","floor":5},{"not_picked":["Body Slam","Sword Boomerang"],"picked":"Headbutt","floor":7},{"not_picked":["True Grit","Perfected Strike","Barricade"],"picked":"SKIP","floor":10},{"not_picked":["Armaments","Body Slam","Havoc"],"picked":"SKIP","floor":11},{"not_picked":["Body Slam","Havoc","True Grit"],"picked":"SKIP","floor":12},{"not_picked":["Clash","Iron Wave","Heavy Blade"],"picked":"SKIP","floor":13}],"player_experience":255382,"relics_obtained":[{"floor":7,"key":"Boot"},{"floor":9,"key":"Whetstone"}],"event_choices":[{"cards_removed":["Defend_R"],"damage_healed":0,"gold_gain":0,"player_choice":"Card Removal","damage_taken":0,"max_hp_gain":0,"max_hp_loss":0,"event_name":"The Cleric","floor":2,"gold_loss":50},{"damage_healed":0,"gold_gain":175,"player_choice":"AGREE","damage_taken":0,"max_hp_gain":0,"max_hp_loss":0,"event_name":"Liars Game","floor":3,"gold_loss":0,"cards_obtained":["Doubt"]},{"damage_healed":0,"gold_gain":0,"player_choice":"Take Damage","damage_taken":20,"relics_obtained":["Golden Idol"],"max_hp_gain":0,"max_hp_loss":0,"event_name":"Golden Idol","floor":14,"gold_loss":0}],"is_beta":false,"boss_relics":[],"items_purged_floors":[4,8],"is_endless":false,"potions_floor_spawned":[10,12],"killed_by":"Hexaghost","ascension_level":0}