{"gold_per_floor":[113,133,151,127,138,138,152,152,152,9,9,29,49,68,68,165,165,183,183,196,196,216,216,236,250,250,250,56,73,73],"floor_reached":30,"playtime":1286,"items_purged":["Strike_G","Flechettes"],"score":228,"play_id":"956aca4a-a467-4903-8bd3-1ad2591c0791","local_time":"20181214021708","is_ascension_mode":false,"campfire_choices":[{"data":"Neutralize","floor":6,"key":"SMITH"},{"data":"Bouncing Flask","floor":8,"key":"SMITH"},{"data":"Deadly Poison","floor":15,"key":"SMITH"},{"data":"Catalyst","floor":23,"key":"SMITH"},{"floor":27,"key":"REST"}],"neow_cost":"NONE","seed_source_timestamp":527216472049086,"circlet_count":0,"master_deck":["Defend_G","Defend_G","Defend_G","Defend_G","Defend_G","Strike_G","Strike_G","Strike_G","Strike_G","Survivor","Neutralize+1","Acrobatics","Dagger Spray","Bouncing Flask+1","Bane","Deadly Poison+1","Deadly Poison","Bane","Envenom","Catalyst+1","Prepared+1","Dodge and Roll","Bandage Up","Catalyst+1"],"relics":["Sozu"],"potions_floor_usage":[],"damage_taken":[{"damage":0,"enemies":"Cultist","floor":1,"turns":4},{"damage":0,"enemies":"Jaw Worm","floor":2,"turns":4},{"damage":5,"enemies":"Small Slimes","floor":3,"turns":3},{"damage":0,"enemies":"Looter","floor":5,"turns":3},{"damage":10,"enemies":"Gremlin Gang","floor":7,"turns":4},{"damage":6,"enemies":"Exordium Thugs","floor":12,"turns":3},{"damage":7,"enemies":"2 Fungi Beasts","floor":13,"turns":2},{"damage":0,"enemies":"3 Louse","floor":14,"turns":2},{"damage":19,"enemies":"Hexaghost","floor":16,"turns":7},{"damage":5,"enemies":"3 Byrds","floor":18,"turns":4},{"damage":12,"enemies":"Shell Parasite","floor":20,"turns":2},{"damage":11,"enemies":"Chosen and Byrds","floor":22,"turns":6},{"damage":15,"enemies":"Snake Plant","floor":24,"turns":4},{"damage":18,"enemies":"Centurion and Healer","floor":25,"turns":8},{"damage":29,"enemies":"Cultist and Chosen","floor":29,"turns":7},{"damage":16,"enemies":"3 Cultists","floor":30,"turns":3}],"seed_played":"-6405935246795808907","potions_obtained":[],"is_trial":false,"path_per_floor":["M","M","M","?","M","R","M","R","T","$","?","M","M","M","R","B",null,"M","?","M","?","M","R","M","M","T","R","$","M","M"],"character_chosen":"THE_SILENT","items_purchased":["Flechettes","Bandage Up"],"campfire_rested":1,"item_purchase_floors":[10,28],"current_hp_per_floor":[70,70,65,65,65,65,55,55,55,55,60,54,47,47,47,28,75,70,70,58,58,47,47,32,14,14,36,36,11,0],"gold":73,"neow_bonus":"BOSS_RELIC","is_prod":false,"is_daily":false,"chose_seed":false,"campfire_upgraded":4,"win_rate":0,"timestamp":1544750228,"path_taken":["M","?","M","?","M","R","M","R","T","?","?","M","M","M","R","BOSS","M","?","M","?","M","R","M","M","T","R","$","M","M"],"build_version":"2018-12-06","purchased_purges":2,"victory":false,"max_hp_per_floor":[70,70,70,70,70,70,70,70,70,70,75,75,75,75,75,75,75,75,75,75,75,75,75,75,75,75,75,75,75,75],"card_choices":[{"not_picked":["Eviscerate","Dagger Spray"],"picked":"Acrobatics","floor":1},{"not_picked":["Dodge and Roll","Acrobatics"],"picked":"Dagger Spray","floor":2},{"not_picked":["Deadly Poison","Terror"],"picked":"Bouncing Flask","floor":3},{"not_picked":["Bouncing Flask","Setup"],"picked":"Bane","floor":5},{"not_picked":["Sucker Punch","Endless Agony"],"picked":"Deadly Poison","floor":7},{"not_picked":["Flying Knee","Masterful Stab"],"picked":"Deadly Poison","floor":12},{"not_picked":["Heel Hook","Dagger Spray"],"picked":"Bane","floor":13},{"not_picked":["Infinite Blades","Flying Knee","Dodge and Roll"],"picked":"SKIP","floor":14},{"not_picked":["Night Terror","Malaise"],"picked":"Envenom","floor":16},{"not_picked":["Blade Dance","Slice+1"],"picked":"Catalyst","floor":18},{"not_picked":["Outmaneuver","Terror","Flying Knee"],"picked":"SKIP","floor":20},{"not_picked":["Predator","Dagger Throw+1","Heel Hook"],"picked":"SKIP","floor":22},{"not_picked":["Underhanded Strike+1","Distraction"],"picked":"Prepared+1","floor":24},{"not_picked":["Sucker Punch+1","Quick Slash+1"],"picked":"Dodge and Roll","floor":25},{"not_picked":["PiercingWail","Choke+1"],"picked":"Catalyst+1","floor":29}],"player_experience":611538,"relics_obtained":[],"event_choices":[{"damage_healed":0,"gold_gain":0,"player_choice":"Left Gold","damage_taken":0,"max_hp_gain":0,"max_hp_loss":0,"event_name":"World of Goop","floor":4,"gold_loss":24},{"damage_healed":0,"gold_gain":0,"player_choice":"Donut","damage_taken":0,"max_hp_gain":5,"max_hp_loss":0,"event_name":"Big Fish","floor":11,"gold_loss":0},{"damage_healed":0,"gold_gain":0,"player_choice":"Ignored","damage_taken":0,"max_hp_gain":0,"max_hp_loss":0,"event_name":"Vampires","floor":19,"gold_loss":0},{"damage_healed":0,"gold_gain":0,"player_choice":"Ignored","damage_taken":0,"max_hp_gain":0,"max_hp_loss":0,"event_name":"NoteForYourself","floor":21,"gold_loss":0}],"is_beta":false,"boss_relics":[{"not_picked":["Pandora\u0027s Box","Cursed Key","HoveringKite"]}],"items_purged_floors":[10,28],"is_endless":false,"potions_floor_spawned":[1,3,13,14,24,25,29],"killed_by":"3 Cultists","ascension_level":0}