{"gold_per_floor":[110,10,10,21,40,40,51,51,51,76,76,6,6,26,26,131,131,141,64,78,92,105,105,105],"floor_reached":24,"playtime":1019,"items_purged":["Strike_G"],"score":228,"play_id":"1f619ca5-6a05-4ff1-ac21-e1ec6d8a60a0","local_time":"20180826225818","is_ascension_mode":true,"campfire_choices":[{"data":"Backflip","floor":6,"key":"SMITH"},{"data":"Sucker Punch","floor":8,"key":"SMITH"},{"floor":11,"key":"REST"},{"floor":13,"key":"REST"},{"data":"Noxious Fumes","floor":15,"key":"SMITH"},{"floor":23,"key":"REST"}],"neow_cost":"NONE","seed_source_timestamp":915311266069815,"circlet_count":0,"master_deck":["Defend_G","Defend_G","Defend_G","Defend_G","Defend_G","Strike_G","Survivor","Neutralize+1","Backstab","Backflip+1","Sucker Punch+1","Dodge and Roll","Noxious Fumes+1","Bane+1","Grand Finale+1","Prepared","Footwork","Burst","Backflip+1","Dagger Spray+1"],"relics":["Ring of the Snake","Snake Skull","Molten Egg 2","Empty Cage"],"potions_floor_usage":[10,16,22],"damage_taken":[{"damage":1,"enemies":"2 Louse","floor":1,"turns":3},{"damage":0,"enemies":"Small Slimes","floor":4,"turns":3},{"damage":0,"enemies":"Cultist","floor":5,"turns":4},{"damage":0,"enemies":"Looter","floor":7,"turns":4},{"damage":31,"enemies":"Lagavulin","floor":10,"turns":7},{"damage":4,"enemies":"Lots of Slimes","floor":14,"turns":3},{"damage":15,"enemies":"Hexaghost","floor":16,"turns":9},{"damage":10,"enemies":"Chosen","floor":18,"turns":6},{"damage":10,"enemies":"3 Byrds","floor":20,"turns":6},{"damage":11,"enemies":"Snake Plant","floor":21,"turns":6},{"damage":3,"enemies":"3 Cultists","floor":22,"turns":5},{"damage":64,"enemies":"Slavers","floor":24,"turns":7}],"seed_played":"-9148381722327345355","potions_obtained":[{"floor":1,"key":"EssenceOfSteel"},{"floor":7,"key":"Fire Potion"},{"floor":10,"key":"Fire Potion"},{"floor":22,"key":"FearPotion"}],"is_trial":false,"path_per_floor":["M","$","?","M","M","R","M","R","T","E","R","$","R","M","R","B",null,"M","$","M","M","M","R"],"character_chosen":"THE_SILENT","items_purchased":["Backflip","Noxious Fumes","Footwork"],"campfire_rested":3,"item_purchase_floors":[2,12,19],"current_hp_per_floor":[69,69,62,62,62,62,62,62,62,31,52,52,70,66,66,51,70,60,60,50,39,36,57,0],"gold":105,"neow_bonus":"UPGRADE_CARD","is_prod":false,"is_daily":false,"chose_seed":false,"campfire_upgraded":3,"win_rate":0,"timestamp":1535295498,"path_taken":["M","$","?","M","?","R","M","R","T","E","R","?","R","M","R","BOSS","M","$","M","M","?","R","E"],"build_version":"2018-08-23v2","purchased_purges":1,"victory":false,"max_hp_per_floor":[70,70,70,70,70,70,70,70,70,70,70,70,70,70,70,70,70,70,70,70,70,70,70,70],"card_choices":[{"not_picked":["Underhanded Strike","Endless Agony"],"picked":"Backstab","floor":1},{"not_picked":["Bane","Bouncing Flask"],"picked":"Sucker Punch","floor":4},{"not_picked":["Deflect","Flechettes","Bouncing Flask"],"picked":"SKIP","floor":5},{"not_picked":["Accuracy","Acrobatics","Outmaneuver"],"picked":"SKIP","floor":7},{"not_picked":["Quick Slash","Distraction"],"picked":"Dodge and Roll","floor":10},{"not_picked":["Deflect","Backflip"],"picked":"Bane+1","floor":14},{"not_picked":["A Thousand Cuts","Burst"],"picked":"Grand Finale+1","floor":16},{"not_picked":["Expertise","Backflip"],"picked":"Prepared","floor":18},{"not_picked":["Quick Slash+1","Backstab+1"],"picked":"Burst","floor":20},{"not_picked":["Outmaneuver+1","Quick Slash+1"],"picked":"Backflip+1","floor":21},{"not_picked":["Blade Dance","Poisoned Stab+1"],"picked":"Dagger Spray+1","floor":22}],"player_experience":287936,"relics_obtained":[{"floor":9,"key":"Snake Skull"},{"floor":10,"key":"Molten Egg 2"}],"event_choices":[{"event_name":"Golden Wing","player_choice":"Card Removal","floor":3,"damage_taken":0}],"is_beta":false,"boss_relics":[{"not_picked":["Busted Crown","Velvet Choker"],"picked":"Empty Cage"}],"items_purged_floors":[2],"is_endless":false,"potions_floor_spawned":[1,7,10,22],"killed_by":"Slavers","ascension_level":3}