{"gold_per_floor":[409,186,206,281,294,294,328,344,344,356,531,531,542,562,562,666,666,676,695,715,727,272,272,282,282,282,282,302,29,49,67,67,172,172,189,64,64,81,34,34,48,62,62,62,91,46,46,56,56,56],"floor_reached":51,"playtime":5139,"items_purged":["Strike_R","Doubt","Strike_R"],"score":717,"play_id":"eed7a79c-1f72-4413-b459-78d3e96ba981","local_time":"20190128000220","is_ascension_mode":true,"campfire_choices":[{"data":"Corruption","floor":6,"key":"SMITH"},{"floor":12,"key":"REST"},{"floor":15,"key":"REST"},{"floor":23,"key":"REST"},{"floor":25,"key":"REST"},{"floor":32,"key":"REST"},{"floor":40,"key":"REST"},{"floor":47,"key":"REST"},{"floor":49,"key":"REST"}],"neow_cost":"TEN_PERCENT_HP_LOSS","seed_source_timestamp":57758434913832,"circlet_count":0,"master_deck":["Strike_R","Strike_R","Strike_R","Defend_R","Defend_R","Defend_R","Defend_R","Bash","Corruption+1","Clash","Seeing Red","Flex","Cleave","Sentinel","Rage","Inflame","Headbutt","Heavy Blade+1","Impervious+1","Sentinel+1","Clothesline","Warcry+1","Clash","Secret Technique","Dramatic Entrance","Immolate","Pommel Strike+1","Clothesline","Whirlwind","Feel No Pain","Exhume","Clash","Reaper+1","Flame Barrier","Pommel Strike","Armaments+1","Pummel+1","Spot Weakness+1","Heavy Blade","Warcry+1"],"relics":["Burning Blood","Old Coin","Sundial","Calipers","Fusion Hammer","Champion Belt","Snecko Eye","Whetstone","Torii"],"potions_floor_usage":[10,16,20,33,33,33,45],"damage_taken":[{"damage":0,"enemies":"Small Slimes","floor":1,"turns":4},{"damage":4,"enemies":"Cultist","floor":3,"turns":4},{"damage":14,"enemies":"Jaw Worm","floor":5,"turns":5},{"damage":32,"enemies":"Gremlin Nob","floor":7,"turns":4},{"damage":3,"enemies":"2 Fungi Beasts","floor":8,"turns":4},{"damage":21,"enemies":"Exordium Thugs","floor":10,"turns":4},{"damage":0,"enemies":"Exordium Wildlife","floor":13,"turns":4},{"damage":19,"enemies":"Gremlin Gang","floor":14,"turns":5},{"damage":25,"enemies":"Slime Boss","floor":16,"turns":9},{"damage":15,"enemies":"2 Thieves","floor":18,"turns":3},{"damage":4,"enemies":"Chosen","floor":19,"turns":5},{"damage":14,"enemies":"Shelled Parasite and Fungi","floor":20,"turns":6},{"damage":38,"enemies":"Centurion and Healer","floor":21,"turns":8},{"damage":9,"enemies":"Snake Plant","floor":24,"turns":4},{"damage":1,"enemies":"Cultist and Chosen","floor":28,"turns":5},{"damage":17,"enemies":"Centurion and Healer","floor":30,"turns":6},{"damage":7,"enemies":"Chosen and Byrds","floor":31,"turns":6},{"damage":62,"enemies":"Collector","floor":33,"turns":11},{"damage":18,"enemies":"3 Shapes","floor":35,"turns":2},{"damage":22,"enemies":"Orb Walker","floor":38,"turns":4},{"damage":20,"enemies":"Jaw Worm Horde","floor":41,"turns":4},{"damage":0,"enemies":"Spire Growth","floor":42,"turns":5},{"damage":62,"enemies":"Nemesis","floor":45,"turns":11},{"damage":0,"enemies":"Sphere and 2 Shapes","floor":48,"turns":4},{"damage":82,"enemies":"Time Eater","floor":50,"turns":11}],"seed_played":"-1103456701202668311","potions_obtained":[{"floor":3,"key":"Weak Potion"},{"floor":7,"key":"Explosive Potion"},{"floor":8,"key":"Dexterity Potion"},{"floor":10,"key":"Dexterity Potion"},{"floor":18,"key":"Block Potion"},{"floor":30,"key":"Ancient Potion"},{"floor":31,"key":"LiquidBronze"},{"floor":41,"key":"AttackPotion"}],"is_trial":false,"path_per_floor":["M","$","M","?","M","R","E","M","T","M","?","R","M","M","R","B",null,"M","M","M","M","$","R","M","R","T","?","M","$","M","M","R","B",null,"M","$","?","M","$","R","M","M","T","$","E","$","R","M","R","B",null],"character_chosen":"IRONCLAD","items_purchased":["Clash","Seeing Red","Flex","Secret Technique","Dramatic Entrance","Immolate","Whirlwind","Feel No Pain","Exhume","Pommel Strike","Heavy Blade"],"campfire_rested":8,"item_purchase_floors":[2,2,2,22,22,22,29,29,29,39,46],"current_hp_per_floor":[72,72,72,65,57,57,31,34,34,19,19,40,46,33,54,35,72,63,65,57,25,25,46,43,64,64,64,69,69,58,57,72,16,72,60,60,60,51,51,72,72,72,72,72,17,17,38,54,72,14],"gold":56,"neow_bonus":"ONE_RARE_RELIC","is_prod":false,"is_daily":false,"chose_seed":false,"campfire_upgraded":1,"win_rate":0,"timestamp":1548601340,"path_taken":["M","$","M","?","M","R","E","M","T","?","?","R","M","M","R","BOSS","M","M","M","M","$","R","M","R","T","?","M","?","M","M","R","BOSS","M","$","?","?","$","R","M","?","T","$","E","?","R","M","R","BOSS"],"build_version":"2019-01-23","purchased_purges":3,"victory":true,"max_hp_per_floor":[72,72,72,72,72,72,72,72,72,72,72,72,72,72,72,72,72,72,72,72,72,72,72,72,72,72,72,72,72,72,72,72,72,72,72,72,72,72,72,72,72,72,72,72,72,72,72,72,72,72],"card_choices":[{"not_picked":["Shrug It Off","Battle Trance"],"picked":"Corruption","floor":1},{"not_picked":["Second Wind","Pommel Strike"],"picked":"Cleave","floor":3},{"not_picked":["Seeing Red","Flex"],"picked":"Sentinel","floor":5},{"not_picked":["Corruption","Sword Boomerang"],"picked":"Rage","floor":7},{"not_picked":["Seeing Red","Perfected Strike"],"picked":"Inflame","floor":8},{"not_picked":["Berserk","Seeing Red"],"picked":"Headbutt","floor":10},{"not_picked":["Intimidate","Rupture","Thunderclap"],"picked":"SKIP","floor":13},{"not_picked":["Blood for Blood","Sever Soul"],"picked":"Heavy Blade","floor":14},{"not_picked":["Fiend Fire","Juggernaut"],"picked":"Impervious","floor":16},{"not_picked":["Armaments","Iron Wave"],"picked":"Sentinel+1","floor":18},{"not_picked":["Twin Strike","Second Wind+1"],"picked":"Clothesline","floor":19},{"not_picked":["Dual Wield","Cleave"],"picked":"Warcry+1","floor":20},{"not_picked":["Immolate","Twin Strike"],"picked":"Clash","floor":21},{"not_picked":["Hemokinesis","Intimidate+1"],"picked":"Pommel Strike","floor":24},{"not_picked":["Sever Soul","Havoc"],"picked":"Clothesline","floor":28},{"not_picked":["Evolve","Warcry"],"picked":"Clash","floor":30},{"not_picked":["Wild Strike","Hemokinesis","Fire Breathing"],"picked":"SKIP","floor":31},{"not_picked":["Double Tap","Offering"],"picked":"Reaper","floor":33},{"not_picked":["Wild Strike+1","Havoc","Twin Strike"],"picked":"SKIP","floor":35},{"not_picked":["Rupture+1","Headbutt+1"],"picked":"Flame Barrier","floor":38},{"not_picked":["Wild Strike","Blood for Blood+1"],"picked":"Armaments+1","floor":41},{"not_picked":["Hemokinesis","Second Wind"],"picked":"Pummel+1","floor":42},{"not_picked":["Sword Boomerang+1","Warcry+1"],"picked":"Spot Weakness+1","floor":45},{"not_picked":["Metallicize+1","Cleave"],"picked":"Warcry+1","floor":48}],"player_experience":80074,"relics_obtained":[{"floor":7,"key":"Sundial"},{"floor":9,"key":"Calipers"},{"floor":26,"key":"Champion Belt"},{"floor":43,"key":"Whetstone"},{"floor":45,"key":"Torii"}],"event_choices":[{"damage_healed":0,"gold_gain":75,"player_choice":"Touch","damage_taken":7,"max_hp_gain":0,"max_hp_loss":0,"event_name":"FaceTrader","floor":4,"gold_loss":0},{"damage_healed":0,"gold_gain":175,"player_choice":"AGREE","damage_taken":0,"max_hp_gain":0,"max_hp_loss":0,"event_name":"Liars Game","floor":11,"gold_loss":0,"cards_obtained":["Doubt"]},{"damage_healed":0,"gold_gain":0,"player_choice":"Upgraded","damage_taken":0,"max_hp_gain":0,"max_hp_loss":0,"event_name":"Upgrade Shrine","floor":27,"gold_loss":0,"cards_upgraded":["Impervious"]},{"damage_healed":0,"gold_gain":0,"player_choice":"Upgraded","damage_taken":0,"max_hp_gain":0,"max_hp_loss":0,"event_name":"Upgrade Shrine","floor":37,"gold_loss":0,"cards_upgraded":["Reaper"]}],"is_beta":false,"boss_relics":[{"not_picked":["Coffee Dripper","Tiny House"],"picked":"Fusion Hammer"},{"not_picked":["Runic Pyramid","Black Star"],"picked":"Snecko Eye"}],"items_purged_floors":[2,22,36],"is_endless":false,"potions_floor_spawned":[3,7,8,10,14,18,19,30,31,41],"ascension_level":1}