{"gold_per_floor":[113,130,148,223,173,173,188,65,65,65,65,86,111,111,111,242,242,263,282,300,200,200,200,223,223,275,319,339,339,364,364,364,488,488,509,509,522,542,417,417,436,436,511,511,511,511,532,68,68,68],"floor_reached":51,"playtime":2599,"items_purged":["Strike_B","Strike_B","Strike_B","Dualcast"],"score":684,"play_id":"200237e1-586d-4e82-8609-b4ebe420392c","local_time":"20180729224811","is_ascension_mode":false,"campfire_choices":[{"data":"Zap","floor":6,"key":"SMITH"},{"data":"Leap","floor":10,"key":"SMITH"},{"floor":15,"key":"REST"},{"data":"Genetic Algorithm","floor":23,"key":"SMITH"},{"data":"Buffer","floor":25,"key":"SMITH"},{"floor":29,"key":"REST"},{"floor":32,"key":"REST"},{"data":"Leap","floor":40,"key":"SMITH"},{"floor":42,"key":"REST"},{"data":"Coolheaded","floor":44,"key":"SMITH"},{"data":"BootSequence","floor":46,"key":"SMITH"},{"data":"Conserve Battery","floor":49,"key":"SMITH"}],"neow_cost":"NONE","seed_source_timestamp":129960567044296,"circlet_count":0,"master_deck":["Defend_B","Defend_B","Defend_B","Zap+1","Core Surge","Leap+1","Conserve Battery+1","Gash","Gash","Gash","Gash","Buffer+1","BootSequence+1","Coolheaded+1","Genetic Algorithm+1","Leap+1","Coolheaded+1","Seek+1","Gash"],"relics":["Cracked Core","Mercury Hourglass","Golden Idol","Bottled Flame","Eternal Feather","Oddly Smooth Stone","Shuriken","Nuclear Battery","Frozen Egg 2","Ornamental Fan"],"potions_floor_usage":[20,50,50,50],"damage_taken":[{"damage":11,"enemies":"Jaw Worm","floor":1,"turns":3},{"damage":2,"enemies":"Small Slimes","floor":2,"turns":3},{"damage":0,"enemies":"Cultist","floor":3,"turns":3},{"damage":2,"enemies":"Blue Slaver","floor":7,"turns":3},{"damage":2,"enemies":"2 Fungi Beasts","floor":12,"turns":3},{"damage":5,"enemies":"Lots of Slimes","floor":13,"turns":2},{"damage":26,"enemies":"Hexaghost","floor":16,"turns":9},{"damage":10,"enemies":"Chosen","floor":18,"turns":4},{"damage":4,"enemies":"3 Byrds","floor":19,"turns":4},{"damage":0,"enemies":"Cultist and Chosen","floor":20,"turns":6},{"damage":0,"enemies":"Snecko","floor":24,"turns":5},{"damage":47,"enemies":"Gremlin Leader","floor":27,"turns":8},{"damage":7,"enemies":"Snake Plant","floor":28,"turns":5},{"damage":8,"enemies":"Centurion and Healer","floor":30,"turns":7},{"damage":19,"enemies":"Collector","floor":33,"turns":10},{"damage":0,"enemies":"3 Shapes","floor":35,"turns":5},{"damage":0,"enemies":"Orb Walker","floor":37,"turns":5},{"damage":6,"enemies":"Transient","floor":38,"turns":5},{"damage":29,"enemies":"Maw","floor":41,"turns":10},{"damage":0,"enemies":"Spire Growth","floor":47,"turns":7},{"damage":44,"enemies":"Time Eater","floor":50,"turns":12}],"seed_played":"4979778475861630183","potions_obtained":[{"floor":7,"key":"FocusPotion"},{"floor":12,"key":"Dexterity Potion"},{"floor":16,"key":"EssenceOfSteel"},{"floor":20,"key":"Strength Potion"}],"is_trial":false,"path_per_floor":["M","M","M","?","?","R","M","$","T","R","?","M","M","T","R","B",null,"M","M","M","$","?","R","M","R","T","E","M","R","M","?","R","B",null,"M","?","M","M","$","R","M","R","T","R","?","R","M","$","R","B"],"character_chosen":"DEFECT","items_purchased":["Gash","Gash","Ornamental Fan"],"campfire_rested":4,"item_purchase_floors":[8,48,48],"current_hp_per_floor":[64,62,62,51,51,51,49,49,49,49,49,47,42,42,62,36,69,59,55,55,55,55,64,64,69,69,22,15,44,36,36,68,49,69,69,69,69,63,63,69,40,69,69,69,69,69,69,69,69,25],"gold":68,"neow_bonus":"ONE_RANDOM_RARE_CARD","is_prod":false,"is_daily":false,"chose_seed":false,"campfire_upgraded":8,"win_rate":0,"timestamp":1532875691,"path_taken":["M","M","M","?","?","R","M","$","T","R","?","?","M","?","R","BOSS","M","M","M","$","?","R","M","R","T","E","M","R","?","?","R","BOSS","M","?","M","M","$","R","M","R","T","R","?","R","M","$","R","BOSS"],"build_version":"2018-07-26","purchased_purges":4,"victory":true,"max_hp_per_floor":[75,75,75,75,75,75,75,75,75,75,69,69,69,69,69,69,69,69,69,69,69,69,69,69,69,69,69,69,69,69,69,69,69,69,69,69,69,69,69,69,69,69,69,69,69,69,69,69,69,69],"card_choices":[{"not_picked":["Barrage","Beam Cell"],"picked":"Leap","floor":1},{"not_picked":["Beam Cell","Steam"],"picked":"Conserve Battery","floor":2},{"not_picked":["Compile Driver","Recycle"],"picked":"Gash","floor":3},{"not_picked":["Loop","Darkness"],"picked":"Gash","floor":7},{"not_picked":["Sweeping Beam","Amplify","Capacitor"],"picked":"SKIP","floor":12},{"not_picked":["Blizzard","Rebound"],"picked":"Gash","floor":13},{"not_picked":["Amplify","Creative AI"],"picked":"Buffer","floor":16},{"not_picked":["Skim","Turbo"],"picked":"BootSequence","floor":18},{"not_picked":["Compile Driver","Capacitor"],"picked":"Coolheaded","floor":19},{"not_picked":["Melter","Gash"],"picked":"Genetic Algorithm","floor":20},{"not_picked":["Barrage","Rebound+1"],"picked":"Leap","floor":24},{"not_picked":["Steam Power","Leap","Hologram"],"picked":"SKIP","floor":27},{"not_picked":["Sunder","Beam Cell","Sweeping Beam"],"picked":"SKIP","floor":28},{"not_picked":["Steam","Ball Lightning"],"picked":"Coolheaded+1","floor":30},{"not_picked":["Amplify","Rainbow"],"picked":"Seek","floor":33},{"not_picked":["Hologram","Force Field","Sunder"],"picked":"SKIP","floor":35},{"not_picked":["Streamline+1","Compile Driver","Ball Lightning"],"picked":"SKIP","floor":37},{"not_picked":["Lockon","Ball Lightning+1","Skim"],"picked":"SKIP","floor":38},{"not_picked":["Streamline","Hello World","Darkness"],"picked":"SKIP","floor":41},{"not_picked":["Steam","Undo","Beam Cell"],"picked":"SKIP","floor":47}],"player_experience":128604,"relics_obtained":[{"floor":9,"key":"Mercury Hourglass"},{"floor":14,"key":"Bottled Flame"},{"floor":26,"key":"Oddly Smooth Stone"},{"floor":27,"key":"Shuriken"},{"floor":43,"key":"Frozen Egg 2"}],"event_choices":[{"event_name":"World of Goop","player_choice":"Gather Gold","floor":4,"damage_taken":0},{"event_name":"The Cleric","player_choice":"Card Removal","floor":5,"damage_taken":0},{"event_name":"Golden Idol","player_choice":"Lose Max HP","floor":11,"damage_taken":0},{"event_name":"The Mausoleum","player_choice":"No","floor":22,"damage_taken":0},{"event_name":"Vampires","player_choice":"Ignored","floor":31,"damage_taken":0},{"event_name":"Upgrade Shrine","player_choice":"Upgraded","floor":36,"damage_taken":0},{"event_name":"Bonfire Elementals","player_choice":"BASIC","floor":45,"damage_taken":0}],"is_beta":false,"boss_relics":[{"not_picked":["Ectoplasm","Runic Pyramid"],"picked":"Eternal Feather"},{"not_picked":["Astrolabe","Runic Dome"],"picked":"Nuclear Battery"}],"items_purged_floors":[8,21,39,48],"is_endless":false,"potions_floor_spawned":[7,12,16,20,28,30,33,35,47],"ascension_level":0}