{"gold_per_floor":[118,118,134,134,59,59,91,106,106,132,132,132,132,162,162,261,261,272,291,291,116,126,126],"floor_reached":23,"playtime":1419,"items_purged":["Strike_B","Dualcast"],"score":217,"play_id":"7277a59e-8b51-4e85-bab2-0782b97b405b","local_time":"20180816223234","is_ascension_mode":true,"campfire_choices":[{"data":"Zap","floor":6.0,"key":"SMITH"},{"data":"Glacier","floor":11.0,"key":"SMITH"},{"data":"Tempest","floor":13.0,"key":"SMITH"},{"floor":15.0,"key":"REST"}],"neow_cost":"NONE","seed_source_timestamp":0,"circlet_count":0,"master_deck":["Defend_B","Defend_B","Defend_B","Zap+1","Tempest+1","Gash","Coolheaded","Glacier+1","Rebound","Redo","Streamline+1","Self Repair","Leap"],"special_seed":0,"relics":["Cracked Core","Bottled Flame","Juzu Bracelet","Happy Flower","Dream Catcher","Empty Cage"],"potions_floor_usage":[23],"damage_taken":[{"damage":0.0,"enemies":"Small Slimes","floor":1.0,"turns":2.0},{"damage":0.0,"enemies":"2 Louse","floor":3.0,"turns":2.0},{"damage":30.0,"enemies":"Gremlin Nob","floor":7.0,"turns":4.0},{"damage":2.0,"enemies":"Jaw Worm","floor":8.0,"turns":3.0},{"damage":5.0,"enemies":"3 Sentries","floor":14.0,"turns":14.0},{"damage":31.0,"enemies":"Slime Boss","floor":16.0,"turns":18.0},{"damage":0,"enemies":"Spheric Guardian","floor":18,"turns":3},{"damage":5,"enemies":"Chosen","floor":19,"turns":10},{"damage":21,"enemies":"Sentry and Sphere","floor":22,"turns":16},{"damage":80,"enemies":"Book of Stabbing","floor":23,"turns":10}],"seed_played":"-118564865633806934","potions_obtained":[{"floor":1.0,"key":"Regen Potion"},{"floor":7.0,"key":"GamblersBrew"},{"floor":8.0,"key":"Poison Potion"},{"floor":19,"key":"Energy Potion"}],"is_trial":false,"path_per_floor":["M","?","M","?","$","R","E","M","T","T","R","?","R","E","R","B",null,"M","M","?","$","M"],"character_chosen":"DEFECT","items_purchased":["Self Repair"],"campfire_rested":1,"item_purchase_floors":[21],"current_hp_per_floor":[82,75,75,75,75,75,45,43,43,43,43,43,43,38,62,31,82,82,77,77,77,63,0],"gold":126,"neow_bonus":"TEN_PERCENT_HP_BONUS","is_prod":false,"is_daily":false,"chose_seed":false,"campfire_upgraded":3,"win_rate":0,"timestamp":1534429954,"path_taken":["M","?","M","?","$","R","E","M","T","?","R","?","R","E","R","BOSS","M","M","?","$","M","E"],"build_version":"2018-08-09","purchased_purges":2,"victory":false,"max_hp_per_floor":[82,82,82,82,82,82,82,82,82,82,82,82,82,82,82,82,82,82,82,82,82,82,82],"card_choices":[{"not_picked":["Rip and Tear","Skim"],"picked":"Tempest","floor":1.0},{"not_picked":["Darkness","Melter"],"picked":"Gash","floor":3.0},{"not_picked":["Reprogram","Steam"],"picked":"Coolheaded","floor":7.0},{"not_picked":["Go for the Eyes","Double Energy"],"picked":"Glacier","floor":8.0},{"not_picked":["Turbo","Skim","Heatsinks"],"picked":"SKIP","floor":14.0},{"not_picked":["Darkness","Beam Cell"],"picked":"Rebound","floor":15.0},{"not_picked":["Sweeping Beam+1","Compile Driver"],"picked":"Redo","floor":18},{"not_picked":["Ball Lightning+1","Reinforced Body"],"picked":"Streamline+1","floor":19},{"not_picked":["Steam","Hologram"],"picked":"Leap","floor":22}],"player_experience":242961,"relics_obtained":[{"floor":7.0,"key":"Bottled Flame"},{"floor":9.0,"key":"Juzu Bracelet"},{"floor":10.0,"key":"Happy Flower"},{"floor":14.0,"key":"Dream Catcher"}],"event_choices":[{"event_name":"Golden Wing","player_choice":"Card Removal","floor":2.0,"damage_taken":0.0},{"event_name":"Living Wall","player_choice":"Forget","floor":4.0,"damage_taken":0.0},{"event_name":"Liars Game","player_choice":"disagreed","floor":12.0,"damage_taken":0.0},{"event_name":"Vampires","player_choice":"Ignored","floor":20,"damage_taken":0}],"is_beta":false,"boss_relics":[{"not_picked":["Ectoplasm","Runic Pyramid"],"picked":"Empty Cage"}],"items_purged_floors":[5,21],"is_endless":false,"potions_floor_spawned":[1,7,8,19,22],"killed_by":"Book of Stabbing","ascension_level":2}