{"gold_per_floor":[115,125,125,139,139,139,196,196,220,254,4,4,15,27,27,126,126,136,51,51,62,31,66,66,66,89,89,121,132,148,162,162,263,263,275,275,285,298,315,315,329,329,329,405,417,282,302,314,314,314,314],"floor_reached":51,"playtime":3389,"items_purged":["Strike_R","hubris:Disease"],"score":526,"play_id":"ae103e48-a482-408b-8b09-6d9eb4d282cc","local_time":"20190106151542","is_ascension_mode":false,"campfire_choices":[{"data":"Hemogenesis","floor":6,"key":"SMITH"},{"floor":8,"key":"REST"},{"floor":15,"key":"REST"},{"floor":24,"key":"REST"},{"data":"Barricade","floor":32,"key":"SMITH"},{"floor":40,"key":"REST"},{"floor":43,"key":"RECALL"},{"floor":50,"key":"REST"}],"neow_cost":"NONE","seed_source_timestamp":7114598901397,"circlet_count":0,"master_deck":["Strike_R","Strike_R+1","Strike_R","Strike_R","Defend_R","Defend_R","Defend_R","Defend_R","Bash+1","Clothesline","hubris:Gluttony","Hemogenesis+1","Cleave","ReplayTheSpireMod:Strike From Hell","ReplayTheSpireMod:Necrogeddon","True Grit","Ghostly Armor","Barricade+1","Intimidate+1","Inflame","Armaments","Eclipse","Feel No Pain","Rage","Dark Embrace","ReplayTheSpireMod:LeadingStrike","Madness","Madness","Body Slam+1","Uppercut+1","Impervious","Flash of Steel"],"relics":["Burning Blood","NeowsBlessing","Tiny Chest","PreservedInsect","Vajra","Runic Dome","Regal Pillow","ReplayTheSpireMod:CursedCoin","Lantern","ReplayTheSpireMod:Spearhead","FossilizedHelix","Frozen Egg 2"],"potions_floor_usage":[16,33,38,39,45,51,51],"damage_taken":[{"damage":0,"enemies":"Cultist","floor":1,"turns":1},{"damage":0,"enemies":"2 Louse","floor":2,"turns":1},{"damage":0,"enemies":"Small Slimes","floor":4,"turns":1},{"damage":44,"enemies":"Lagavulin","floor":7,"turns":7},{"damage":24,"enemies":"Gremlin Nob","floor":10,"turns":4},{"damage":14,"enemies":"Exordium Thugs","floor":13,"turns":5},{"damage":4,"enemies":"Exordium Wildlife","floor":14,"turns":3},{"damage":39,"enemies":"Slime Boss","floor":16,"turns":11},{"damage":27,"enemies":"3 Byrds","floor":18,"turns":7},{"damage":4,"enemies":"Chosen","floor":21,"turns":4},{"damage":55,"enemies":"Book of Stabbing","floor":23,"turns":7},{"damage":6,"enemies":"Replay:Snechameleon","floor":28,"turns":9},{"damage":13,"enemies":"Snake Plant","floor":29,"turns":4},{"damage":16,"enemies":"Snecko","floor":30,"turns":7},{"damage":22,"enemies":"3 Cultists","floor":31,"turns":6},{"damage":22,"enemies":"Champ","floor":33,"turns":13},{"damage":25,"enemies":"3 Darklings","floor":35,"turns":5},{"damage":23,"enemies":"3 Shapes","floor":37,"turns":7},{"damage":11,"enemies":"Transient","floor":38,"turns":5},{"damage":26,"enemies":"Jaw Worm Horde","floor":39,"turns":6},{"damage":30,"enemies":"3 Darklings","floor":41,"turns":7},{"damage":2,"enemies":"Transient","floor":45,"turns":5},{"damage":37,"enemies":"Spire Growth","floor":47,"turns":6},{"damage":0,"enemies":"Maw","floor":48,"turns":9},{"damage":92,"enemies":"Donu and Deca","floor":51,"turns":7}],"seed_played":"-165119746366049742","potions_obtained":[{"floor":1,"key":"Languid Potion"},{"floor":4,"key":"BloodPotion"},{"floor":13,"key":"PowerPotion"},{"floor":18,"key":"Strength Potion"},{"floor":33,"key":"PowerPotion"},{"floor":39,"key":"Block Potion"},{"floor":41,"key":"Swift Potion"}],"is_trial":false,"path_per_floor":["M","M","?","M","?","R","E","R","T","E","$","$","M","M","R","B",null,"M","?","?","M","$","E","R","?","T","T","E","M","M","M","R","B",null,"M","?","M","M","M","R","M","PTL","R","T","M","$","M","M","?","R","B"],"character_chosen":"IRONCLAD","items_purchased":["ReplayTheSpireMod:Necrogeddon","ReplayTheSpireMod:CursedCoin","Inflame","Flash of Steel","PowerPotion"],"campfire_rested":5,"item_purchase_floors":[11,22,22,46,46],"current_hp_per_floor":[80,80,80,80,64,64,34,58,58,40,40,40,40,50,74,49,80,67,67,52,62,62,13,53,53,53,53,61,62,63,55,55,47,85,66,55,38,41,44,84,61,61,61,61,65,65,42,56,56,85,0],"gold":314,"neow_bonus":"THREE_ENEMY_KILL","is_prod":false,"is_daily":false,"chose_seed":false,"campfire_upgraded":2,"win_rate":0,"timestamp":1546780542,"path_taken":["M","?","?","?","?","R","E","R","T","E","?","$","M","M","R","BOSS","M","?","?","M","?","E","R","?","T","?","E","M","?","M","R","BOSS","M","?","M","M","M","R","M","PTL","R","T","M","$","M","M","?","R","BOSS"],"build_version":"2019-01-03v4","purchased_purges":2,"victory":false,"max_hp_per_floor":[80,80,80,80,80,80,80,80,80,80,80,80,80,80,80,80,80,80,80,85,85,85,85,85,85,85,85,85,85,85,85,85,85,85,85,85,85,85,85,85,85,85,85,85,85,85,85,85,85,85,85],"card_choices":[{"not_picked":["Sword Boomerang","Power Through"],"picked":"Clothesline","floor":1},{"not_picked":["Thunderclap","Reckless Charge","Burning Pact"],"picked":"SKIP","floor":2},{"not_picked":["Massacre","ReplayTheSpireMod:Muscle Training"],"picked":"Cleave","floor":4},{"not_picked":["ReplayTheSpireMod:Muscle Training","Havoc"],"picked":"ReplayTheSpireMod:Strike From Hell","floor":7},{"not_picked":["Pummel","Immolate","Rampage"],"picked":"SKIP","floor":10},{"not_picked":["Blood for Blood","Inflame"],"picked":"True Grit","floor":13},{"not_picked":["Twin Strike","Sword Boomerang"],"picked":"Ghostly Armor","floor":14},{"not_picked":["Double Tap","Exhume"],"picked":"Barricade","floor":16},{"not_picked":["Clash","Wild Strike"],"picked":"Intimidate+1","floor":18},{"not_picked":["Rampage","Clash","Sword Boomerang"],"picked":"SKIP","floor":21},{"not_picked":["Clash","Clothesline"],"picked":"Armaments","floor":23},{"not_picked":["Rage","True Grit+1"],"picked":"Eclipse","floor":28},{"not_picked":["Blood for Blood","Armaments","Wild Strike"],"picked":"SKIP","floor":29},{"not_picked":["Twin Strike","Spot Weakness"],"picked":"Feel No Pain","floor":30},{"not_picked":["Warcry+1","Ghostly Armor"],"picked":"Rage","floor":31},{"not_picked":["Eclipse","Demonic Infusion"],"picked":"Dark Embrace","floor":33},{"not_picked":["Havoc","Rupture"],"picked":"ReplayTheSpireMod:LeadingStrike","floor":35},{"not_picked":["Thunderclap+1","Twin Strike+1","Perfected Strike"],"picked":"SKIP","floor":37},{"not_picked":["Spot Weakness+1","hubris:SharpeningStone","Perfected Strike"],"picked":"SKIP","floor":38},{"not_picked":["Infernal Blade+1","Iron Wave+1"],"picked":"Body Slam+1","floor":39},{"not_picked":["Clothesline","Anger+1"],"picked":"Uppercut+1","floor":41},{"not_picked":["Uppercut","ReplayTheSpireMod:Strike From Hell"],"picked":"Impervious","floor":45},{"not_picked":["Evolve+1","Anger+1","Shrug It Off+1"],"picked":"SKIP","floor":47},{"not_picked":["ReplayTheSpireMod:Limb From Limb+1","Twin Strike","ReplayTheSpireMod:Muscle Training+1"],"picked":"SKIP","floor":48}],"player_experience":151152,"relics_obtained":[{"floor":7,"key":"Tiny Chest"},{"floor":9,"key":"PreservedInsect"},{"floor":10,"key":"Vajra"},{"floor":23,"key":"Lantern"},{"floor":27,"key":"ReplayTheSpireMod:Spearhead"},{"floor":28,"key":"FossilizedHelix"},{"floor":44,"key":"Frozen Egg 2"}],"event_choices":[{"damage_healed":0,"gold_gain":0,"player_choice":"2 cards matched","damage_taken":0,"max_hp_gain":0,"max_hp_loss":0,"event_name":"Match and Keep!","floor":3,"gold_loss":0,"cards_obtained":["hubris:Gluttony","Hemogenesis"]},{"damage_healed":0,"gold_gain":0,"player_choice":"2 cards matched","damage_taken":0,"max_hp_gain":0,"max_hp_loss":0,"event_name":"Match and Keep!","floor":3,"gold_loss":0,"cards_obtained":["hubris:Gluttony","Hemogenesis"]},{"damage_healed":0,"gold_gain":0,"player_choice":"Entered Light","damage_taken":16,"max_hp_gain":0,"max_hp_loss":0,"event_name":"Shining Light","floor":5,"gold_loss":0,"cards_upgraded":["Strike_R","Bash"]},{"damage_healed":0,"gold_gain":0,"player_choice":"Obtained Relic","damage_taken":0,"relics_obtained":["Regal Pillow"],"max_hp_gain":0,"max_hp_loss":0,"event_name":"Addict","floor":19,"gold_loss":85},{"damage_healed":0,"gold_gain":0,"player_choice":"Shed Blood","damage_taken":20,"max_hp_gain":5,"max_hp_loss":0,"event_name":"Forgotten Altar","floor":20,"gold_loss":0},{"damage_healed":0,"gold_gain":0,"player_choice":"Ignored","damage_taken":0,"max_hp_gain":0,"max_hp_loss":0,"event_name":"Beggar","floor":25,"gold_loss":0},{"damage_healed":0,"gold_gain":0,"player_choice":"Embrace Madness","damage_taken":11,"max_hp_gain":0,"max_hp_loss":0,"event_name":"Winding Halls","floor":36,"gold_loss":0,"cards_obtained":["Madness","Madness"]},{"damage_healed":0,"gold_gain":0,"player_choice":"Ignored","damage_taken":0,"max_hp_gain":0,"max_hp_loss":0,"event_name":"NoteForYourself","floor":49,"gold_loss":0}],"is_beta":false,"boss_relics":[{"not_picked":["Replay:Drink Me","White Beast Statue"],"picked":"Runic Dome"},{"not_picked":["Kintsugi","Coffee Dripper","hubris:CrackedHourglass"]}],"items_purged_floors":[11,22],"is_endless":false,"potions_floor_spawned":[1,4,13,18,30,33,39,41,47],"killed_by":"Donu and Deca","ascension_level":0}