{"gold_per_floor":[113,128,142,154,154,154,174,193,193,210,54,54,54,40,40,137,137,156,61,74,87,87],"floor_reached":22,"playtime":3137,"items_purged":["Strike_G"],"score":182,"play_id":"e01f5eab-149b-4f08-b38a-75fe4663c76c","local_time":"20190128170123","is_ascension_mode":false,"campfire_choices":[{"data":"Neutralize","floor":6.0,"key":"SMITH"},{"data":"Deflect","floor":13.0,"key":"SMITH"},{"data":"Impatience","floor":15.0,"key":"SMITH"}],"neow_cost":"NONE","seed_source_timestamp":66503650075466,"circlet_count":0,"master_deck":["Defend_G","Defend_G+1","Defend_G+1","Defend_G","Defend_G","Strike_G","Strike_G","Strike_G","Strike_G","Survivor+1","Neutralize+1","Deflect+1","Deflect+1","Impatience+1","A Thousand Cuts","Swift Strike"],"special_seed":0,"relics":["Ring of the Snake","Bag of Preparation","War Paint","Busted Crown"],"potions_floor_usage":[22,22],"damage_taken":[{"damage":0.0,"enemies":"Cultist","floor":1.0,"turns":5.0},{"damage":0.0,"enemies":"2 Louse","floor":2.0,"turns":3.0},{"damage":0.0,"enemies":"Jaw Worm","floor":3.0,"turns":5.0},{"damage":0.0,"enemies":"Looter","floor":4.0,"turns":5.0},{"damage":1.0,"enemies":"Blue Slaver","floor":7.0,"turns":4.0},{"damage":3.0,"enemies":"2 Fungi Beasts","floor":8.0,"turns":4.0},{"damage":6.0,"enemies":"Large Slime","floor":10.0,"turns":8.0},{"damage":0.0,"enemies":"Exordium Thugs","floor":14.0,"turns":5.0},{"damage":25.0,"enemies":"The Guardian","floor":16.0,"turns":25.0},{"damage":38.0,"enemies":"Chosen","floor":18.0,"turns":10.0},{"damage":17.0,"enemies":"3 Byrds","floor":20.0,"turns":6.0},{"damage":14.0,"enemies":"Snake Plant","floor":21.0,"turns":8.0},{"damage":3,"enemies":"Cultist and Chosen","floor":22,"turns":4}],"seed_played":"-329532272203181077","potions_obtained":[{"floor":2.0,"key":"SpeedPotion"},{"floor":7.0,"key":"Weak Potion"},{"floor":14.0,"key":"Block Potion"},{"floor":21.0,"key":"FearPotion"}],"is_trial":false,"path_per_floor":["M","M","M","M","?","R","M","M","T","M","$","?","R","M","R","B",null,"M","$","M","M","M"],"character_chosen":"THE_SILENT","items_purchased":["Impatience","Swift Strike"],"campfire_rested":0,"item_purchase_floors":[11,19],"current_hp_per_floor":[70,70,70,70,56,56,55,52,52,46,46,46,46,46,46,21,70,32,32,15,1,0],"gold":87,"neow_bonus":"RANDOM_COMMON_RELIC","is_prod":false,"is_daily":false,"chose_seed":false,"campfire_upgraded":3,"win_rate":0,"timestamp":1548716483,"path_taken":["M","M","M","?","?","R","M","M","T","M","$","?","R","?","R","BOSS","M","?","?","?","M"],"build_version":"2019-01-23","purchased_purges":1,"victory":false,"max_hp_per_floor":[70,70,70,70,70,70,70,70,70,70,70,70,70,70,70,70,70,70,70,70,70,70],"card_choices":[{"not_picked":["Dagger Throw","Dagger Spray"],"picked":"Deflect","floor":1.0},{"not_picked":["Reflex","Sucker Punch","Terror"],"picked":"SKIP","floor":2.0},{"not_picked":["Dagger Throw","Masterful Stab","Dagger Spray"],"picked":"SKIP","floor":3.0},{"not_picked":["Dash","Backflip","Bane"],"picked":"SKIP","floor":4.0},{"not_picked":["Flying Knee","Crippling Poison","Dagger Spray"],"picked":"SKIP","floor":7.0},{"not_picked":["Poisoned Stab","Caltrops","Dagger Throw"],"picked":"SKIP","floor":8.0},{"not_picked":["Bane","Reflex"],"picked":"Deflect","floor":10.0},{"not_picked":["Flying Knee","Backflip"],"picked":"A Thousand Cuts","floor":14.0},{"not_picked":["Outmaneuver+1"],"picked":"SKIP","floor":18.0},{"not_picked":["Dagger Spray"],"picked":"SKIP","floor":20.0},{"not_picked":["Crippling Poison"],"picked":"SKIP","floor":21.0}],"player_experience":217699,"relics_obtained":[{"floor":9.0,"key":"War Paint"}],"event_choices":[{"damage_healed":0.0,"max_hp_gain":0.0,"max_hp_loss":0.0,"gold_gain":0.0,"event_name":"Shining Light","player_choice":"Entered Light","floor":5.0,"gold_loss":0.0,"damage_taken":14.0,"cards_upgraded":["Defend_G","Defend_G"]},{"damage_healed":0.0,"max_hp_gain":0.0,"max_hp_loss":0.0,"gold_gain":0.0,"event_name":"NoteForYourself","player_choice":"Ignored","floor":12.0,"gold_loss":0.0,"damage_taken":0.0}],"is_beta":false,"boss_relics":[{"not_picked":["Fusion Hammer","Ring of the Serpent"],"picked":"Busted Crown"}],"items_purged_floors":[11],"is_endless":false,"potions_floor_spawned":[2,7,14,16,18,21],"killed_by":"Cultist and Chosen","ascension_level":0}