{"gold_per_floor":[114,114,64,77,77,106,117,133,210,210,111,40,51,51,51,151,151,166,166,178,178],"floor_reached":21,"playtime":1575,"items_purged":["Strike_G"],"score":179,"play_id":"9e1df37c-3cb1-44c6-88fd-664ccb1d0cca","local_time":"20190105171858","is_ascension_mode":false,"campfire_choices":[{"floor":10,"key":"REST"},{"floor":15,"key":"REST"}],"neow_cost":"PERCENT_DAMAGE","seed_source_timestamp":88615887098000,"circlet_count":0,"master_deck":["Defend_G","Defend_G","Defend_G","Survivor","Neutralize","Poisoned Stab","Endless Agony+1","Sucker Punch+1","Burst","Deflect","PiercingWail","Dash","Prepared","Blur","PiercingWail","Doppelganger","Prepared+1","Bane","Burst"],"relics":["Ring of the Snake","Dodecahedron","Tiny Chest","WristBlade"],"potions_floor_usage":[],"damage_taken":[{"damage":0,"enemies":"2 Louse","floor":1,"turns":2},{"damage":0,"enemies":"Small Slimes","floor":4,"turns":3},{"damage":20,"enemies":"Gremlin Nob","floor":6,"turns":5},{"damage":0,"enemies":"Jaw Worm","floor":7,"turns":3},{"damage":6,"enemies":"3 Louse","floor":8,"turns":3},{"damage":0,"enemies":"Looter","floor":13,"turns":3},{"damage":32,"enemies":"The Guardian","floor":16,"turns":21},{"damage":0,"enemies":"Chosen","floor":18,"turns":6},{"damage":4,"enemies":"3 Byrds","floor":20,"turns":7},{"damage":14,"enemies":"Centurion and Healer","floor":21,"turns":6}],"seed_played":"4777692665429224647","potions_obtained":[{"floor":7,"key":"EntropicBrew"},{"floor":8,"key":"Poison Potion"},{"floor":13,"key":"Dexterity Potion"}],"is_trial":false,"path_per_floor":["M","?","?","M","?","E","M","M","T","R","$","$","M","?","R","B",null,"M","?","M","M"],"character_chosen":"THE_SILENT","items_purchased":["Prepared","Blur"],"campfire_rested":2,"item_purchase_floors":[11,12],"current_hp_per_floor":[49,49,49,49,35,15,15,9,9,30,30,30,30,23,44,12,70,70,70,66,52],"gold":178,"neow_bonus":"TRANSFORM_TWO_CARDS","is_prod":false,"is_daily":false,"chose_seed":false,"campfire_upgraded":0,"win_rate":0.0,"timestamp":1546708738,"path_taken":["M","?","?","M","?","E","M","M","T","R","?","$","M","?","R","BOSS","M","?","M","M"],"build_version":"2019-01-03v4","purchased_purges":1,"victory":false,"max_hp_per_floor":[70,70,70,70,70,70,70,70,70,70,70,70,70,70,70,70,70,70,70,70,70],"card_choices":[{"not_picked":["Slice","Dagger Spray"],"picked":"Sucker Punch","floor":1},{"not_picked":["Sucker Punch","Poisoned Stab"],"picked":"Deflect","floor":4},{"not_picked":["Tactician","Dagger Throw"],"picked":"Quick Slash","floor":6},{"not_picked":["Eviscerate","Poisoned Stab"],"picked":"PiercingWail","floor":7},{"not_picked":["Backflip","Deflect"],"picked":"Dash","floor":8},{"not_picked":["PiercingWail","Deflect","Tools of the Trade"],"picked":"SKIP","floor":13},{"not_picked":["Deflect","Tools of the Trade"],"picked":"PiercingWail","floor":13},{"not_picked":["Burst","Malaise"],"picked":"Doppelganger","floor":16},{"not_picked":["Skewer","Sucker Punch"],"picked":"Prepared+1","floor":18},{"not_picked":["Infinite Blades+1","Dash+1","Underhanded Strike"],"picked":"SKIP","floor":20}],"player_experience":50398,"relics_obtained":[{"floor":6,"key":"Dodecahedron"},{"floor":9,"key":"Tiny Chest"}],"event_choices":[{"damage_healed":0,"gold_gain":0,"cards_transformed":["Strike_G"],"player_choice":"Change","damage_taken":0,"max_hp_gain":0,"max_hp_loss":0,"event_name":"Living Wall","floor":2,"gold_loss":0,"cards_obtained":["Burst"]},{"cards_removed":["Strike_G"],"damage_healed":0,"gold_gain":0,"player_choice":"Card Removal","damage_taken":0,"max_hp_gain":0,"max_hp_loss":0,"event_name":"The Cleric","floor":3,"gold_loss":50},{"damage_healed":0,"gold_gain":0,"player_choice":"Entered Light","damage_taken":14,"max_hp_gain":0,"max_hp_loss":0,"event_name":"Shining Light","floor":5,"gold_loss":0,"cards_upgraded":["Endless Agony","Sucker Punch"]},{"cards_removed":["Strike_G"],"damage_healed":0,"gold_gain":0,"player_choice":"Card Removal","damage_taken":7,"max_hp_gain":0,"max_hp_loss":0,"event_name":"Golden Wing","floor":14,"gold_loss":0},{"damage_healed":0,"gold_gain":0,"cards_transformed":["Defend_G","Quick Slash"],"player_choice":"Became Test Subject","damage_taken":0,"max_hp_gain":0,"max_hp_loss":0,"event_name":"Drug Dealer","floor":19,"gold_loss":0,"cards_obtained":["Bane","Burst"]}],"is_beta":false,"boss_relics":[{"not_picked":["Black Star","Ectoplasm"],"picked":"WristBlade"}],"items_purged_floors":[11],"is_endless":false,"potions_floor_spawned":[7,8,13,20],"killed_by":"Centurion and Healer","ascension_level":0}