{"gold_per_floor":[115,39,58,78,78,78,105,26,103,103,136,158,142,223,235,348,360,372],"floor_reached":18,"playtime":742,"items_purged":[],"score":294,"play_id":"992aeff8-b51f-4dec-9cfe-b6e11958788c","local_time":"20190202122348","is_ascension_mode":true,"campfire_choices":[{"data":"Loop","floor":6,"key":"SMITH"},{"data":"Zap","floor":10,"key":"SMITH"},{"data":"Conserve Battery","floor":15,"key":"SMITH"}],"neow_cost":"NONE","seed_source_timestamp":826017199133300,"circlet_count":0,"master_deck":["AscendersBane","Strike_B","Strike_B","Defend_B","Defend_B","Defend_B","Defend_B","Zap+1","Dualcast","Ball Lightning","Sweeping Beam","Sunder+1","Loop+1","Conserve Battery+1","Capacitor","Stack","Consume","Echo Form"],"relics":["Cracked Core","NeowsBlessing","Boot","Pear","MawBank","Toxic Egg 2","Empty Cage"],"potions_floor_usage":[7,7,11],"damage_taken":[{"damage":0,"enemies":"2 Louse","floor":1,"turns":1},{"damage":0,"enemies":"Cultist","floor":3,"turns":1},{"damage":0,"enemies":"Small Slimes","floor":4,"turns":1},{"damage":20,"enemies":"3 Sentries","floor":7,"turns":4},{"damage":16,"enemies":"Gremlin Nob","floor":11,"turns":3},{"damage":10,"enemies":"3 Louse","floor":12,"turns":3},{"damage":25,"enemies":"Slime Boss","floor":16,"turns":8},{"damage":71,"enemies":"3 Byrds","floor":18,"turns":4}],"seed_played":"-4862713780215965317","potions_obtained":[{"floor":1,"key":"FocusPotion"},{"floor":7,"key":"Fruit Juice"}],"is_trial":false,"path_per_floor":["M","$","M","M","?","R","E","$","T","R","E","M","?","T","R","B",null,"M"],"character_chosen":"DEFECT","items_purchased":["AttackPotion","Sweeping Beam","Capacitor"],"campfire_rested":0,"item_purchase_floors":[2,2,8],"current_hp_per_floor":[68,68,68,68,68,68,53,53,63,63,47,37,37,37,37,12,71,0],"gold":372,"neow_bonus":"THREE_ENEMY_KILL","is_prod":false,"is_daily":false,"chose_seed":false,"campfire_upgraded":3,"win_rate":0,"timestamp":1549110228,"path_taken":["M","$","M","M","?","R","E","?","T","R","E","M","?","?","R","BOSS","M"],"build_version":"2019-01-23","purchased_purges":0,"victory":false,"max_hp_per_floor":[75,75,75,75,75,75,80,80,90,90,90,90,90,90,90,90,90,90],"card_choices":[{"not_picked":["Auto Shields","Genetic Algorithm"],"picked":"Ball Lightning","floor":1},{"not_picked":["Rebound","FTL"],"picked":"Sunder","floor":3},{"not_picked":["Rebound","Conserve Battery"],"picked":"Loop","floor":4},{"not_picked":["Fission","Hologram"],"picked":"Conserve Battery","floor":7},{"not_picked":["Machine Learning","Doom and Gloom"],"picked":"Stack","floor":11},{"not_picked":["Gash","Hello World"],"picked":"Consume","floor":12},{"not_picked":["Buffer","Hyperbeam"],"picked":"Echo Form","floor":16}],"player_experience":239381,"relics_obtained":[{"floor":7,"key":"Boot"},{"floor":9,"key":"Pear"},{"floor":11,"key":"MawBank"},{"floor":14,"key":"Toxic Egg 2"}],"event_choices":[{"damage_healed":0,"gold_gain":0,"player_choice":"Forge","damage_taken":0,"max_hp_gain":0,"max_hp_loss":0,"event_name":"Accursed Blacksmith","floor":5,"gold_loss":0,"cards_upgraded":["Sunder"]},{"damage_healed":0,"gold_gain":0,"player_choice":"Left Gold","damage_taken":0,"max_hp_gain":0,"max_hp_loss":0,"event_name":"World of Goop","floor":13,"gold_loss":28}],"is_beta":false,"boss_relics":[{"not_picked":["Astrolabe","Snecko Eye"],"picked":"Empty Cage"}],"items_purged_floors":[],"is_endless":false,"potions_floor_spawned":[1,4,7],"killed_by":"3 Byrds","ascension_level":12}