{"gold_per_floor":[109,109,120,134,33,33,66,78,78,94,176,195,95,95,95,193,193,209,209,84,183,200,200,220,220,220,236,261,261,64,79,79,182,182,200,219,294,294,308,308,89,89,164,164,177,177,177,195,195,195],"floor_reached":51,"playtime":2858,"items_purged":["Strike_R","Strike_R","Defend_R","Strike_R"],"score":642,"play_id":"3e3f236a-aeb2-484b-ba81-8d18e5e1f97d","local_time":"20180724082559","is_ascension_mode":false,"campfire_choices":[{"data":"Armaments","floor":6.0,"key":"SMITH"},{"data":"Anger","floor":15.0,"key":"SMITH"},{"data":"Rampage","floor":23.0,"key":"SMITH"},{"floor":25.0,"key":"REST"},{"floor":29.0,"key":"REST"},{"floor":32.0,"key":"REST"},{"data":"Shrug It Off","floor":40,"key":"SMITH"},{"data":"Reaper","floor":42,"key":"SMITH"},{"data":"Battle Trance","floor":44,"key":"SMITH"},{"floor":46,"key":"REST"},{"data":"Blood for Blood","floor":49,"key":"SMITH"}],"neow_cost":"NONE","seed_source_timestamp":0,"circlet_count":0,"master_deck":["Strike_R","Defend_R","Defend_R","Defend_R","Bash","Anger+1","Cleave","Demon Form","Armaments+1","Battle Trance+1","Rampage+1","Shrug It Off+1","Ghostly Armor","Flash of Steel","Blood for Blood+1","Shrug It Off","Rage+1","Panache+1","Shrug It Off+1","Reaper+1","Evolve","Disarm+1","Purity"],"special_seed":0,"relics":["Black Blood","Blood Vial","Strawberry","Bottled Lightning","Dream Catcher","Mercury Hourglass","Runic Cube","Pantograph"],"potions_floor_usage":[45,50,50,50],"damage_taken":[{"damage":16.0,"enemies":"Jaw Worm","floor":1.0,"turns":4.0},{"damage":0.0,"enemies":"2 Louse","floor":3.0,"turns":3.0},{"damage":0.0,"enemies":"Small Slimes","floor":4.0,"turns":2.0},{"damage":14.0,"enemies":"3 Sentries","floor":7.0,"turns":8.0},{"damage":15.0,"enemies":"Exordium Wildlife","floor":8.0,"turns":4.0},{"damage":5.0,"enemies":"Looter","floor":10.0,"turns":3.0},{"damage":7.0,"enemies":"Exordium Thugs","floor":12.0,"turns":4.0},{"damage":35.0,"enemies":"Hexaghost","floor":16.0,"turns":8.0},{"damage":0.0,"enemies":"Chosen","floor":18.0,"turns":4.0},{"damage":30.0,"enemies":"2 Thieves","floor":22.0,"turns":4.0},{"damage":26.0,"enemies":"Centurion and Healer","floor":24.0,"turns":5.0},{"damage":20.0,"enemies":"3 Cultists","floor":27.0,"turns":5.0},{"damage":29.0,"enemies":"Slavers","floor":28.0,"turns":6.0},{"damage":29.0,"enemies":"Snecko","floor":31.0,"turns":6.0},{"damage":75.0,"enemies":"Champ","floor":33.0,"turns":14.0},{"damage":15,"enemies":"3 Shapes","floor":35,"turns":5},{"damage":14,"enemies":"Flame Bruiser 1 Orb","floor":36,"turns":9},{"damage":31,"enemies":"Sphere and 2 Shapes","floor":39,"turns":6},{"damage":54,"enemies":"Flame Bruiser 2 Orb","floor":45,"turns":7},{"damage":25,"enemies":"3 Darklings","floor":48,"turns":5},{"damage":104,"enemies":"Donu and Deca","floor":50,"turns":10}],"seed_played":"7727796736035350950","potions_obtained":[{"floor":1.0,"key":"Weak Potion"},{"floor":8.0,"key":"Strength Potion"},{"floor":10.0,"key":"Block Potion"},{"floor":24.0,"key":"PowerPotion"},{"floor":27.0,"key":"EssenceOfSteel"},{"floor":31.0,"key":"Energy Potion"},{"floor":33.0,"key":"Regen Potion"},{"floor":39,"key":"SpeedPotion"},{"floor":48,"key":"Strength Potion"}],"is_trial":false,"path_per_floor":["M","?","M","M","$","R","E","M","T","M","T","M","$","?","R","B",null,"M","?","$","?","M","R","M","R","T","M","E","R","$","M","R","B",null,"M","M","?","?","M","R","$","R","T","R","M","R","?","M","R","B"],"character_chosen":"IRONCLAD","items_purchased":["Armaments","Panache","Evolve"],"campfire_rested":4,"item_purchase_floors":[5,30,41],"current_hp_per_floor":[70,70,76,80,80,80,72,65,72,75,75,76,76,76,76,49,87,87,87,87,87,67,67,53,79,79,71,54,80,80,63,87,22,87,82,87,79,79,60,60,60,60,60,60,48,74,74,71,71,23],"gold":195,"neow_bonus":"REMOVE_CARD","is_prod":false,"is_daily":false,"chose_seed":false,"campfire_upgraded":7,"win_rate":0.0,"timestamp":1532391959,"path_taken":["M","?","M","M","$","R","E","M","T","M","?","M","$","?","R","BOSS","M","?","$","?","M","R","M","R","T","M","E","R","?","M","R","BOSS","M","M","?","?","M","R","$","R","T","R","M","R","?","M","R","BOSS"],"build_version":"2018-07-19v2","purchased_purges":4,"victory":true,"max_hp_per_floor":[80,80,80,80,80,80,80,80,87,87,87,87,87,87,87,87,87,87,87,87,87,87,87,87,87,87,87,87,87,87,87,87,87,87,87,87,87,87,87,87,87,87,87,87,87,87,87,87,87,87],"card_choices":[{"not_picked":["Feel No Pain","Metallicize"],"picked":"Anger","floor":1.0},{"not_picked":["Clash","Perfected Strike"],"picked":"Cleave","floor":3.0},{"not_picked":["Burning Pact","Pommel Strike"],"picked":"Demon Form","floor":4.0},{"not_picked":["Warcry","Wild Strike"],"picked":"Battle Trance","floor":7.0},{"not_picked":["Twin Strike","Havoc"],"picked":"Rampage","floor":8.0},{"not_picked":["Flame Barrier","Uppercut"],"picked":"Shrug It Off","floor":10.0},{"not_picked":["Infernal Blade","Disarm","Clothesline"],"picked":"SKIP","floor":12.0},{"not_picked":["Heavy Blade+1","Battle Trance"],"picked":"Blood for Blood","floor":18.0},{"not_picked":["Battle Trance+1","Clothesline","Disarm+1"],"picked":"SKIP","floor":22.0},{"not_picked":["Havoc","Clothesline","Thunderclap"],"picked":"SKIP","floor":24.0},{"not_picked":["Carnage","Clothesline+1"],"picked":"Shrug It Off","floor":27.0},{"not_picked":["Carnage+1","Iron Wave+1","Infernal Blade+1"],"picked":"SKIP","floor":28.0},{"not_picked":["Anger","Inflame+1"],"picked":"Rage+1","floor":29.0},{"not_picked":["Iron Wave","Headbutt+1","Cleave"],"picked":"SKIP","floor":31.0},{"not_picked":["Reckless Charge+1","Uppercut"],"picked":"Shrug It Off","floor":32.0},{"not_picked":["Offering","Exhume"],"picked":"Reaper","floor":33.0},{"not_picked":["Sever Soul+1","Rampage+1","Carnage+1"],"picked":"SKIP","floor":35},{"not_picked":["Wild Strike+1","Shrug It Off+1","Twin Strike"],"picked":"SKIP","floor":36},{"not_picked":["Heavy Blade","Iron Wave","Sword Boomerang"],"picked":"SKIP","floor":39},{"not_picked":["Pommel Strike","Flex","Sever Soul"],"picked":"SKIP","floor":45},{"not_picked":["Iron Wave","Headbutt"],"picked":"Disarm+1","floor":46},{"not_picked":["Panacea","Madness"],"picked":"Purity","floor":47},{"not_picked":["Shrug It Off+1","Dropkick+1","Body Slam"],"picked":"SKIP","floor":48}],"player_experience":75435,"relics_obtained":[{"floor":7.0,"key":"Blood Vial"},{"floor":9.0,"key":"Strawberry"},{"floor":11.0,"key":"Bottled Lightning"},{"floor":26.0,"key":"Dream Catcher"},{"floor":28.0,"key":"Mercury Hourglass"},{"floor":43,"key":"Pantograph"}],"event_choices":[{"event_name":"Shining Light","player_choice":"Ignored","floor":2.0,"damage_taken":0.0},{"event_name":"Match and Keep!","player_choice":"2 cards matched","floor":14.0,"damage_taken":0.0},{"event_name":"Accursed Blacksmith","player_choice":"Forge","floor":19.0,"damage_taken":0.0},{"event_name":"Nest","player_choice":"Stole From Cult","floor":21.0,"damage_taken":0.0},{"event_name":"FaceTrader","player_choice":"Touch","floor":37,"damage_taken":0},{"event_name":"Upgrade Shrine","player_choice":"Upgraded","floor":38,"damage_taken":0},{"event_name":"SensoryStone","player_choice":"Memory 1","floor":47,"damage_taken":0}],"is_beta":false,"boss_relics":[{"not_picked":["Eternal Feather","Velvet Choker"],"picked":"Black Blood"},{"not_picked":["Orrery","Snecko Eye"],"picked":"Runic Cube"}],"items_purged_floors":[5,13,20,41],"is_endless":false,"potions_floor_spawned":[1,8,10,12,24,27,31,33,39,48],"ascension_level":0}