{"gold_per_floor":[119,131,42,62,72,99,116,116,116,41,73,92,112,126,126,126],"floor_reached":16,"playtime":750,"items_purged":["Strike_R"],"score":168,"play_id":"70d4471d-628b-45a8-a379-738297ae6778","local_time":"20190126162457","is_ascension_mode":true,"campfire_choices":[{"data":"Bash","floor":8.0,"key":"SMITH"},{"floor":15.0,"key":"REST"}],"neow_cost":"NONE","seed_source_timestamp":157838945890600,"circlet_count":0,"master_deck":["Strike_R","Strike_R","Strike_R","Strike_R","Defend_R","Defend_R","Defend_R","Defend_R","Bash+1","Carnage","Battle Trance","Sentinel","Body Slam","Double Tap","Corruption","Spot Weakness","Clothesline","Uppercut","Dual Wield"],"special_seed":0,"relics":["Burning Blood","NeowsBlessing","Matryoshka","Kunai","Pen Nib","Mummified Hand","Omamori"],"potions_floor_usage":[16,16],"damage_taken":[{"damage":0.0,"enemies":"2 Louse","floor":1.0,"turns":1.0},{"damage":0.0,"enemies":"Cultist","floor":2.0,"turns":1.0},{"damage":0.0,"enemies":"Small Slimes","floor":4.0,"turns":1.0},{"damage":16.0,"enemies":"Gremlin Gang","floor":5.0,"turns":6.0},{"damage":30.0,"enemies":"3 Sentries","floor":6.0,"turns":9.0},{"damage":2.0,"enemies":"Large Slime","floor":7.0,"turns":6.0},{"damage":33.0,"enemies":"Lagavulin","floor":11.0,"turns":6.0},{"damage":20.0,"enemies":"Exordium Wildlife","floor":12.0,"turns":3.0},{"damage":8.0,"enemies":"3 Louse","floor":13.0,"turns":4.0},{"damage":0.0,"enemies":"2 Fungi Beasts","floor":14.0,"turns":3.0},{"damage":37,"enemies":"Hexaghost","floor":16,"turns":7}],"seed_played":"8486624527349114799","potions_obtained":[{"floor":4.0,"key":"SteroidPotion"},{"floor":7.0,"key":"LiquidBronze"},{"floor":11.0,"key":"Block Potion"},{"floor":14.0,"key":"PowerPotion"}],"is_trial":false,"path_per_floor":["M","M","?","M","M","E","M","R","T","$","E","M","M","M","R","B"],"character_chosen":"IRONCLAD","items_purchased":[],"campfire_rested":1,"item_purchase_floors":[],"current_hp_per_floor":[78,80,80,80,70,46,50,50,50,50,23,9,7,13,37,0],"gold":126,"neow_bonus":"THREE_ENEMY_KILL","is_prod":false,"is_daily":false,"chose_seed":false,"campfire_upgraded":1,"win_rate":0,"timestamp":1548519897,"path_taken":["M","M","?","M","M","E","M","R","T","?","E","M","M","M","R","BOSS"],"build_version":"2019-01-23","purchased_purges":1,"victory":false,"max_hp_per_floor":[80,80,80,80,80,80,80,80,80,80,80,80,80,80,80,80],"card_choices":[{"not_picked":["Thunderclap","Blood for Blood"],"picked":"Carnage","floor":1.0},{"not_picked":["Warcry","Armaments"],"picked":"Battle Trance","floor":2.0},{"not_picked":["Thunderclap","Corruption"],"picked":"Sentinel","floor":4.0},{"not_picked":["Inflame","Sword Boomerang"],"picked":"Body Slam","floor":5.0},{"not_picked":["Havoc","Flame Barrier"],"picked":"Double Tap","floor":6.0},{"not_picked":["Havoc","Evolve"],"picked":"Corruption","floor":7.0},{"not_picked":["Pommel Strike","Battle Trance"],"picked":"Spot Weakness","floor":11.0},{"not_picked":["Headbutt","Combust"],"picked":"Clothesline","floor":12.0},{"not_picked":["Twin Strike","Sword Boomerang"],"picked":"Uppercut","floor":13.0},{"not_picked":["Carnage","Flex"],"picked":"Dual Wield","floor":14.0}],"player_experience":171283,"relics_obtained":[{"floor":6.0,"key":"Kunai"},{"floor":9.0,"key":"Pen Nib"},{"floor":9.0,"key":"Mummified Hand"},{"floor":11.0,"key":"Omamori"}],"event_choices":[{"damage_healed":0.0,"max_hp_gain":0.0,"max_hp_loss":0.0,"gold_gain":0.0,"event_name":"WeMeetAgain","player_choice":"Paid Gold","floor":3.0,"gold_loss":89.0,"damage_taken":0.0,"relics_obtained":["Matryoshka"]}],"is_beta":false,"boss_relics":[],"items_purged_floors":[10],"is_endless":false,"potions_floor_spawned":[4,7,11,12,13,14],"killed_by":"Hexaghost","ascension_level":9}