{"gold_per_floor":[117,130,147,147,167,167,192,207,207,207,222,251,269,219,219,314,314,327,344,31,51,64,64,19,36,36,46,58,58,258,276,276,377,377,395,410,425,65,75,75,75,95,119,137,137,147,147,165,165,165],"floor_reached":50,"playtime":2717,"items_purged":[],"score":516,"play_id":"40914a55-a3cb-4ebe-83e8-76a048c7bba2","local_time":"20190105203722","is_ascension_mode":false,"campfire_choices":[{"floor":6,"key":"RECALL"},{"data":"Discovery","floor":10,"key":"SMITH"},{"floor":15,"key":"REST"},{"floor":23,"key":"REST"},{"floor":32,"key":"REST"},{"floor":40,"key":"REST"},{"floor":45,"key":"REST"},{"floor":47,"key":"REST"},{"floor":49,"key":"REST"}],"neow_cost":"TEN_PERCENT_HP_LOSS","seed_source_timestamp":28328768491741,"circlet_count":0,"master_deck":["Strike_R","Strike_R","Strike_R","Strike_R","Defend_R","Defend_R","Defend_R","Defend_R","Bash","Discovery+1","Pummel","Twin Strike","Spot Weakness","Sword Boomerang","Battle Trance","Demon Form","Flame Barrier","Iron Wave","Iron Wave+1","Bandage Up","Inflame","Inflame","Heavy Blade+1","Shrug It Off","Seeing Red+1","Clothesline","Armaments+1","Intimidate+1","Infernal Blade","Trip","Battle Trance","Pommel Strike","Rage+1","Shrug It Off+1"],"relics":["Burning Blood","PreservedInsect","Bottled Lightning","Calipers","Fusion Hammer","Omamori","Mark of Pain","Medical Kit","Orichalcum"],"potions_floor_usage":[7,11,16,16,25,28,31,33,35,50,50,50],"damage_taken":[{"damage":1,"enemies":"Jaw Worm","floor":1,"turns":3},{"damage":1,"enemies":"2 Louse","floor":2,"turns":2},{"damage":1,"enemies":"Cultist","floor":3,"turns":3},{"damage":0,"enemies":"Exordium Wildlife","floor":5,"turns":2},{"damage":21,"enemies":"3 Sentries","floor":7,"turns":6},{"damage":12,"enemies":"3 Louse","floor":8,"turns":3},{"damage":23,"enemies":"Gremlin Gang","floor":11,"turns":4},{"damage":0,"enemies":"Gremlin Nob","floor":12,"turns":2},{"damage":7,"enemies":"Blue Slaver","floor":13,"turns":3},{"damage":28,"enemies":"The Guardian","floor":16,"turns":10},{"damage":23,"enemies":"2 Thieves","floor":18,"turns":3},{"damage":14,"enemies":"Spheric Guardian","floor":19,"turns":4},{"damage":0,"enemies":"Centurion and Healer","floor":21,"turns":5},{"damage":46,"enemies":"Snake Plant","floor":22,"turns":5},{"damage":8,"enemies":"Cultist and Chosen","floor":25,"turns":4},{"damage":31,"enemies":"Sentry and Sphere","floor":27,"turns":6},{"damage":8,"enemies":"Snecko","floor":28,"turns":5},{"damage":1,"enemies":"Centurion and Healer","floor":31,"turns":6},{"damage":28,"enemies":"Champ","floor":33,"turns":9},{"damage":1,"enemies":"Orb Walker","floor":35,"turns":3},{"damage":29,"enemies":"3 Darklings","floor":36,"turns":6},{"damage":1,"enemies":"Transient","floor":37,"turns":5},{"damage":45,"enemies":"Jaw Worm Horde","floor":39,"turns":5},{"damage":20,"enemies":"4 Shapes","floor":42,"turns":6},{"damage":19,"enemies":"3 Darklings","floor":44,"turns":6},{"damage":26,"enemies":"Jaw Worm Horde","floor":46,"turns":5},{"damage":10,"enemies":"Transient","floor":48,"turns":5},{"damage":90,"enemies":"Donu and Deca","floor":50,"turns":6}],"seed_played":"4579753604714508116","potions_obtained":[{"floor":1,"key":"Strength Potion"},{"floor":2,"key":"Poison Potion"},{"floor":7,"key":"Dexterity Potion"},{"floor":8,"key":"LiquidBronze"},{"floor":16,"key":"SteroidPotion"},{"floor":21,"key":"Poison Potion"},{"floor":25,"key":"Weak Potion"},{"floor":27,"key":"Explosive Potion"},{"floor":31,"key":"Explosive Potion"},{"floor":33,"key":"Energy Potion"},{"floor":37,"key":"FearPotion"},{"floor":44,"key":"BloodPotion"}],"is_trial":false,"path_per_floor":["M","M","M","?","M","R","E","M","T","R","M","E","M","?","R","B",null,"M","M","$","M","M","R","$","M","T","M","M","$","?","M","R","B",null,"M","M","M","$","M","R","$","M","T","M","R","M","R","M","R","B"],"character_chosen":"IRONCLAD","items_purchased":["Bandage Up","Omamori","Inflame","Shrug It Off","Medical Kit","Trip","Battle Trance"],"campfire_rested":7,"item_purchase_floors":[20,20,20,24,38,38,38],"current_hp_per_floor":[72,72,72,65,71,71,56,50,50,50,33,39,38,38,59,37,72,55,47,47,57,21,42,42,44,44,23,21,21,21,30,51,33,72,72,53,62,62,29,50,50,40,40,31,52,36,57,59,72,0],"gold":165,"neow_bonus":"RANDOM_COLORLESS_2","is_prod":false,"is_daily":false,"chose_seed":false,"campfire_upgraded":1,"win_rate":0,"timestamp":1546713442,"path_taken":["M","M","M","?","M","R","E","M","T","R","M","E","M","?","R","BOSS","M","M","$","M","M","R","$","M","T","M","M","$","?","M","R","BOSS","M","M","M","$","M","R","$","M","T","M","R","?","R","M","R","BOSS"],"build_version":"2019-01-03v4","purchased_purges":0,"victory":false,"max_hp_per_floor":[72,72,72,72,72,72,72,72,72,72,72,72,72,72,72,72,72,72,72,72,72,72,72,72,72,72,72,72,72,72,72,72,72,72,72,72,72,72,72,72,72,72,72,72,72,72,72,72,72,72],"card_choices":[{"not_picked":["Perfected Strike","Burning Pact"],"picked":"Pummel","floor":1},{"not_picked":["Disarm","Wild Strike"],"picked":"Twin Strike","floor":2},{"not_picked":["Wild Strike","Whirlwind"],"picked":"Spot Weakness","floor":3},{"not_picked":["Disarm","Thunderclap"],"picked":"Sword Boomerang","floor":5},{"not_picked":["Fire Breathing","Infernal Blade"],"picked":"Battle Trance","floor":7},{"not_picked":["Twin Strike","Reckless Charge","Battle Trance"],"picked":"SKIP","floor":8},{"not_picked":["Cleave","Intimidate","Warcry"],"picked":"SKIP","floor":11},{"not_picked":["Blood for Blood","Shockwave"],"picked":"Demon Form","floor":12},{"not_picked":["Anger","Warcry"],"picked":"Flame Barrier","floor":13},{"not_picked":["Warcry","Sever Soul"],"picked":"Iron Wave","floor":18},{"not_picked":["Seeing Red","Dropkick"],"picked":"Iron Wave+1","floor":19},{"not_picked":["Whirlwind+1","Pommel Strike"],"picked":"Inflame","floor":21},{"not_picked":["Spot Weakness+1","Headbutt+1"],"picked":"Heavy Blade+1","floor":22},{"not_picked":["Perfected Strike","Inflame"],"picked":"Seeing Red+1","floor":25},{"not_picked":["Cleave","Feed"],"picked":"Clothesline","floor":27},{"not_picked":["Havoc+1","Shrug It Off"],"picked":"Armaments+1","floor":28},{"not_picked":["Wild Strike","Perfected Strike+1","Armaments"],"picked":"SKIP","floor":31},{"not_picked":["Anger+1","Heavy Blade"],"picked":"Intimidate+1","floor":35},{"not_picked":["Shrug It Off","Twin Strike"],"picked":"Infernal Blade","floor":36},{"not_picked":["Disarm+1","Wild Strike+1","Carnage+1"],"picked":"SKIP","floor":37},{"not_picked":["Thunderclap","Flex+1","Perfected Strike"],"picked":"SKIP","floor":39},{"not_picked":["Havoc","Fire Breathing"],"picked":"Pommel Strike","floor":42},{"not_picked":["Whirlwind","Wild Strike+1"],"picked":"Rage+1","floor":44},{"not_picked":["Cleave","Clash"],"picked":"Shrug It Off+1","floor":46},{"not_picked":["Cleave+1","Sword Boomerang+1","Feed"],"picked":"SKIP","floor":48}],"player_experience":137728,"relics_obtained":[{"floor":7,"key":"PreservedInsect"},{"floor":9,"key":"Bottled Lightning"},{"floor":12,"key":"Calipers"},{"floor":43,"key":"Orichalcum"}],"event_choices":[{"cards_removed":["Strike_R"],"damage_healed":0,"gold_gain":0,"player_choice":"Card Removal","damage_taken":7,"max_hp_gain":0,"max_hp_loss":0,"event_name":"Golden Wing","floor":4,"gold_loss":0},{"cards_removed":["Impatience"],"damage_healed":0,"gold_gain":0,"player_choice":"Card Removal","damage_taken":0,"max_hp_gain":0,"max_hp_loss":0,"event_name":"The Cleric","floor":14,"gold_loss":50},{"damage_healed":0,"gold_gain":200,"player_choice":"Gold","damage_taken":0,"max_hp_gain":0,"max_hp_loss":0,"event_name":"Wheel of Change","floor":30,"gold_loss":0}],"is_beta":false,"boss_relics":[{"not_picked":["Pandora\u0027s Box","Snecko Eye"],"picked":"Fusion Hammer"},{"not_picked":["Black Star","Eternal Feather"],"picked":"Mark of Pain"}],"items_purged_floors":[],"is_endless":false,"potions_floor_spawned":[1,2,7,8,16,21,25,27,31,33,37,44,46],"killed_by":"Donu and Deca","ascension_level":0}