{"gold_per_floor":[114,129,81,81,96,96,126,141,141,156,186,105,135,150,150,250,250,265,364,364,279,294,324,324,354,354,369,399,399,429,444,444,544,544,559,59,0,0,0,30,45,45,95,125,125,155,155,170,170,170],"floor_reached":51,"playtime":3943,"items_purged":[],"score":1031,"play_id":"e2aec953-c364-49f0-88bb-91c40bea4673","local_time":"20181208144243","daily_mods":["Shiny","Hoarder","Elite Swarm"],"is_ascension_mode":false,"campfire_choices":[{"data":"Echo Form","floor":6,"key":"SMITH"},{"data":"Creative AI","floor":15,"key":"SMITH"},{"data":"Self Repair","floor":24,"key":"SMITH"},{"data":"Hyperbeam","floor":29,"key":"SMITH"},{"data":"Hyperbeam","floor":32,"key":"SMITH"},{"data":"Buffer","floor":42,"key":"SMITH"},{"data":"Seek","floor":49,"key":"SMITH"}],"neow_cost":"","seed_source_timestamp":0,"circlet_count":0,"master_deck":["Multi-Cast","Hyperbeam+1","Thunder Strike","Biased Cognition","Machine Learning","Electrodynamics","Buffer+1","Rainbow","Seek+1","Meteor Strike","Echo Form+1","All For One","Reboot","Amplify","Creative AI+1","Fission","Core Surge","Melter","Melter","Melter","Conserve Battery+1","Conserve Battery","Conserve Battery","PanicButton","PanicButton+1","Self Repair+1","Self Repair","Self Repair","Hyperbeam","Hyperbeam+1","Hyperbeam+1"],"special_seed":17873,"relics":["Cracked Core","Vajra","Sundial","StoneCalendar","Mango","Nuclear Battery","Oddly Smooth Stone","Happy Flower","Gambling Chip","Symbiotic Virus","Calipers","The Courier","Busted Crown","Membership Card","Dodecahedron","Pen Nib","War Paint","Orichalcum","Juzu Bracelet","Red Mask","Unceasing Top","Blood Vial","Regal Pillow","Bag of Marbles","Nunchaku"],"potions_floor_usage":[16,23,23,25,25,33,50,50,50],"damage_taken":[{"damage":0,"enemies":"Small Slimes","floor":1,"turns":2},{"damage":6,"enemies":"Cultist","floor":2,"turns":3},{"damage":4,"enemies":"Jaw Worm","floor":5,"turns":2},{"damage":0,"enemies":"Gremlin Nob","floor":7,"turns":2},{"damage":0,"enemies":"Large Slime","floor":8,"turns":3},{"damage":0,"enemies":"Looter","floor":10,"turns":1},{"damage":2,"enemies":"3 Sentries","floor":11,"turns":3},{"damage":0,"enemies":"Gremlin Nob","floor":13,"turns":4},{"damage":0,"enemies":"Blue Slaver","floor":14,"turns":2},{"damage":34,"enemies":"Hexaghost","floor":16,"turns":7},{"damage":0,"enemies":"Spheric Guardian","floor":18,"turns":2},{"damage":0,"enemies":"Chosen","floor":22,"turns":4},{"damage":20,"enemies":"Slavers","floor":23,"turns":2},{"damage":47,"enemies":"Gremlin Leader","floor":25,"turns":5},{"damage":0,"enemies":"Centurion and Healer","floor":27,"turns":5},{"damage":20,"enemies":"Book of Stabbing","floor":28,"turns":6},{"damage":0,"enemies":"Gremlin Leader","floor":30,"turns":4},{"damage":10,"enemies":"3 Cultists","floor":31,"turns":4},{"damage":27,"enemies":"Champ","floor":33,"turns":9},{"damage":0,"enemies":"Orb Walker","floor":35,"turns":2},{"damage":0,"enemies":"Reptomancer","floor":40,"turns":3},{"damage":0,"enemies":"3 Darklings","floor":41,"turns":1},{"damage":16,"enemies":"Nemesis","floor":44,"turns":5},{"damage":0,"enemies":"Reptomancer","floor":46,"turns":3},{"damage":1,"enemies":"Spire Growth","floor":48,"turns":3},{"damage":0,"enemies":"Donu and Deca","floor":50,"turns":5}],"seed_played":"7962981595108981707","potions_obtained":[{"floor":1,"key":"FocusPotion"},{"floor":2,"key":"SkillPotion"},{"floor":13,"key":"AttackPotion"},{"floor":18,"key":"LiquidBronze"},{"floor":23,"key":"EssenceOfSteel"},{"floor":28,"key":"Swift Potion"},{"floor":33,"key":"EssenceOfSteel"},{"floor":41,"key":"SpeedPotion"},{"floor":44,"key":"Explosive Potion"},{"floor":46,"key":"Explosive Potion"}],"is_trial":false,"path_per_floor":["M","M","$","?","M","R","E","M","T","M","E","$","E","M","R","B",null,"M","?","?","?","M","E","R","E","T","M","E","R","E","M","R","B",null,"M","$","?","?","?","E","M","R","T","E","?","E","?","M","R","B",null],"character_chosen":"DEFECT","items_purchased":["Conserve Battery","PanicButton","Membership Card","Dodecahedron","Pen Nib","War Paint","Orichalcum","Juzu Bracelet"],"campfire_rested":0,"item_purchase_floors":[3,12,36,36,36,36,36,36],"current_hp_per_floor":[75,69,69,69,65,65,65,65,65,65,63,63,77,77,77,50,89,89,89,72,72,93,87,87,71,71,94,94,94,94,94,94,81,94,94,94,94,94,94,94,94,94,94,94,94,94,89,89,89,89],"gold":170,"neow_bonus":"","is_prod":false,"is_daily":true,"chose_seed":false,"campfire_upgraded":7,"win_rate":0.0,"timestamp":1544276563,"path_taken":["M","M","$","?","M","R","E","M","T","M","E","$","E","M","R","BOSS","M","?","?","?","M","E","R","E","T","M","E","R","E","M","R","BOSS","M","$","?","?","?","E","M","R","T","E","?","E","?","M","R","BOSS"],"build_version":"2018-12-06","purchased_purges":0,"victory":true,"max_hp_per_floor":[75,75,75,75,75,75,75,75,75,75,75,75,89,89,89,89,89,89,89,94,94,94,94,94,94,94,94,94,94,94,94,94,94,94,94,94,94,94,94,94,94,94,94,94,94,94,89,89,89,89],"card_choices":[{"not_picked":["Recycle","Ball Lightning","Cold Snap"],"picked":"SKIP","floor":1},{"not_picked":["Cold Snap","Leap"],"picked":"Melter","floor":2},{"not_picked":["Coolheaded","Sunder","Chill"],"picked":"SKIP","floor":5},{"not_picked":["Machine Learning","Amplify","Buffer"],"picked":"SKIP","floor":7},{"not_picked":["Aggregate","Chill","Skim"],"picked":"SKIP","floor":8},{"not_picked":["Go for the Eyes","Compile Driver","Stack"],"picked":"SKIP","floor":10},{"not_picked":["Buffer","Electrodynamics","Multi-Cast"],"picked":"SKIP","floor":11},{"not_picked":["Thunder Strike","Seek","Core Surge"],"picked":"SKIP","floor":13},{"not_picked":["Compile Driver","Fusion"],"picked":"Self Repair","floor":14},{"not_picked":["Cold Snap","Hologram+1","Sweeping Beam"],"picked":"SKIP","floor":18},{"not_picked":["Streamline","Sweeping Beam","Stack"],"picked":"SKIP","floor":22},{"not_picked":["Buffer","Core Surge","Creative AI"],"picked":"SKIP","floor":23},{"not_picked":["Creative AI","Core Surge","Thunder Strike"],"picked":"SKIP","floor":25},{"not_picked":["Conserve Battery+1","Aggregate+1","Static Discharge"],"picked":"SKIP","floor":27},{"not_picked":["Seek","Machine Learning"],"picked":"Hyperbeam","floor":28},{"not_picked":["Amplify","Multi-Cast","Core Surge"],"picked":"SKIP","floor":30},{"not_picked":["Amplify","Multi-Cast","Core Surge"],"picked":"SKIP","floor":30},{"not_picked":["Beam Cell","Coolheaded","Redo"],"picked":"SKIP","floor":31},{"not_picked":["Redo+1"],"picked":"SKIP","floor":35},{"not_picked":["Multi-Cast"],"picked":"SKIP","floor":40},{"not_picked":["Gash+1"],"picked":"SKIP","floor":41},{"not_picked":["Thunder Strike"],"picked":"SKIP","floor":44},{"not_picked":["Biased Cognition"],"picked":"SKIP","floor":46},{"not_picked":["Steam Power+1"],"picked":"SKIP","floor":48}],"player_experience":151705,"relics_obtained":[{"floor":7,"key":"Vajra"},{"floor":9,"key":"Sundial"},{"floor":11,"key":"StoneCalendar"},{"floor":13,"key":"Mango"},{"floor":23,"key":"Happy Flower"},{"floor":25,"key":"Gambling Chip"},{"floor":26,"key":"Symbiotic Virus"},{"floor":28,"key":"Calipers"},{"floor":30,"key":"The Courier"},{"floor":40,"key":"Unceasing Top"},{"floor":43,"key":"Blood Vial"},{"floor":44,"key":"Regal Pillow"},{"floor":45,"key":"Bag of Marbles"},{"floor":46,"key":"Nunchaku"}],"event_choices":[{"damage_healed":0,"gold_gain":0,"player_choice":"Upgraded","damage_taken":0,"max_hp_gain":0,"max_hp_loss":0,"event_name":"Upgrade Shrine","floor":4,"gold_loss":0,"cards_upgraded":["Hyperbeam"]},{"damage_healed":0,"gold_gain":99,"player_choice":"Stole From Cult","damage_taken":0,"max_hp_gain":0,"max_hp_loss":0,"event_name":"Nest","floor":19,"gold_loss":0},{"damage_healed":0,"gold_gain":0,"player_choice":"Shed Blood","damage_taken":22,"max_hp_gain":5,"max_hp_loss":0,"event_name":"Forgotten Altar","floor":20,"gold_loss":0},{"damage_healed":0,"gold_gain":0,"player_choice":"Obtained Relic","damage_taken":0,"relics_obtained":["Oddly Smooth Stone"],"max_hp_gain":0,"max_hp_loss":0,"event_name":"Addict","floor":21,"gold_loss":85},{"damage_healed":0,"gold_gain":0,"player_choice":"Paid","damage_taken":0,"relics_obtained":["Red Mask"],"max_hp_gain":0,"max_hp_loss":0,"event_name":"Tomb of Lord Red Mask","floor":37,"gold_loss":59},{"cards_removed":["PanicButton"],"damage_healed":0,"gold_gain":0,"player_choice":"Removed Skill","damage_taken":0,"max_hp_gain":0,"max_hp_loss":0,"event_name":"Falling","floor":38,"gold_loss":0},{"damage_healed":0,"gold_gain":0,"player_choice":"Memory 1","damage_taken":0,"max_hp_gain":0,"max_hp_loss":0,"event_name":"SensoryStone","floor":39,"gold_loss":0},{"damage_healed":0,"gold_gain":0,"player_choice":"Relic","damage_taken":0,"max_hp_gain":0,"max_hp_loss":0,"event_name":"Wheel of Change","floor":45,"gold_loss":0},{"damage_healed":0,"gold_gain":0,"player_choice":"Max HP","damage_taken":0,"max_hp_gain":0,"max_hp_loss":5,"event_name":"Winding Halls","floor":47,"gold_loss":0}],"is_beta":false,"boss_relics":[{"not_picked":["Fusion Hammer","Inserter"],"picked":"Nuclear Battery"},{"not_picked":["Runic Dome","Eternal Feather"],"picked":"Busted Crown"}],"items_purged_floors":[],"is_endless":false,"potions_floor_spawned":[1,2,13,18,23,28,33,41,44,46,48],"ascension_level":0}