{"gold_per_floor":[118,138,63,77,88,88,117,117,117,148,148,168,118,49,49,147,147,159,159,59,59,9,9,34,34,34,11,42,42,60,86,86,184,184,204,215,215,215,9,42,42,58,104,123,133,145,145,158,158,158],"floor_reached":51,"playtime":2711,"items_purged":["Strike_G","Strike_G+1","Strike_G+1"],"score":923,"play_id":"e1f59444-da99-4251-9735-abd1a8d47ed6","local_time":"20190201183340","is_ascension_mode":true,"campfire_choices":[{"data":"Neutralize","floor":6.0,"key":"SMITH"},{"data":"Catalyst","floor":8.0,"key":"SMITH"},{"floor":11.0,"key":"REST"},{"data":"Noxious Fumes","floor":15.0,"key":"SMITH"},{"data":"Adrenaline","floor":23.0,"key":"SMITH"},{"data":"Poisoned Stab","floor":25.0,"key":"SMITH"},{"data":"Deadly Poison","floor":32.0,"key":"SMITH"},{"floor":41,"key":"REST"},{"floor":49,"key":"REST"}],"neow_cost":"NONE","seed_source_timestamp":418079230467264,"circlet_count":0,"master_deck":["Defend_G+1","Defend_G+1","Defend_G+1","Defend_G+1","Defend_G+1","Strike_G+1","Survivor+1","Neutralize+1","Prepared","Deadly Poison+1","Catalyst+1","Poisoned Stab+1","Bane","Noxious Fumes+1","Adrenaline+1","Acrobatics+1","Deflect","Deflect+1","Cloak And Dagger","Acrobatics","Noxious Fumes","Catalyst+1","Footwork"],"special_seed":0,"relics":["Ring of the Serpent","Sundial","Torii","Ice Cream","Sozu","Centennial Puzzle","Ancient Tea Set","Orichalcum","PreservedInsect","War Paint","Vajra"],"potions_floor_usage":[40,40,40],"damage_taken":[{"damage":0.0,"enemies":"Cultist","floor":1.0,"turns":4.0},{"damage":0.0,"enemies":"2 Louse","floor":2.0,"turns":4.0},{"damage":0.0,"enemies":"Small Slimes","floor":4.0,"turns":3.0},{"damage":4.0,"enemies":"3 Louse","floor":5.0,"turns":6.0},{"damage":35.0,"enemies":"Lagavulin","floor":7.0,"turns":8.0},{"damage":15.0,"enemies":"Gremlin Nob","floor":10.0,"turns":4.0},{"damage":0.0,"enemies":"Exordium Wildlife","floor":12.0,"turns":3.0},{"damage":19.0,"enemies":"Slime Boss","floor":16.0,"turns":8.0},{"damage":1.0,"enemies":"Chosen","floor":18.0,"turns":3.0},{"damage":1.0,"enemies":"Book of Stabbing","floor":24.0,"turns":5.0},{"damage":11.0,"enemies":"Gremlin Leader","floor":28.0,"turns":6.0},{"damage":0.0,"enemies":"3 Byrds","floor":30.0,"turns":5.0},{"damage":17.0,"enemies":"Slavers","floor":31.0,"turns":6.0},{"damage":1.0,"enemies":"Champ","floor":33.0,"turns":6.0},{"damage":30.0,"enemies":"3 Darklings","floor":35.0,"turns":9.0},{"damage":0.0,"enemies":"3 Shapes","floor":36.0,"turns":4.0},{"damage":27,"enemies":"Reptomancer","floor":40,"turns":6},{"damage":1,"enemies":"Spire Growth","floor":42,"turns":4},{"damage":1,"enemies":"Sphere and 2 Shapes","floor":44,"turns":5},{"damage":1,"enemies":"Writhing Mass","floor":45,"turns":4},{"damage":9,"enemies":"Spire Growth","floor":46,"turns":4},{"damage":15,"enemies":"Sphere and 2 Shapes","floor":48,"turns":5},{"damage":10,"enemies":"Time Eater","floor":50,"turns":6}],"seed_played":"-2562139214329963250","potions_obtained":[{"floor":2.0,"key":"Ancient Potion"},{"floor":4.0,"key":"SteroidPotion"},{"floor":5.0,"key":"SteroidPotion"}],"is_trial":false,"path_per_floor":["M","M","$","M","M","R","E","R","T","E","R","M","?","$","R","B",null,"M","?","$","?","$","R","E","R","T","$","E","$","M","E","R","B",null,"M","M","?","?","$","E","R","M","T","M","M","M","?","M","R","B",null],"character_chosen":"THE_SILENT","items_purchased":["Noxious Fumes","Deflect","Cloak And Dagger","Catalyst"],"campfire_rested":3,"item_purchase_floors":[14,22,27,39],"current_hp_per_floor":[77,77,77,77,73,73,38,38,38,23,46,46,46,46,46,27,65,64,64,64,64,64,64,63,63,63,63,52,52,52,35,35,34,66,36,36,36,36,36,9,30,29,29,28,27,18,18,3,24,14],"gold":158,"neow_bonus":"TEN_PERCENT_HP_BONUS","is_prod":false,"is_daily":false,"chose_seed":false,"campfire_upgraded":6,"win_rate":0,"timestamp":1549067620,"path_taken":["M","M","$","M","M","R","E","R","T","E","R","?","?","$","R","BOSS","M","?","$","?","$","R","E","R","T","?","E","?","?","E","R","BOSS","M","?","?","?","?","E","R","M","T","M","?","M","?","M","R","BOSS"],"build_version":"2019-01-23","purchased_purges":3,"victory":true,"max_hp_per_floor":[77,77,77,77,77,77,77,77,77,77,77,77,77,77,77,77,77,77,77,77,77,77,77,77,77,77,77,77,77,77,77,77,77,77,77,77,77,73,73,73,73,73,73,73,73,73,73,73,73,73],"card_choices":[{"not_picked":["Bane","Dagger Spray"],"picked":"Prepared","floor":1.0},{"not_picked":["Accuracy","Eviscerate"],"picked":"Deadly Poison","floor":2.0},{"not_picked":["Prepared","Cloak And Dagger"],"picked":"Catalyst","floor":4.0},{"not_picked":["Infinite Blades","Skewer"],"picked":"Poisoned Stab","floor":5.0},{"not_picked":["Bouncing Flask","Eviscerate"],"picked":"Bane","floor":7.0},{"not_picked":["Prepared","Concentrate","Die Die Die"],"picked":"SKIP","floor":10.0},{"not_picked":["Dagger Throw","Eviscerate","Flying Knee"],"picked":"SKIP","floor":12.0},{"not_picked":["After Image","Doppelganger"],"picked":"Adrenaline","floor":16.0},{"not_picked":["Quick Slash","Flying Knee"],"picked":"Acrobatics+1","floor":18.0},{"not_picked":["Riddle With Holes","Quick Slash+1"],"picked":"Deflect+1","floor":24.0},{"not_picked":["Doppelganger","Distraction","Bullet Time"],"picked":"SKIP","floor":28.0},{"not_picked":["Sucker Punch","Crippling Poison"],"picked":"Acrobatics","floor":30.0},{"not_picked":["Finisher","Tactician","Skewer+1"],"picked":"SKIP","floor":31.0},{"not_picked":["Infinite Blades","Underhanded Strike","Riddle With Holes"],"picked":"SKIP","floor":35.0},{"not_picked":["Backflip","Outmaneuver+1"],"picked":"Noxious Fumes","floor":36.0},{"not_picked":["Backflip","Infinite Blades+1"],"picked":"Footwork","floor":40},{"not_picked":["Reflex+1","Poisoned Stab","Infinite Blades+1"],"picked":"SKIP","floor":42},{"not_picked":["Prepared","Dodge and Roll","PiercingWail"],"picked":"SKIP","floor":44},{"not_picked":["Bane","Quick Slash","Prepared+1"],"picked":"SKIP","floor":45},{"not_picked":["Doppelganger","Deflect+1","Deadly Poison+1"],"picked":"SKIP","floor":46},{"not_picked":["Quick Slash+1","PiercingWail","Prepared+1"],"picked":"SKIP","floor":48}],"player_experience":298323,"relics_obtained":[{"floor":7.0,"key":"Sundial"},{"floor":9.0,"key":"Torii"},{"floor":10.0,"key":"Ice Cream"},{"floor":24.0,"key":"Centennial Puzzle"},{"floor":26.0,"key":"Ancient Tea Set"},{"floor":28.0,"key":"Orichalcum"},{"floor":31.0,"key":"PreservedInsect"},{"floor":40,"key":"War Paint"},{"floor":43,"key":"Vajra"}],"event_choices":[{"cards_removed":["Strike_G"],"damage_healed":0.0,"max_hp_gain":0.0,"max_hp_loss":0.0,"gold_gain":0.0,"event_name":"The Cleric","player_choice":"Card Removal","floor":13.0,"gold_loss":50.0,"damage_taken":0.0},{"damage_healed":0.0,"max_hp_gain":0.0,"max_hp_loss":0.0,"gold_gain":0.0,"event_name":"Back to Basics","player_choice":"Simplicity","floor":19.0,"gold_loss":0.0,"damage_taken":0.0,"cards_upgraded":["Defend_G","Defend_G","Defend_G","Defend_G","Defend_G","Strike_G","Strike_G","Strike_G"]},{"damage_healed":0.0,"max_hp_gain":0.0,"max_hp_loss":0.0,"gold_gain":0.0,"event_name":"The Mausoleum","player_choice":"Ignored","floor":21.0,"gold_loss":0.0,"damage_taken":0.0},{"damage_healed":0.0,"max_hp_gain":0.0,"max_hp_loss":0.0,"gold_gain":0.0,"event_name":"Tomb of Lord Red Mask","player_choice":"Ignored","floor":37.0,"gold_loss":0.0,"damage_taken":0.0},{"damage_healed":0.0,"max_hp_gain":0.0,"max_hp_loss":4.0,"gold_gain":0.0,"event_name":"Winding Halls","player_choice":"Max HP","floor":38.0,"gold_loss":0.0,"damage_taken":0.0},{"damage_healed":0,"gold_gain":0,"player_choice":"Memory 1","damage_taken":0,"max_hp_gain":0,"max_hp_loss":0,"event_name":"SensoryStone","floor":47,"gold_loss":0}],"is_beta":false,"boss_relics":[{"not_picked":["Astrolabe","Runic Dome"],"picked":"Sozu"},{"not_picked":["Busted Crown","White Beast Statue"],"picked":"Ring of the Serpent"}],"items_purged_floors":[3,20,39],"is_endless":false,"potions_floor_spawned":[2,4,5,7,12,24,30,40,48],"ascension_level":5}