{"gold_per_floor":[118,136,52,68,86,86,86,115,142,162,182,182,28,61,61,136,136,87,12,12,12,12,12,12],"floor_reached":24,"playtime":1000,"items_purged":[],"score":388,"play_id":"34e28ef5-ad90-47f4-8bcb-9edc285c956f","local_time":"20190110143916","is_ascension_mode":true,"campfire_choices":[{"data":"Barricade","floor":6.0,"key":"SMITH"},{"data":"Iron Wave","floor":12.0,"key":"SMITH"},{"data":"Demon Form","floor":15.0,"key":"SMITH"},{"data":"Feed","floor":23,"key":"SMITH"}],"neow_cost":"NONE","seed_source_timestamp":2904635340123873,"circlet_count":0,"master_deck":["AscendersBane","Strike_R","Strike_R","Strike_R","Strike_R","Defend_R","Defend_R","Defend_R","Defend_R","Bash","Shrug It Off","Anger","Dropkick","Ghostly Armor","Barricade+1","Disarm","Feel No Pain","Iron Wave+1","Feed+1","Demon Form+1","Impervious","Headbutt","Shame"],"special_seed":0,"relics":["Burning Blood","Ancient Tea Set","Smiling Mask","Bronze Scales","Sozu","Question Card"],"potions_floor_usage":[16,16,18],"damage_taken":[{"damage":9.0,"enemies":"2 Louse","floor":1.0,"turns":3.0},{"damage":5.0,"enemies":"Small Slimes","floor":2.0,"turns":3.0},{"damage":1.0,"enemies":"Cultist","floor":4.0,"turns":3.0},{"damage":9.0,"enemies":"2 Fungi Beasts","floor":5.0,"turns":4.0},{"damage":22.0,"enemies":"Lagavulin","floor":8.0,"turns":9.0},{"damage":9.0,"enemies":"3 Louse","floor":10.0,"turns":5.0},{"damage":12.0,"enemies":"Looter","floor":11.0,"turns":3.0},{"damage":19.0,"enemies":"3 Sentries","floor":14.0,"turns":16.0},{"damage":31,"enemies":"The Guardian","floor":16,"turns":12},{"damage":9,"enemies":"2 Thieves","floor":18,"turns":5},{"damage":72,"enemies":"Book of Stabbing","floor":24,"turns":5}],"seed_played":"-6510392588921985694","potions_obtained":[{"floor":2.0,"key":"EntropicBrew"},{"floor":5.0,"key":"EssenceOfSteel"},{"floor":14.0,"key":"Poison Potion"}],"is_trial":false,"path_per_floor":["M","M","$","M","M","R","?","E","T","M","M","R","$","E","R","B",null,"M","?","?","$","?","R","E"],"character_chosen":"IRONCLAD","items_purchased":["Dropkick","Feed"],"campfire_rested":0,"item_purchase_floors":[3,13],"current_hp_per_floor":[72,73,73,78,75,75,75,59,59,56,50,50,50,40,40,18,71,71,71,71,71,71,71,0],"gold":12,"neow_bonus":"TEN_PERCENT_HP_BONUS","is_prod":false,"is_daily":false,"chose_seed":false,"campfire_upgraded":4,"win_rate":0,"timestamp":1547127556,"path_taken":["M","M","$","M","M","R","?","E","T","M","M","R","$","E","R","BOSS","M","?","?","$","?","R","E"],"build_version":"2019-01-03v4","purchased_purges":0,"victory":false,"max_hp_per_floor":[82,82,82,82,82,82,82,82,82,82,82,82,82,85,85,88,88,91,91,91,91,91,91,91],"card_choices":[{"not_picked":["Heavy Blade","Uppercut"],"picked":"Shrug It Off","floor":1.0},{"not_picked":["Sentinel","Heavy Blade"],"picked":"Anger","floor":2.0},{"not_picked":["Pummel","Clash"],"picked":"Ghostly Armor","floor":4.0},{"not_picked":["Wild Strike","Thunderclap"],"picked":"Barricade","floor":5.0},{"not_picked":["Headbutt","Shrug It Off"],"picked":"Disarm","floor":8.0},{"not_picked":["Perfected Strike","Sword Boomerang"],"picked":"Feel No Pain","floor":10.0},{"not_picked":["Intimidate","Sword Boomerang"],"picked":"Iron Wave","floor":11.0},{"not_picked":["Sever Soul","Heavy Blade"],"picked":"Demon Form","floor":14.0},{"not_picked":["Demon Form","Immolate"],"picked":"Impervious","floor":16},{"not_picked":["Inflame","Anger"],"picked":"Headbutt","floor":18}],"player_experience":708386,"relics_obtained":[{"floor":8.0,"key":"Ancient Tea Set"},{"floor":9.0,"key":"Smiling Mask"},{"floor":14.0,"key":"Bronze Scales"}],"event_choices":[{"damage_healed":0.0,"max_hp_gain":0.0,"max_hp_loss":0.0,"gold_gain":0.0,"event_name":"Liars Game","player_choice":"Ignored","floor":7.0,"gold_loss":0.0,"damage_taken":0.0},{"cards_removed":["Strike_R"],"damage_healed":0,"gold_gain":0,"player_choice":"Gave Gold","damage_taken":0,"max_hp_gain":0,"max_hp_loss":0,"event_name":"Beggar","floor":19,"gold_loss":75},{"damage_healed":0,"gold_gain":0,"player_choice":"Stole Relic","damage_taken":0,"relics_obtained":["Question Card"],"max_hp_gain":0,"max_hp_loss":0,"event_name":"Addict","floor":20,"gold_loss":0,"cards_obtained":["Shame"]},{"damage_healed":0,"gold_gain":0,"player_choice":"Ignored","damage_taken":0,"max_hp_gain":0,"max_hp_loss":0,"event_name":"Vampires","floor":22,"gold_loss":0}],"is_beta":false,"boss_relics":[{"not_picked":["Black Blood","Black Star"],"picked":"Sozu"}],"items_purged_floors":[],"is_endless":false,"potions_floor_spawned":[2,5,14,18],"killed_by":"Book of Stabbing","ascension_level":18}