{"gold_per_floor":[113,132,57,77,77,108,108,143,143,161,161,190,190,209,209,311,311,299,299,365,43,61,61],"floor_reached":23,"playtime":1011,"items_purged":[],"score":404,"play_id":"7957cc93-b2e6-457c-8071-17ba9a9f8a62","local_time":"20190201190814","is_ascension_mode":true,"campfire_choices":[{"data":"Neutralize","floor":7.0,"key":"SMITH"},{"floor":11.0,"key":"REST"},{"floor":15.0,"key":"REST"}],"neow_cost":"NONE","seed_source_timestamp":421845243714793,"circlet_count":0,"master_deck":["Defend_G","Defend_G","Defend_G","Defend_G","Defend_G","Strike_G","Strike_G","Strike_G","Strike_G","Strike_G","Survivor","Neutralize+1","Deep Breath","Poisoned Stab","Deflect","Noxious Fumes","Noxious Fumes","Bouncing Flask","Backstab","Deflect","Deadly Poison+1","Bullet Time+1","Deflect+1","Calculated Gamble+1","Apotheosis+1","Footwork","Footwork"],"special_seed":0,"relics":["Ring of the Snake","Omamori","Darkstone Periapt","Mummified Hand","Blood Vial","Toxic Egg 2","Coffee Dripper","SsserpentHead"],"potions_floor_usage":[23],"damage_taken":[{"damage":5.0,"enemies":"Jaw Worm","floor":1.0,"turns":5.0},{"damage":2.0,"enemies":"Small Slimes","floor":2.0,"turns":4.0},{"damage":0.0,"enemies":"Cultist","floor":4.0,"turns":4.0},{"damage":18.0,"enemies":"Gremlin Nob","floor":6.0,"turns":4.0},{"damage":26.0,"enemies":"3 Sentries","floor":8.0,"turns":8.0},{"damage":0.0,"enemies":"Looter","floor":10.0,"turns":4.0},{"damage":8.0,"enemies":"Gremlin Nob","floor":12.0,"turns":3.0},{"damage":3.0,"enemies":"Gremlin Gang","floor":14.0,"turns":5.0},{"damage":7.0,"enemies":"The Guardian","floor":16.0,"turns":8.0},{"damage":11.0,"enemies":"2 Thieves","floor":18.0,"turns":4.0},{"damage":13.0,"enemies":"Spheric Guardian","floor":20.0,"turns":5.0},{"damage":2.0,"enemies":"Snecko","floor":22.0,"turns":4.0},{"damage":52,"enemies":"Book of Stabbing","floor":23,"turns":7}],"seed_played":"-467145796349558063","potions_obtained":[{"floor":1.0,"key":"SkillPotion"},{"floor":6.0,"key":"Fire Potion"},{"floor":8.0,"key":"Fruit Juice"}],"is_trial":false,"path_per_floor":["M","M","$","M","?","E","R","E","T","M","R","E","?","M","R","B",null,"M","?","M","$","M","E"],"character_chosen":"THE_SILENT","items_purchased":["Noxious Fumes","Calculated Gamble+1","Apotheosis+1","Footwork"],"campfire_rested":2,"item_purchase_floors":[3,21,21,21],"current_hp_per_floor":[58,56,56,56,56,38,38,12,12,12,33,25,25,24,45,40,63,54,54,43,43,43,0],"gold":61,"neow_bonus":"RANDOM_COLORLESS","is_prod":false,"is_daily":false,"chose_seed":false,"campfire_upgraded":1,"win_rate":0,"timestamp":1549069694,"path_taken":["M","M","$","M","?","E","R","E","T","M","R","E","?","M","R","BOSS","M","?","?","$","M","E"],"build_version":"2019-01-23","purchased_purges":0,"victory":false,"max_hp_per_floor":[70,70,70,70,70,70,70,70,70,70,70,70,70,70,70,70,70,70,70,70,70,70,75],"card_choices":[{"not_picked":["Predator","Endless Agony"],"picked":"Poisoned Stab","floor":1.0},{"not_picked":["PiercingWail","Quick Slash"],"picked":"Deflect","floor":2.0},{"not_picked":["Finisher","Sucker Punch"],"picked":"Noxious Fumes","floor":4.0},{"not_picked":["Sucker Punch","Leg Sweep","Outmaneuver"],"picked":"SKIP","floor":6.0},{"not_picked":["Deflect","Dodge and Roll"],"picked":"Bouncing Flask","floor":8.0},{"not_picked":["Slice","Choke"],"picked":"Backstab","floor":10.0},{"not_picked":["Backflip","Choke"],"picked":"Deflect","floor":12.0},{"not_picked":["Infinite Blades","Prepared+1"],"picked":"Deadly Poison+1","floor":14.0},{"not_picked":["Die Die Die","Doppelganger+1"],"picked":"Bullet Time+1","floor":16.0},{"not_picked":["Endless Agony+1","Well Laid Plans"],"picked":"Deflect+1","floor":18.0},{"not_picked":["Skewer","Riddle With Holes","Quick Slash+1"],"picked":"SKIP","floor":20.0},{"not_picked":["All Out Attack+1","Dash"],"picked":"Footwork","floor":22.0}],"player_experience":301034,"relics_obtained":[{"floor":6.0,"key":"Omamori"},{"floor":8.0,"key":"Darkstone Periapt"},{"floor":9.0,"key":"Mummified Hand"},{"floor":12.0,"key":"Blood Vial"}],"event_choices":[{"damage_healed":0.0,"max_hp_gain":0.0,"max_hp_loss":0.0,"gold_gain":0.0,"event_name":"Liars Game","player_choice":"Ignored","floor":5.0,"gold_loss":0.0,"damage_taken":0.0},{"damage_healed":0.0,"max_hp_gain":0.0,"max_hp_loss":0.0,"gold_gain":0.0,"event_name":"Dead Adventurer","player_choice":"Searched \u00271\u0027 times","floor":13.0,"gold_loss":0.0,"damage_taken":0.0,"relics_obtained":["Toxic Egg 2"]},{"damage_healed":0.0,"max_hp_gain":0.0,"max_hp_loss":0.0,"gold_gain":0.0,"event_name":"FaceTrader","player_choice":"Trade","floor":19.0,"gold_loss":0.0,"damage_taken":0.0,"relics_obtained":["SsserpentHead"]}],"is_beta":false,"boss_relics":[{"not_picked":["Tiny House","Black Star"],"picked":"Coffee Dripper"}],"items_purged_floors":[],"is_endless":false,"potions_floor_spawned":[1,6,8],"killed_by":"Book of Stabbing","ascension_level":6}