{"gold_per_floor":[117,42,58,58,58,58,58,58,130,143,162,25,45,45,45,149,149,149],"floor_reached":18,"playtime":1184,"items_purged":["Defend_B","Defend_B"],"score":150,"play_id":"42985302-7061-4a0e-a7e8-0cd4e437491b","local_time":"20190201185228","is_ascension_mode":false,"campfire_choices":[{"data":"Zap","floor":6,"key":"SMITH"},{"floor":8,"key":"REST"},{"data":"Chaos","floor":15,"key":"SMITH"}],"neow_cost":"PERCENT_DAMAGE","seed_source_timestamp":251960050886401,"circlet_count":0,"master_deck":["Defend_B","Defend_B","Zap+1","Dualcast","Doom and Gloom","Compile Driver+1","Undo","Ball Lightning","Compile Driver","Consume","Chaos+1","Seek"],"relics":["Cracked Core","Ornamental Fan","Kunai","Empty Cage"],"potions_floor_usage":[18,18],"damage_taken":[{"damage":1,"enemies":"2 Louse","floor":1,"turns":2},{"damage":5,"enemies":"Small Slimes","floor":3,"turns":3},{"damage":6,"enemies":"Cultist","floor":10,"turns":3},{"damage":7,"enemies":"Exordium Thugs","floor":11,"turns":3},{"damage":12,"enemies":"2 Fungi Beasts","floor":13,"turns":2},{"damage":27,"enemies":"Hexaghost","floor":16,"turns":9},{"damage":62,"enemies":"Shell Parasite","floor":18,"turns":18}],"seed_played":"1753715067325667825","potions_obtained":[{"floor":10,"key":"FocusPotion"},{"floor":13,"key":"Poison Potion"},{"floor":16,"key":"EssenceOfSteel"}],"is_trial":false,"path_per_floor":["M","$","M","?","?","R","?","R","T","M","M","$","M","T","R","B",null,"M"],"character_chosen":"DEFECT","items_purchased":["Consume"],"campfire_rested":1,"item_purchase_floors":[12],"current_hp_per_floor":[53,53,48,33,33,33,33,55,55,49,42,42,30,30,30,3,75,13],"gold":149,"neow_bonus":"TRANSFORM_TWO_CARDS","is_prod":false,"is_daily":false,"chose_seed":false,"campfire_upgraded":2,"win_rate":0,"timestamp":1549059748,"path_taken":["M","$","M","?","?","R","?","R","T","?","M","$","M","?","R","BOSS","M"],"build_version":"2019-01-23","purchased_purges":2,"victory":false,"max_hp_per_floor":[75,75,75,75,75,75,75,75,75,75,75,75,75,75,75,75,75,75],"card_choices":[{"not_picked":["Barrage","Stack","Scrape"],"picked":"SKIP","floor":1},{"not_picked":["Gash","Hologram"],"picked":"Compile Driver","floor":3},{"not_picked":["Hello World","Go for the Eyes"],"picked":"Ball Lightning","floor":10},{"not_picked":["Hello World","Undo"],"picked":"Compile Driver","floor":11},{"not_picked":["BootSequence","Redo"],"picked":"Chaos","floor":13},{"not_picked":["Rainbow","Thunder Strike"],"picked":"Seek","floor":16}],"player_experience":298736,"relics_obtained":[{"floor":9,"key":"Ornamental Fan"},{"floor":14,"key":"Kunai"}],"event_choices":[{"damage_healed":0,"gold_gain":0,"player_choice":"Entered Light","damage_taken":15,"max_hp_gain":0,"max_hp_loss":0,"event_name":"Shining Light","floor":4,"gold_loss":0,"cards_upgraded":["Strike_B","Compile Driver"]},{"damage_healed":0,"gold_gain":0,"cards_transformed":["Strike_B"],"player_choice":"Change","damage_taken":0,"max_hp_gain":0,"max_hp_loss":0,"event_name":"Living Wall","floor":5,"gold_loss":0,"cards_obtained":["Undo"]},{"damage_healed":0,"gold_gain":0,"player_choice":"Ignored","damage_taken":0,"max_hp_gain":0,"max_hp_loss":0,"event_name":"NoteForYourself","floor":7,"gold_loss":0}],"is_beta":false,"boss_relics":[{"not_picked":["Nuclear Battery","Calling Bell"],"picked":"Empty Cage"}],"items_purged_floors":[2,12],"is_endless":false,"potions_floor_spawned":[10,13,16],"killed_by":"Shell Parasite","ascension_level":0}