{"gold_per_floor":[113,130,110,124,141,141,170,187,213,213],"floor_reached":10,"playtime":318,"items_purged":[],"score":77,"play_id":"5f555029-57ac-4b18-b35e-f66151d62b06","local_time":"20190119211952","is_ascension_mode":true,"campfire_choices":[{"data":"Dualcast","floor":6,"key":"SMITH"}],"neow_cost":"PERCENT_DAMAGE","seed_source_timestamp":264354638348400,"circlet_count":0,"master_deck":["Strike_B","Strike_B","Defend_B","Defend_B","Defend_B","Defend_B","Zap","Dualcast+1","Compile Driver","Doom and Gloom","Coolheaded","Coolheaded","BootSequence","Coolheaded","Redo","Genetic Algorithm"],"relics":["Cracked Core","Orichalcum","Boot"],"potions_floor_usage":[],"damage_taken":[{"damage":8,"enemies":"2 Louse","floor":1,"turns":2},{"damage":0,"enemies":"Cultist","floor":2,"turns":3},{"damage":8,"enemies":"Jaw Worm","floor":4,"turns":4},{"damage":16,"enemies":"Exordium Wildlife","floor":5,"turns":3},{"damage":17,"enemies":"Gremlin Nob","floor":7,"turns":4},{"damage":3,"enemies":"Large Slime","floor":8,"turns":6},{"damage":8,"enemies":"3 Louse","floor":10,"turns":1}],"seed_played":"-3712021933870403233","potions_obtained":[{"floor":3,"key":"Block Potion"},{"floor":5,"key":"Explosive Potion"},{"floor":8,"key":"Poison Potion"}],"is_trial":false,"path_per_floor":["M","M","?","M","M","R","E","M","T","M"],"character_chosen":"DEFECT","items_purchased":[],"campfire_rested":0,"item_purchase_floors":[],"current_hp_per_floor":[46,46,46,38,22,22,5,2,2,0],"gold":213,"neow_bonus":"TRANSFORM_TWO_CARDS","is_prod":false,"is_daily":false,"chose_seed":false,"campfire_upgraded":1,"win_rate":0,"timestamp":1547932792,"path_taken":["M","M","?","M","?","R","E","M","T","?"],"build_version":"2019-01-17v2","purchased_purges":0,"victory":false,"max_hp_per_floor":[75,75,75,75,75,75,75,75,75,75],"card_choices":[{"not_picked":["Turbo","Rebound"],"picked":"Coolheaded","floor":1},{"not_picked":["Biased Cognition","Auto Shields"],"picked":"Coolheaded","floor":2},{"not_picked":["Streamline","Storm"],"picked":"BootSequence","floor":4},{"not_picked":["Steam","Streamline"],"picked":"Coolheaded","floor":5},{"not_picked":["Melter","Chaos"],"picked":"Redo","floor":7},{"not_picked":["Recycle","Redo"],"picked":"Genetic Algorithm","floor":8}],"player_experience":134910,"relics_obtained":[{"floor":7,"key":"Orichalcum"},{"floor":9,"key":"Boot"}],"event_choices":[{"damage_healed":0,"gold_gain":0,"player_choice":"Bought 1 Potion","damage_taken":0,"max_hp_gain":0,"max_hp_loss":0,"event_name":"The Woman in Blue","floor":3,"gold_loss":0}],"is_beta":false,"boss_relics":[],"items_purged_floors":[],"is_endless":false,"potions_floor_spawned":[5,8],"killed_by":"3 Louse","ascension_level":2}