{"gold_per_floor":[359,359,24,41,54,54,79,44,69,36,12,47,67,67,67,187,187,203,216,229,144,144,144,160,160,160,179,217,217,238,282,282,405,405,428,201,216,216,236,280,280,380,380,399,422,446,469,117,117,117,117,117,14,58,58],"floor_reached":55,"playtime":3152,"items_purged":["Defend_B"],"score":799,"play_id":"c3c6c5ad-75a8-48cb-8f3d-1f9333150e39","local_time":"20190202065857","is_ascension_mode":false,"campfire_choices":[{"data":"Zap","floor":6,"key":"SMITH"},{"floor":15,"key":"REST"},{"data":"Buffer","floor":23,"key":"SMITH"},{"floor":32,"key":"REST"},{"floor":49,"key":"RECALL"},{"floor":52,"key":"REST"}],"neow_cost":"PERCENT_DAMAGE","seed_source_timestamp":5253805423645,"circlet_count":0,"master_deck":["Zap+1","Dualcast","Defragment","Leap","Conserve Battery","Self Repair","Electrodynamics","Core Surge","Rainbow","Conserve Battery","Buffer+1","Heatsinks","Lockon","Leap","Coolheaded","Coolheaded","Capacitor+1","Biased Cognition","Double Energy","Glacier","Master of Strategy","Blizzard","Barrage+1","Consume","Blizzard","Force Field","Capacitor","PanicButton"],"relics":["Cracked Core","ClockworkSouvenir","Oddly Smooth Stone","Anchor","Lantern","Golden Idol","Pandora\u0027s Box","Symbiotic Virus","The Courier","FossilizedHelix","Dream Catcher","Fusion Hammer","Art of War","Ornamental Fan","Ice Cream","Bag of Marbles","Bronze Scales"],"potions_floor_usage":[12,16,31,31,45,54,55,55],"damage_taken":[{"damage":6,"enemies":"Jaw Worm","floor":1,"turns":3},{"damage":7,"enemies":"Small Slimes","floor":4,"turns":4},{"damage":1,"enemies":"2 Louse","floor":5,"turns":2},{"damage":26,"enemies":"Lagavulin","floor":7,"turns":7},{"damage":4,"enemies":"3 Sentries","floor":12,"turns":6},{"damage":1,"enemies":"Large Slime","floor":13,"turns":5},{"damage":24,"enemies":"Slime Boss","floor":16,"turns":7},{"damage":25,"enemies":"Shell Parasite","floor":18,"turns":5},{"damage":0,"enemies":"2 Thieves","floor":19,"turns":4},{"damage":0,"enemies":"Centurion and Healer","floor":20,"turns":9},{"damage":7,"enemies":"Shelled Parasite and Fungi","floor":24,"turns":9},{"damage":10,"enemies":"Snecko","floor":27,"turns":4},{"damage":41,"enemies":"Slavers","floor":28,"turns":4},{"damage":15,"enemies":"Snake Plant","floor":30,"turns":5},{"damage":12,"enemies":"Gremlin Leader","floor":31,"turns":8},{"damage":31,"enemies":"Collector","floor":33,"turns":14},{"damage":0,"enemies":"Orb Walker","floor":35,"turns":4},{"damage":16,"enemies":"3 Darklings","floor":37,"turns":4},{"damage":0,"enemies":"4 Shapes","floor":39,"turns":5},{"damage":0,"enemies":"Nemesis","floor":40,"turns":5},{"damage":0,"enemies":"Maw","floor":44,"turns":8},{"damage":0,"enemies":"3 Darklings","floor":45,"turns":4},{"damage":0,"enemies":"Spire Growth","floor":46,"turns":6},{"damage":0,"enemies":"Transient","floor":47,"turns":5},{"damage":0,"enemies":"Time Eater","floor":50,"turns":17},{"damage":14,"enemies":"Shield and Spear","floor":54,"turns":6},{"damage":73,"enemies":"The Heart","floor":55,"turns":5}],"seed_played":"-500313365926676735","potions_obtained":[{"floor":5,"key":"Explosive Potion"},{"floor":12,"key":"PowerPotion"},{"floor":16,"key":"Energy Potion"},{"floor":18,"key":"Weak Potion"},{"floor":20,"key":"SteroidPotion"},{"floor":33,"key":"Energy Potion"},{"floor":37,"key":"SkillPotion"},{"floor":45,"key":"Weak Potion"},{"floor":47,"key":"Dexterity Potion"}],"is_trial":false,"path_per_floor":["M","?","$","M","M","R","E","?","T","$","?","E","M","?","R","B",null,"M","M","M","?","$","R","M","?","T","M","E","T","M","E","R","B",null,"M","$","M","?","M","E","?","?","T","M","M","M","M","$","R","B",null,"R","$","E","B"],"character_chosen":"DEFECT","items_purchased":["ClockworkSouvenir","Leap","Self Repair","Glacier","Master of Strategy","Blizzard","Ice Cream","Bag of Marbles","Capacitor","PanicButton"],"campfire_rested":3,"item_purchase_floors":[3,3,10,36,36,36,48,48,53,53],"current_hp_per_floor":[48,53,53,46,45,45,19,39,39,39,39,42,48,48,70,53,74,56,63,70,70,70,70,70,70,70,67,33,33,25,20,42,18,74,74,74,65,65,72,74,74,74,74,74,74,74,74,74,74,74,74,74,74,67,0],"gold":58,"neow_bonus":"TWO_FIFTY_GOLD","is_prod":false,"is_daily":false,"chose_seed":false,"campfire_upgraded":2,"win_rate":0,"timestamp":1549083537,"path_taken":["M","?","$","M","M","R","E","?","T","$","?","E","M","?","R","BOSS","M","M","M","?","$","R","M","?","T","M","E","?","M","E","R","BOSS","M","$","M","?","M","E","?","?","T","M","M","M","M","$","R","BOSS","R","$","E","BOSS"],"build_version":"2019-01-23","purchased_purges":1,"victory":false,"max_hp_per_floor":[75,80,80,80,80,80,80,80,80,80,80,80,80,74,74,74,74,74,74,74,74,74,74,74,74,74,74,74,74,74,74,74,74,74,74,74,74,74,74,74,74,74,74,74,74,74,74,74,74,74,74,74,74,74,74],"card_choices":[{"not_picked":["Barrage","Glacier"],"picked":"Defragment","floor":1},{"not_picked":["Ball Lightning","Compile Driver","Go for the Eyes"],"picked":"SKIP","floor":4},{"not_picked":["Beam Cell","Skim","Rebound"],"picked":"SKIP","floor":5},{"not_picked":["Steam","Tempest"],"picked":"Conserve Battery","floor":7},{"not_picked":["Redo","FTL","Turbo"],"picked":"SKIP","floor":12},{"not_picked":["Auto Shields","Cold Snap"],"picked":"Electrodynamics","floor":13},{"not_picked":["All For One","Multi-Cast"],"picked":"Core Surge","floor":16},{"not_picked":["Hologram+1","Fusion"],"picked":"Coolheaded","floor":18},{"not_picked":["Streamline","White Noise","Gash+1"],"picked":"SKIP","floor":19},{"not_picked":["Conserve Battery","Reprogram"],"picked":"Coolheaded","floor":20},{"not_picked":["Darkness","Undo","Chaos"],"picked":"SKIP","floor":24},{"not_picked":["Darkness+1","Machine Learning"],"picked":"Capacitor+1","floor":27},{"not_picked":["Compile Driver","Redo","Steam"],"picked":"SKIP","floor":28},{"not_picked":["Redo","Recycle","Chaos"],"picked":"SKIP","floor":30},{"not_picked":["Gash","Heatsinks","Steam"],"picked":"SKIP","floor":31},{"not_picked":["Hyperbeam","Rainbow"],"picked":"Biased Cognition","floor":33},{"not_picked":["Hello World+1","Darkness"],"picked":"Double Energy","floor":35},{"not_picked":["Storm","Rebound"],"picked":"Defragment+1","floor":37},{"not_picked":["Compile Driver","Rebound+1"],"picked":"Barrage+1","floor":39},{"not_picked":["Storm+1","Rebound"],"picked":"Consume","floor":40},{"not_picked":["Stack+1","Hologram+1","Go for the Eyes+1"],"picked":"SKIP","floor":44},{"not_picked":["Meteor Strike","Sweeping Beam","Beam Cell"],"picked":"SKIP","floor":45},{"not_picked":["Hologram","Sweeping Beam+1"],"picked":"Blizzard","floor":46},{"not_picked":["Conserve Battery+1","Go for the Eyes+1"],"picked":"Force Field","floor":47},{"not_picked":["Consume","Ball Lightning+1","Rebound+1"],"picked":"SKIP","floor":54}],"player_experience":218472,"relics_obtained":[{"floor":7,"key":"Oddly Smooth Stone"},{"floor":9,"key":"Anchor"},{"floor":12,"key":"Lantern"},{"floor":26,"key":"The Courier"},{"floor":28,"key":"FossilizedHelix"},{"floor":31,"key":"Dream Catcher"},{"floor":40,"key":"Art of War"},{"floor":43,"key":"Ornamental Fan"},{"floor":54,"key":"Bronze Scales"}],"event_choices":[{"damage_healed":0,"gold_gain":0,"player_choice":"Donut","damage_taken":0,"max_hp_gain":5,"max_hp_loss":0,"event_name":"Big Fish","floor":2,"gold_loss":0},{"damage_healed":20,"gold_gain":0,"player_choice":"Healed","damage_taken":0,"max_hp_gain":0,"max_hp_loss":0,"event_name":"The Cleric","floor":8,"gold_loss":35},{"damage_healed":0,"gold_gain":0,"player_choice":"Left Gold","damage_taken":0,"max_hp_gain":0,"max_hp_loss":0,"event_name":"World of Goop","floor":11,"gold_loss":24},{"damage_healed":0,"gold_gain":0,"player_choice":"Lose Max HP","damage_taken":0,"relics_obtained":["Golden Idol"],"max_hp_gain":0,"max_hp_loss":6,"event_name":"Golden Idol","floor":14,"gold_loss":0},{"damage_healed":0,"gold_gain":0,"player_choice":"Obtained Relic","damage_taken":0,"relics_obtained":["Symbiotic Virus"],"max_hp_gain":0,"max_hp_loss":0,"event_name":"Addict","floor":21,"gold_loss":85},{"cards_removed":["Static Discharge"],"damage_healed":0,"gold_gain":0,"player_choice":"Elegance","damage_taken":0,"max_hp_gain":0,"max_hp_loss":0,"event_name":"Back to Basics","floor":25,"gold_loss":0},{"cards_removed":["Defragment"],"damage_healed":0,"gold_gain":0,"player_choice":"Removed Power","damage_taken":0,"max_hp_gain":0,"max_hp_loss":0,"event_name":"Falling","floor":38,"gold_loss":0},{"damage_healed":0,"gold_gain":0,"player_choice":"Ignored","damage_taken":0,"max_hp_gain":0,"max_hp_loss":0,"event_name":"Mysterious Sphere","floor":41,"gold_loss":0},{"damage_healed":0,"gold_gain":100,"player_choice":"Pray","damage_taken":0,"max_hp_gain":0,"max_hp_loss":0,"event_name":"Golden Shrine","floor":42,"gold_loss":0}],"is_beta":false,"boss_relics":[{"not_picked":["Tiny House","Astrolabe"],"picked":"Pandora\u0027s Box"},{"not_picked":["Lizard Tail","FrozenCore"],"picked":"Fusion Hammer"}],"items_purged_floors":[3],"is_endless":false,"potions_floor_spawned":[5,12,16,18,20,30,33,37,45,47],"killed_by":"The Heart","ascension_level":0}