{"gold_per_floor":[118,133,133,146,221,246,246,275,322,322,354,354,354,365,365,461,461,448,466,482,291,306,306,306,316,316,316,335,353,8,23,23,23],"floor_reached":33,"playtime":981,"items_purged":["Defend_R","Strike_R"],"score":269,"play_id":"82a972c8-d6f6-45a8-999d-10e5d744dfa3","local_time":"20190120221442","is_ascension_mode":false,"campfire_choices":[{"floor":7,"key":"REST"},{"data":"Rampage","floor":10,"key":"SMITH"},{"data":"Cleave","floor":12,"key":"SMITH"},{"data":"Metallicize","floor":15,"key":"SMITH"},{"floor":24,"key":"REST"},{"floor":32,"key":"REST"}],"neow_cost":"NONE","seed_source_timestamp":102182593873938,"circlet_count":0,"master_deck":["Strike_R","Strike_R","Strike_R","Strike_R","Defend_R","Defend_R","Defend_R","Shrug It Off","Cleave+1","Rampage+1","Inflame+1","Metallicize+1","Limit Break","Metallicize","Pummel"],"relics":["Burning Blood","NeowsBlessing","Sundial","Bag of Marbles","Dream Catcher","Oddly Smooth Stone","Orrery","Tiny Chest","Ornamental Fan","Shuriken","Dodecahedron","Toy Ornithopter"],"potions_floor_usage":[25,28,31,31,33],"damage_taken":[{"damage":0,"enemies":"Jaw Worm","floor":1,"turns":1},{"damage":0,"enemies":"Cultist","floor":2,"turns":1},{"damage":0,"enemies":"Small Slimes","floor":4,"turns":1},{"damage":18,"enemies":"3 Sentries","floor":6,"turns":8},{"damage":35,"enemies":"Lagavulin","floor":8,"turns":9},{"damage":16,"enemies":"Gremlin Nob","floor":11,"turns":4},{"damage":0,"enemies":"3 Louse","floor":14,"turns":3},{"damage":20,"enemies":"Hexaghost","floor":16,"turns":11},{"damage":20,"enemies":"2 Thieves","floor":18,"turns":4},{"damage":7,"enemies":"Chosen","floor":19,"turns":4},{"damage":27,"enemies":"Sentry and Sphere","floor":20,"turns":8},{"damage":34,"enemies":"Cultist and Chosen","floor":22,"turns":6},{"damage":20,"enemies":"Centurion and Healer","floor":25,"turns":7},{"damage":22,"enemies":"Chosen and Byrds","floor":28,"turns":5},{"damage":20,"enemies":"Cultist and Chosen","floor":29,"turns":7},{"damage":15,"enemies":"Centurion and Healer","floor":31,"turns":4},{"damage":0,"enemies":"Collector","floor":33,"turns":2}],"seed_played":"-3347699022940359122","potions_obtained":[{"floor":4,"key":"LiquidBronze"},{"floor":11,"key":"SneckoOil"},{"floor":14,"key":"Regen Potion"},{"floor":16,"key":"SkillPotion"},{"floor":28,"key":"PowerPotion"},{"floor":31,"key":"SkillPotion"}],"is_trial":false,"path_per_floor":["M","M","?","M","?","E","R","E","T","R","E","R","?","M","R","B",null,"M","M","M","$","M","T","R","M","T","T","M","M","$","M","R","B"],"character_chosen":"IRONCLAD","items_purchased":["Tiny Chest","Toy Ornithopter","Explosive Potion"],"campfire_rested":3,"item_purchase_floors":[21,30,30],"current_hp_per_floor":[80,80,80,80,69,57,80,51,51,51,41,41,41,47,47,33,80,66,65,44,44,16,16,40,40,40,40,24,10,10,11,35,40],"gold":23,"neow_bonus":"THREE_ENEMY_KILL","is_prod":false,"is_daily":false,"chose_seed":false,"campfire_upgraded":3,"win_rate":0,"timestamp":1548035082,"path_taken":["M","M","?","?","?","E","R","E","T","R","E","R","?","M","R","BOSS","M","M","M","$","M","?","R","?","T","?","?","M","$","M","R","BOSS"],"build_version":"2019-01-17v2","purchased_purges":2,"victory":false,"max_hp_per_floor":[80,80,80,80,80,80,80,80,80,80,80,80,80,80,80,80,80,80,80,80,80,80,80,80,80,80,80,80,80,80,80,80,80],"card_choices":[{"not_picked":["Flex","Warcry","Iron Wave"],"picked":"SKIP","floor":1},{"not_picked":["Wild Strike","Body Slam"],"picked":"Shrug It Off","floor":2},{"not_picked":["True Grit","Sword Boomerang"],"picked":"Cleave","floor":4},{"not_picked":["Armaments","Rupture"],"picked":"Rampage","floor":6},{"not_picked":["Exhume","Body Slam"],"picked":"Inflame","floor":8},{"not_picked":["Burning Pact","Armaments","Pommel Strike"],"picked":"SKIP","floor":11},{"not_picked":["Second Wind","Heavy Blade"],"picked":"Metallicize","floor":14},{"not_picked":["Feed","Demon Form"],"picked":"Limit Break","floor":16},{"not_picked":["Carnage","Perfected Strike"],"picked":"Metallicize","floor":17},{"not_picked":["Iron Wave","Exhume","Flex"],"picked":"SKIP","floor":18},{"not_picked":["Cleave","Wild Strike","Uppercut"],"picked":"SKIP","floor":19},{"not_picked":["Corruption","Wild Strike","Thunderclap"],"picked":"SKIP","floor":20},{"not_picked":["Pommel Strike","Second Wind","Clothesline"],"picked":"SKIP","floor":22},{"not_picked":["Perfected Strike","Pommel Strike","Cleave"],"picked":"SKIP","floor":25},{"not_picked":["Hemokinesis","Carnage+1"],"picked":"Pummel","floor":28},{"not_picked":["Sentinel","Intimidate","Havoc"],"picked":"SKIP","floor":29},{"not_picked":["Hemokinesis+1","Ghostly Armor","Combust"],"picked":"SKIP","floor":31}],"player_experience":206151,"relics_obtained":[{"floor":6,"key":"Sundial"},{"floor":8,"key":"Bag of Marbles"},{"floor":9,"key":"Dream Catcher"},{"floor":11,"key":"Oddly Smooth Stone"},{"floor":23,"key":"Ornamental Fan"},{"floor":26,"key":"Shuriken"},{"floor":27,"key":"Dodecahedron"}],"event_choices":[{"cards_removed":["Bash"],"damage_healed":0,"gold_gain":0,"player_choice":"Offered Basic","damage_taken":0,"max_hp_gain":0,"max_hp_loss":0,"event_name":"Bonfire Elementals","floor":3,"gold_loss":0},{"damage_healed":0,"gold_gain":75,"player_choice":"Gather Gold","damage_taken":11,"max_hp_gain":0,"max_hp_loss":0,"event_name":"World of Goop","floor":5,"gold_loss":0},{"damage_healed":0,"gold_gain":0,"player_choice":"Upgraded","damage_taken":0,"max_hp_gain":0,"max_hp_loss":0,"event_name":"Upgrade Shrine","floor":13,"gold_loss":0,"cards_upgraded":["Inflame"]}],"is_beta":false,"boss_relics":[{"not_picked":["Fusion Hammer","White Beast Statue"],"picked":"Orrery"}],"items_purged_floors":[21,30],"is_endless":false,"potions_floor_spawned":[4,11,14,16,18,22,28,31],"killed_by":"Collector","ascension_level":0}