{"gold_per_floor":[119,119,129,54,54,88,88,98,174,194,269,281,231,245,245,340,340,357,257,257,182,196,196],"floor_reached":23,"playtime":807,"items_purged":["Strike_R","Doubt"],"score":191,"play_id":"d50f1a9d-9e13-418a-859e-eecdd7b3f1e9","local_time":"20190120212921","is_ascension_mode":false,"campfire_choices":[{"floor":7,"key":"REST"},{"data":"Rampage","floor":15,"key":"SMITH"}],"neow_cost":"PERCENT_DAMAGE","seed_source_timestamp":99634176266201,"circlet_count":0,"master_deck":["Strike_R+1","Defend_R","Defend_R","Bash","Twin Strike","Metallicize","Shrug It Off","Rampage+1","Feed","Pommel Strike+1"],"relics":["Burning Blood","Omamori","Bottled Lightning","Calling Bell","Potion Belt","Pantograph","Torii","Enchiridion"],"potions_floor_usage":[23,23,23,23,23],"damage_taken":[{"damage":13,"enemies":"Small Slimes","floor":1,"turns":5},{"damage":1,"enemies":"2 Louse","floor":3,"turns":2},{"damage":30,"enemies":"3 Sentries","floor":6,"turns":8},{"damage":0,"enemies":"Jaw Worm","floor":8,"turns":4},{"damage":7,"enemies":"Exordium Wildlife","floor":10,"turns":5},{"damage":2,"enemies":"Looter","floor":12,"turns":4},{"damage":1,"enemies":"Exordium Thugs","floor":14,"turns":5},{"damage":16,"enemies":"The Guardian","floor":16,"turns":9},{"damage":6,"enemies":"3 Byrds","floor":18,"turns":7},{"damage":26,"enemies":"2 Thieves","floor":22,"turns":5},{"damage":48,"enemies":"Book of Stabbing","floor":23,"turns":7}],"seed_played":"-105473843786275973","potions_obtained":[{"floor":6,"key":"FearPotion"},{"floor":10,"key":"SkillPotion"},{"floor":12,"key":"Poison Potion"},{"floor":18,"key":"GamblersBrew"},{"floor":22,"key":"Dexterity Potion"}],"is_trial":false,"path_per_floor":["M","?","M","$","?","E","R","M","T","M","?","M","?","M","R","B",null,"M","$","?","?","M","E"],"character_chosen":"IRONCLAD","items_purchased":[],"campfire_rested":1,"item_purchase_floors":[],"current_hp_per_floor":[49,49,54,54,38,14,38,44,44,43,32,36,36,41,41,31,80,80,80,64,64,47,0],"gold":196,"neow_bonus":"REMOVE_TWO","is_prod":false,"is_daily":false,"chose_seed":false,"campfire_upgraded":1,"win_rate":0,"timestamp":1548032361,"path_taken":["M","?","M","$","?","E","R","M","T","M","?","M","?","M","R","BOSS","M","$","?","?","M","E"],"build_version":"2019-01-17v2","purchased_purges":2,"victory":false,"max_hp_per_floor":[80,80,80,80,80,80,80,80,80,80,80,80,80,80,80,80,80,80,80,80,80,83,83],"card_choices":[{"not_picked":["Dual Wield","Cleave"],"picked":"Twin Strike","floor":1},{"not_picked":["Flame Barrier","Havoc"],"picked":"Metallicize","floor":3},{"not_picked":["Armaments","Havoc"],"picked":"Shrug It Off","floor":6},{"not_picked":["Heavy Blade","Dark Embrace","Sentinel"],"picked":"SKIP","floor":8},{"not_picked":["Iron Wave","Uppercut"],"picked":"Rampage","floor":10},{"not_picked":["Wild Strike","Perfected Strike","Shockwave"],"picked":"SKIP","floor":12},{"not_picked":["Havoc","Cleave","Blood for Blood"],"picked":"SKIP","floor":14},{"not_picked":["Immolate","Fiend Fire"],"picked":"Feed","floor":16},{"not_picked":["Flex","Dropkick","Pummel"],"picked":"SKIP","floor":18},{"not_picked":["Flex+1","Havoc"],"picked":"Pommel Strike+1","floor":22}],"player_experience":203633,"relics_obtained":[{"floor":6,"key":"Omamori"},{"floor":9,"key":"Bottled Lightning"},{"floor":17,"key":"Potion Belt"},{"floor":17,"key":"Pantograph"},{"floor":17,"key":"Torii"},{"floor":20,"key":"Enchiridion"}],"event_choices":[{"cards_removed":["Defend_R"],"damage_healed":0,"gold_gain":0,"player_choice":"Forget","damage_taken":0,"max_hp_gain":0,"max_hp_loss":0,"event_name":"Living Wall","floor":2,"gold_loss":0},{"damage_healed":0,"gold_gain":0,"player_choice":"Entered Light","damage_taken":16,"max_hp_gain":0,"max_hp_loss":0,"event_name":"Shining Light","floor":5,"gold_loss":0,"cards_upgraded":["Strike_R","Strike_R"]},{"damage_healed":0,"gold_gain":75,"player_choice":"Gather Gold","damage_taken":11,"max_hp_gain":0,"max_hp_loss":0,"event_name":"World of Goop","floor":11,"gold_loss":0},{"cards_removed":["Defend_R"],"damage_healed":0,"gold_gain":0,"player_choice":"Card Removal","damage_taken":0,"max_hp_gain":0,"max_hp_loss":0,"event_name":"The Cleric","floor":13,"gold_loss":50},{"damage_healed":0,"gold_gain":0,"player_choice":"Obtained Book","damage_taken":16,"max_hp_gain":0,"max_hp_loss":0,"event_name":"Cursed Tome","floor":20,"gold_loss":0},{"cards_removed":["Strike_R"],"damage_healed":0,"gold_gain":0,"player_choice":"Gave Gold","damage_taken":0,"max_hp_gain":0,"max_hp_loss":0,"event_name":"Beggar","floor":21,"gold_loss":75}],"is_beta":false,"boss_relics":[{"not_picked":["Runic Dome","Sozu"],"picked":"Calling Bell"}],"items_purged_floors":[4,19],"is_endless":false,"potions_floor_spawned":[6,10,12,16,18,22],"killed_by":"Book of Stabbing","ascension_level":0}