{"gold_per_floor":[112,187,187,201,74,106,106,140,140,140,140,155,155,171,171,171],"floor_reached":16,"playtime":540,"items_purged":["Regret"],"score":108,"play_id":"2536f5bf-aec7-49f6-8998-ed1feb050b42","local_time":"20180624205116","is_ascension_mode":false,"campfire_choices":[{"data":"Flex","floor":7.0,"key":"SMITH"},{"floor":11.0,"key":"REST"},{"floor":15.0,"key":"REST"}],"neow_cost":"","seed_source_timestamp":0,"circlet_count":0,"master_deck":["Strike_R","Strike_R","Strike_R","Strike_R","Strike_R","Defend_R","Defend_R","Defend_R","Defend_R","Bash","Thunderclap","Thunderclap","Flex+1","Shrug It Off","Flex","Whirlwind","Armaments"],"special_seed":0,"relics":["Burning Blood","Kunai","Calipers","Pear","Bottled Lightning"],"potions_floor_usage":[],"damage_taken":[{"damage":11.0,"enemies":"Jaw Worm","floor":1.0,"turns":2.0},{"damage":4.0,"enemies":"Small Slimes","floor":4.0,"turns":4.0},{"damage":35.0,"enemies":"3 Sentries","floor":6.0,"turns":8.0},{"damage":36.0,"enemies":"Lagavulin","floor":8.0,"turns":8.0},{"damage":0.0,"enemies":"2 Louse","floor":12.0,"turns":2.0},{"damage":10.0,"enemies":"Looter","floor":14.0,"turns":3.0},{"damage":0,"enemies":"The Guardian","floor":16,"turns":1}],"seed_played":"-3068113177822595175","potions_obtained":[{"floor":1.0,"key":"Swift Potion"},{"floor":6.0,"key":"Swift Potion"},{"floor":12.0,"key":"EntropicBrew"},{"floor":14.0,"key":"Fire Potion"}],"is_trial":false,"path_per_floor":["M","?","?","M","$","E","R","E","T","$","R","M","?","M","R"],"character_chosen":"IRONCLAD","items_purchased":["Flex"],"campfire_rested":2,"item_purchase_floors":[],"current_hp_per_floor":[75,64,64,66,66,37,37,17,17,17,44,50,50,46,73,73],"gold":171,"neow_bonus":"","is_prod":false,"is_daily":false,"chose_seed":false,"campfire_upgraded":1,"win_rate":0,"timestamp":1529866276,"path_taken":["M","?","?","M","?","E","R","E","T","$","R","M","?","?","R","BOSS"],"build_version":"2018-06-21v2","purchased_purges":1,"victory":false,"max_hp_per_floor":[80,80,80,80,80,80,80,90,90,90,90,90,90,90,90,90],"card_choices":[{"not_picked":["Intimidate","Wild Strike"],"picked":"Thunderclap","floor":1.0},{"not_picked":["Entrench","Heavy Blade"],"picked":"Thunderclap","floor":4.0},{"not_picked":["Headbutt","Body Slam"],"picked":"Shrug It Off","floor":6.0},{"not_picked":["Hemokinesis","Shrug It Off"],"picked":"Flex","floor":8.0},{"not_picked":["Wild Strike","Feed"],"picked":"Whirlwind","floor":12.0},{"not_picked":["Headbutt","Wild Strike"],"picked":"Armaments","floor":14.0}],"player_experience":51641,"relics_obtained":[{"floor":6.0,"key":"Calipers"},{"floor":8.0,"key":"Pear"},{"floor":9.0,"key":"Bottled Lightning"}],"event_choices":[{"event_name":"World of Goop","player_choice":"Gather Gold","floor":2.0,"damage_taken":0.0},{"event_name":"Big Fish","player_choice":"Box","floor":3.0,"damage_taken":0.0},{"event_name":"Golden Wing","player_choice":"Ignored","floor":13.0,"damage_taken":0.0}],"boss_relics":[],"items_purged_floors":[],"is_endless":false,"potions_floor_spawned":[1,6,12,14],"killed_by":"The Guardian","ascension_level":0}