{"gold_per_floor":[109,109,109,128,147,147,1,15,15,15,45,45,56,87,87,186,186,197,217,142,153,153,153,153,153,153,68,87,103,120,153,153,258,258,271,73,73,90,50,50,80,95,95,124,134,134,146,157,157,157],"floor_reached":51,"playtime":4328,"items_purged":["Regret"],"score":839,"play_id":"448cbb29-2092-4ee5-b42f-7431c3fdbb77","local_time":"20181112234454","is_ascension_mode":false,"campfire_choices":[{"data":"Poisoned Stab","floor":6,"key":"SMITH"},{"data":"Dash","floor":10,"key":"SMITH"},{"data":"Strike_G","floor":15,"key":"PURGE"},{"data":"Doubt","floor":23,"key":"PURGE"},{"data":"Bouncing Flask","floor":25,"key":"SMITH"},{"data":"Bouncing Flask","floor":32,"key":"SMITH"},{"data":"Neutralize","floor":40,"key":"SMITH"},{"floor":46,"key":"REST"},{"floor":49,"key":"REST"}],"neow_cost":"NONE","seed_source_timestamp":460786186572962,"circlet_count":0,"master_deck":["Defend_G","Defend_G","Defend_G","Defend_G","Defend_G","Strike_G","Strike_G+1","Strike_G","Survivor","Neutralize+1","Poisoned Stab+1","Sucker Punch","Deadly Poison+1","Bouncing Flask+1","Dash+1","Bouncing Flask+1","Escape Plan","Corpse Explosion","Dodge and Roll","Bane+1","Burst+1","Deadly Poison+1","Outmaneuver+1","Quick Slash","Caltrops+1","Tools of the Trade+1","Footwork+1","Backflip+1","Poisoned Stab+1","Deadly Poison","Caltrops+1","Blur+1","Parasite"],"relics":["Ring of the Snake","Peace Pipe","FaceOfCleric","Ginger","Mummified Hand","Anchor","Calling Bell","PreservedInsect","Frozen Egg 2","Incense Burner","Gremlin Horn","Strawberry","Darkstone Periapt","Empty Cage","War Paint","Snake Skull","Bottled Tornado","Bag of Marbles"],"potions_floor_usage":[16,18,21,29,31,42,50],"damage_taken":[{"damage":4,"enemies":"Jaw Worm","floor":1,"turns":7},{"damage":2,"enemies":"Cultist","floor":4,"turns":4},{"damage":0,"enemies":"Small Slimes","floor":5,"turns":4},{"damage":2,"enemies":"Blue Slaver","floor":8,"turns":4},{"damage":0,"enemies":"Gremlin Nob","floor":11,"turns":3},{"damage":1,"enemies":"3 Louse","floor":13,"turns":4},{"damage":8,"enemies":"Lagavulin","floor":14,"turns":6},{"damage":13,"enemies":"Slime Boss","floor":16,"turns":10},{"damage":13,"enemies":"Spheric Guardian","floor":18,"turns":5},{"damage":0,"enemies":"Chosen","floor":19,"turns":4},{"damage":0,"enemies":"Shelled Parasite and Fungi","floor":21,"turns":4},{"damage":2,"enemies":"Snake Plant","floor":28,"turns":4},{"damage":6,"enemies":"Cultist and Chosen","floor":29,"turns":3},{"damage":13,"enemies":"3 Cultists","floor":30,"turns":4},{"damage":0,"enemies":"Gremlin Leader","floor":31,"turns":4},{"damage":63,"enemies":"Automaton","floor":33,"turns":8},{"damage":8,"enemies":"Orb Walker","floor":35,"turns":4},{"damage":2,"enemies":"3 Shapes","floor":38,"turns":4},{"damage":0,"enemies":"Nemesis","floor":41,"turns":7},{"damage":20,"enemies":"Maw","floor":42,"turns":5},{"damage":22,"enemies":"Giant Head","floor":44,"turns":6},{"damage":9,"enemies":"3 Darklings","floor":45,"turns":4},{"damage":6,"enemies":"4 Shapes","floor":47,"turns":2},{"damage":0,"enemies":"Writhing Mass","floor":48,"turns":4},{"damage":43,"enemies":"Donu and Deca","floor":50,"turns":5}],"seed_played":"-5452931913211850347","potions_obtained":[{"floor":5,"key":"EssenceOfSteel"},{"floor":13,"key":"SteroidPotion"},{"floor":14,"key":"Energy Potion"},{"floor":18,"key":"Explosive Potion"},{"floor":29,"key":"FairyPotion"},{"floor":30,"key":"SneckoOil"},{"floor":33,"key":"Dexterity Potion"},{"floor":41,"key":"LiquidBronze"},{"floor":45,"key":"SteroidPotion"}],"is_trial":false,"path_per_floor":["M","?","?","M","M","R","$","M","T","R","E","$","M","E","R","B",null,"M","M","?","M","?","R","?","R","T","?","M","M","M","E","R","B",null,"M","$","?","M","?","R","E","M","T","E","M","R","M","M","R","B",null],"character_chosen":"THE_SILENT","items_purchased":["Bouncing Flask","Backflip","War Paint"],"campfire_rested":2,"item_purchase_floors":[7,36,36],"current_hp_per_floor":[73,73,73,72,73,73,73,72,72,72,73,73,73,66,66,54,84,72,73,73,74,74,74,74,74,74,81,80,75,63,64,64,2,99,92,92,92,91,91,91,92,73,73,52,44,75,70,77,110,68],"gold":157,"neow_bonus":"TEN_PERCENT_HP_BONUS","is_prod":false,"is_daily":false,"chose_seed":false,"campfire_upgraded":5,"win_rate":0.0,"timestamp":1542095094,"path_taken":["M","?","?","?","M","R","$","M","T","R","E","$","?","E","R","BOSS","M","M","?","M","?","R","?","R","T","?","?","M","M","E","R","BOSS","M","$","?","M","?","R","E","?","T","E","M","R","M","M","R","BOSS"],"build_version":"2018-11-08","purchased_purges":1,"victory":true,"max_hp_per_floor":[77,77,77,78,79,79,79,80,80,80,81,81,82,83,83,84,84,85,86,86,87,87,87,87,87,87,94,95,96,97,98,98,99,99,100,100,100,101,101,101,102,103,103,104,105,105,106,113,113,114],"card_choices":[{"not_picked":["Outmaneuver","Finisher"],"picked":"Poisoned Stab","floor":1},{"not_picked":["Skewer","Prepared"],"picked":"Sucker Punch","floor":4},{"not_picked":["Eviscerate","Deflect"],"picked":"Deadly Poison","floor":5},{"not_picked":["Outmaneuver","Backstab"],"picked":"Dash","floor":8},{"not_picked":["Dagger Throw","Phantasmal Killer"],"picked":"Bouncing Flask","floor":11},{"not_picked":["Masterful Stab","Sucker Punch"],"picked":"Escape Plan","floor":13},{"not_picked":["Underhanded Strike","Dagger Throw","Reflex"],"picked":"SKIP","floor":14},{"not_picked":["Envenom","Night Terror"],"picked":"Corpse Explosion","floor":16},{"not_picked":["Finisher+1","Choke"],"picked":"Dodge and Roll","floor":18},{"not_picked":["Bouncing Flask","Backstab"],"picked":"PiercingWail","floor":19},{"not_picked":["Flying Knee+1","Quick Slash+1"],"picked":"Bane+1","floor":21},{"not_picked":["Blade Dance","Poisoned Stab"],"picked":"Deadly Poison+1","floor":28},{"not_picked":["Acrobatics","Deflect"],"picked":"Outmaneuver+1","floor":29},{"not_picked":["Deflect","Doppelganger"],"picked":"Quick Slash","floor":30},{"not_picked":["Backstab+1","Flying Knee"],"picked":"Caltrops+1","floor":31},{"not_picked":["Bullet Time","Doppelganger"],"picked":"Tools of the Trade+1","floor":33},{"not_picked":["Poisoned Stab","Terror+1"],"picked":"Footwork+1","floor":35},{"not_picked":["Deadly Poison","Slice+1"],"picked":"Poisoned Stab+1","floor":38},{"not_picked":["Escape Plan","Blade Dance+1"],"picked":"Deadly Poison","floor":41},{"not_picked":["Dodge and Roll+1","Skewer+1"],"picked":"Caltrops+1","floor":42},{"not_picked":["Dagger Spray+1","Prepared","Slice+1"],"picked":"SKIP","floor":44},{"not_picked":["Deflect","Quick Slash"],"picked":"Blur+1","floor":45},{"not_picked":["Quick Slash","Prepared+1","Malaise"],"picked":"SKIP","floor":47},{"not_picked":["Dagger Spray+1","Deflect+1","All Out Attack+1"],"picked":"SKIP","floor":48}],"player_experience":27479,"relics_obtained":[{"floor":9,"key":"Ginger"},{"floor":11,"key":"Mummified Hand"},{"floor":14,"key":"Anchor"},{"floor":17,"key":"PreservedInsect"},{"floor":17,"key":"Frozen Egg 2"},{"floor":17,"key":"Incense Burner"},{"floor":26,"key":"Gremlin Horn"},{"floor":31,"key":"Darkstone Periapt"},{"floor":41,"key":"Snake Skull"},{"floor":43,"key":"Bottled Tornado"},{"floor":44,"key":"Bag of Marbles"}],"event_choices":[{"damage_healed":0,"gold_gain":0,"player_choice":"Box","damage_taken":0,"relics_obtained":["Peace Pipe"],"max_hp_gain":0,"max_hp_loss":0,"event_name":"Big Fish","floor":2,"gold_loss":0,"cards_obtained":["Regret"]},{"damage_healed":0,"gold_gain":0,"player_choice":"Trade","damage_taken":0,"relics_obtained":["FaceOfCleric"],"max_hp_gain":0,"max_hp_loss":0,"event_name":"FaceTrader","floor":3,"gold_loss":0},{"cards_removed":["Pain"],"damage_healed":0,"gold_gain":0,"player_choice":"Gave Gold","damage_taken":0,"max_hp_gain":0,"max_hp_loss":0,"event_name":"Beggar","floor":20,"gold_loss":75},{"damage_healed":0,"gold_gain":0,"player_choice":"Read","damage_taken":0,"max_hp_gain":0,"max_hp_loss":0,"event_name":"The Library","floor":22,"gold_loss":0,"cards_obtained":["Burst"]},{"damage_healed":0,"gold_gain":0,"player_choice":"Ignored","damage_taken":0,"max_hp_gain":0,"max_hp_loss":0,"event_name":"Ghosts","floor":24,"gold_loss":0},{"damage_healed":0,"gold_gain":0,"player_choice":"Obtained Relic","damage_taken":0,"relics_obtained":["Strawberry"],"max_hp_gain":0,"max_hp_loss":0,"event_name":"Addict","floor":27,"gold_loss":85},{"cards_removed":["PiercingWail"],"damage_healed":0,"gold_gain":0,"player_choice":"Removed Skill","damage_taken":0,"max_hp_gain":0,"max_hp_loss":0,"event_name":"Falling","floor":37,"gold_loss":0},{"damage_healed":0,"gold_gain":0,"player_choice":"Upgraded Two","damage_taken":0,"max_hp_gain":0,"max_hp_loss":0,"event_name":"Designer","floor":39,"gold_loss":40,"cards_upgraded":["Backflip","Strike_G"]}],"is_beta":false,"boss_relics":[{"not_picked":["Astrolabe","Lizard Tail"],"picked":"Calling Bell"},{"not_picked":["Snecko Eye","White Beast Statue"],"picked":"Empty Cage"}],"items_purged_floors":[7],"is_endless":false,"potions_floor_spawned":[5,13,14,18,29,30,33,41,45,47],"ascension_level":0}