{"gold_per_floor":[109,109,59,78,91,91,116,116,116,41,52,70,70,83,83,209,209,232,232,232,25,25,25,25,25,25,25,42,54,66,81,81,181,181,193,38,38,52,63,63,78,78],"floor_reached":42,"playtime":2744,"items_purged":["Defend_B"],"score":400,"play_id":"9b36b765-4e62-4b3e-81cd-031681f9ceb1","local_time":"20190110031427","is_ascension_mode":false,"campfire_choices":[{"data":"Zap","floor":6,"key":"SMITH"},{"data":"Defend_B","floor":8,"key":"PURGE"},{"floor":15,"key":"REST"},{"data":"Buffer","floor":23,"key":"SMITH"},{"data":"Reboot","floor":25,"key":"SMITH"},{"data":"Dualcast","floor":27,"key":"SMITH"},{"data":"Go for the Eyes","floor":32,"key":"SMITH"},{"data":"Glacier","floor":40,"key":"SMITH"}],"neow_cost":"TEN_PERCENT_HP_LOSS","seed_source_timestamp":47627711702889,"circlet_count":0,"master_deck":["Zap+1","Dualcast+1","Scrape","Coolheaded","Glacier+1","Melter","Rip and Tear","Reboot+1","Buffer+1","Go for the Eyes+1","Gash","Hello World+1","Echo Form","Machine Learning","Leap","Heatsinks","Creative AI","Blizzard+1","Jack Of All Trades"],"relics":["Cracked Core","Peace Pipe","Darkstone Periapt","Bloody Idol","Coffee Dripper","Anchor","Membership Card","Smiling Mask","Pandora\u0027s Box","Pen Nib"],"potions_floor_usage":[16,29,30,33,33,42,42],"damage_taken":[{"damage":0,"enemies":"2 Louse","floor":1,"turns":2},{"damage":1,"enemies":"Jaw Worm","floor":4,"turns":3},{"damage":0,"enemies":"Small Slimes","floor":5,"turns":3},{"damage":19,"enemies":"3 Sentries","floor":7,"turns":15},{"damage":0,"enemies":"Blue Slaver","floor":11,"turns":4},{"damage":12,"enemies":"Exordium Thugs","floor":12,"turns":6},{"damage":1,"enemies":"Exordium Wildlife","floor":14,"turns":2},{"damage":28,"enemies":"Hexaghost","floor":16,"turns":11},{"damage":9,"enemies":"Shell Parasite","floor":18,"turns":4},{"damage":0,"enemies":"2 Thieves","floor":28,"turns":4},{"damage":0,"enemies":"Snecko","floor":29,"turns":5},{"damage":0,"enemies":"Cultist and Chosen","floor":30,"turns":6},{"damage":9,"enemies":"Shelled Parasite and Fungi","floor":31,"turns":5},{"damage":16,"enemies":"Collector","floor":33,"turns":12},{"damage":27,"enemies":"3 Darklings","floor":35,"turns":6},{"damage":5,"enemies":"3 Shapes","floor":38,"turns":5},{"damage":39,"enemies":"Sphere and 2 Shapes","floor":39,"turns":5},{"damage":0,"enemies":"Transient","floor":41,"turns":5},{"damage":19,"enemies":"3 Darklings","floor":42,"turns":2}],"seed_played":"6470409180682645080","potions_obtained":[{"floor":1,"key":"Strength Potion"},{"floor":5,"key":"LiquidBronze"},{"floor":16,"key":"Strength Potion"},{"floor":28,"key":"Explosive Potion"},{"floor":29,"key":"Explosive Potion"},{"floor":37,"key":"EssenceOfSteel"},{"floor":37,"key":"EssenceOfSteel"},{"floor":41,"key":"Swift Potion"}],"is_trial":false,"path_per_floor":["M","?","?","M","M","R","E","R","T","$","M","M","?","M","R","B",null,"M","?","T","$","?","R","$","R","T","R","M","M","M","M","R","B",null,"M","$","?","M","M","R","M","M"],"character_chosen":"DEFECT","items_purchased":["Membership Card","Ancient Potion","Pen Nib","Jack Of All Trades"],"campfire_rested":1,"item_purchase_floors":[21,36,36,36],"current_hp_per_floor":[68,61,61,60,60,60,41,41,41,41,41,29,29,28,46,18,63,54,54,54,54,54,54,54,54,54,54,63,63,63,59,59,48,63,41,41,41,41,7,7,12,0],"gold":78,"neow_bonus":"ONE_RARE_RELIC","is_prod":false,"is_daily":false,"chose_seed":false,"campfire_upgraded":6,"win_rate":0,"timestamp":1547082867,"path_taken":["M","?","?","M","M","R","E","R","T","$","M","M","?","M","R","BOSS","M","?","?","$","?","R","?","R","T","R","M","M","M","?","R","BOSS","M","$","?","?","M","R","M","M"],"build_version":"2019-01-03v4","purchased_purges":1,"victory":false,"max_hp_per_floor":[68,68,68,68,68,68,68,68,68,68,68,68,63,63,63,63,63,63,63,63,63,63,63,63,63,63,63,63,63,63,63,63,63,63,63,63,63,63,63,63,63,63],"card_choices":[{"not_picked":["Chaos","Hologram"],"picked":"Scrape","floor":1},{"not_picked":["Double Energy","Rebound"],"picked":"Coolheaded","floor":4},{"not_picked":["Sweeping Beam","Cold Snap"],"picked":"Glacier","floor":5},{"not_picked":["Stack","Force Field"],"picked":"Melter","floor":7},{"not_picked":["Leap","Conserve Battery"],"picked":"Rip and Tear","floor":11},{"not_picked":["Static Discharge","Stack"],"picked":"Reboot","floor":12},{"not_picked":["Rebound","Redo","Conserve Battery"],"picked":"SKIP","floor":14},{"not_picked":["Creative AI","Core Surge"],"picked":"Buffer","floor":16},{"not_picked":["Sweeping Beam+1","BootSequence","Storm"],"picked":"SKIP","floor":18},{"not_picked":["Melter","Blizzard"],"picked":"Go for the Eyes","floor":28},{"not_picked":["Blizzard","Undo"],"picked":"Gash","floor":29},{"not_picked":["Go for the Eyes+1","Reprogram"],"picked":"Hello World+1","floor":30},{"not_picked":["Hyperbeam","Force Field","Ball Lightning+1"],"picked":"SKIP","floor":31},{"not_picked":["Creative AI","Buffer"],"picked":"Echo Form","floor":33},{"not_picked":["Hologram+1","Genetic Algorithm+1"],"picked":"Blizzard+1","floor":35},{"not_picked":["Cold Snap","Coolheaded+1","Barrage"],"picked":"SKIP","floor":38},{"not_picked":["Cold Snap","Ball Lightning","Sweeping Beam"],"picked":"SKIP","floor":39},{"not_picked":["Sweeping Beam+1","Rebound","Steam+1"],"picked":"SKIP","floor":41}],"player_experience":173731,"relics_obtained":[{"floor":7,"key":"Darkstone Periapt"},{"floor":20,"key":"Anchor"},{"floor":26,"key":"Smiling Mask"}],"event_choices":[{"cards_removed":["Strike_B"],"damage_healed":0,"gold_gain":0,"player_choice":"Card Removal","damage_taken":7,"max_hp_gain":0,"max_hp_loss":0,"event_name":"Golden Wing","floor":2,"gold_loss":0},{"cards_removed":["Strike_B"],"damage_healed":0,"gold_gain":0,"player_choice":"Card Removal","damage_taken":0,"max_hp_gain":0,"max_hp_loss":0,"event_name":"The Cleric","floor":3,"gold_loss":50},{"damage_healed":0,"gold_gain":0,"player_choice":"Lose Max HP","damage_taken":0,"relics_obtained":["Golden Idol"],"max_hp_gain":0,"max_hp_loss":5,"event_name":"Golden Idol","floor":13,"gold_loss":0},{"damage_healed":0,"gold_gain":0,"player_choice":"Ignored","damage_taken":0,"max_hp_gain":0,"max_hp_loss":0,"event_name":"Vampires","floor":19,"gold_loss":0},{"damage_healed":0,"gold_gain":0,"player_choice":"Gave Idol","damage_taken":0,"relics_obtained":["Bloody Idol"],"max_hp_gain":0,"max_hp_loss":0,"event_name":"Forgotten Altar","floor":22,"relics_lost":["Golden Idol"],"gold_loss":0},{"damage_healed":0,"gold_gain":0,"player_choice":"Got Potions","damage_taken":0,"max_hp_gain":0,"max_hp_loss":0,"event_name":"Lab","floor":37,"gold_loss":0}],"is_beta":false,"boss_relics":[{"not_picked":["Ectoplasm","Nuclear Battery"],"picked":"Coffee Dripper"},{"not_picked":["Calling Bell","Fusion Hammer"],"picked":"Pandora\u0027s Box"}],"items_purged_floors":[10],"is_endless":false,"potions_floor_spawned":[1,5,16,28,29,41],"killed_by":"3 Darklings","ascension_level":0}