{"gold_per_floor":[112,85,104,120,120,120,146,161,186,198,226,238,36,51,51,51],"floor_reached":16,"playtime":1397,"items_purged":["Strike_G"],"score":102,"play_id":"4414d0f9-4fbf-43f8-9ff8-eb6b557f5cfa","local_time":"20190103223036","is_ascension_mode":false,"campfire_choices":[{"data":"Trip","floor":6,"key":"SMITH"},{"floor":10,"key":"REST"},{"data":"Endless Agony","floor":12,"key":"SMITH"},{"data":"Backflip","floor":15,"key":"SMITH"}],"neow_cost":"NONE","seed_source_timestamp":206523607581000,"circlet_count":0,"master_deck":["Defend_G","Defend_G","Defend_G","Defend_G","Defend_G","Strike_G","Strike_G","Strike_G","Strike_G","Survivor","Neutralize","Trip+1","Finisher","Blade Dance","Slice","Endless Agony+1","Reflex","Prepared","Backflip+1","Wraith Form v2","Prepared"],"relics":["Ring of the Snake","Centennial Puzzle","MawBank"],"potions_floor_usage":[7,8,16,16],"damage_taken":[{"damage":1,"enemies":"Cultist","floor":1,"turns":4},{"damage":5,"enemies":"Small Slimes","floor":3,"turns":3},{"damage":0,"enemies":"2 Louse","floor":4,"turns":3},{"damage":15,"enemies":"Gremlin Nob","floor":7,"turns":3},{"damage":12,"enemies":"Large Slime","floor":8,"turns":4},{"damage":1,"enemies":"2 Fungi Beasts","floor":11,"turns":2},{"damage":0,"enemies":"Looter","floor":14,"turns":2},{"damage":93,"enemies":"The Guardian","floor":16,"turns":17}],"seed_played":"-3824060657341365158","potions_obtained":[{"floor":1,"key":"Poison Potion"},{"floor":7,"key":"Fruit Juice"},{"floor":11,"key":"FearPotion"},{"floor":14,"key":"SpeedPotion"}],"is_trial":false,"path_per_floor":["M","$","M","M","$","R","E","M","T","R","M","R","$","M","R","B"],"character_chosen":"THE_SILENT","items_purchased":["Blade Dance","Wraith Form v2"],"campfire_rested":1,"item_purchase_floors":[2,13],"current_hp_per_floor":[69,69,64,64,64,64,49,42,42,64,63,63,63,63,63,0],"gold":51,"neow_bonus":"RANDOM_COLORLESS","is_prod":false,"is_daily":false,"chose_seed":false,"campfire_upgraded":3,"win_rate":0.0,"timestamp":1546554636,"path_taken":["M","$","M","M","$","R","E","?","T","R","M","R","?","M","R","BOSS"],"build_version":"2018-12-20","purchased_purges":1,"victory":false,"max_hp_per_floor":[70,70,70,70,70,70,70,75,75,75,75,75,75,75,75,75],"card_choices":[{"not_picked":["PiercingWail","Backflip"],"picked":"Finisher","floor":1},{"not_picked":["Predator","Footwork"],"picked":"Slice","floor":3},{"not_picked":["Bane","Noxious Fumes"],"picked":"Endless Agony","floor":4},{"not_picked":["Crippling Poison","Eviscerate"],"picked":"Reflex","floor":7},{"not_picked":["Reflex","Quick Slash"],"picked":"Prepared","floor":8},{"not_picked":["Crippling Poison","Riddle With Holes"],"picked":"Backflip","floor":11},{"not_picked":["Catalyst","Finisher"],"picked":"Prepared","floor":14}],"player_experience":18427,"relics_obtained":[{"floor":7,"key":"Centennial Puzzle"},{"floor":9,"key":"MawBank"}],"event_choices":[],"is_beta":false,"boss_relics":[],"items_purged_floors":[13],"is_endless":false,"potions_floor_spawned":[1,7,11,14],"killed_by":"The Guardian","ascension_level":0}