{"gold_per_floor":[114,114,124,134,147,172,172,191,191,210,210,224,99,124,124,219,269,288,12,12,26,36,36,63,97,97,113,148,148,166,25,25,122,122,136,236,236,251,261,287,303,303,327,177,177,203,203,51,51,51,51,51,3,30,30],"floor_reached":55,"playtime":2266,"items_purged":["Strike_B","Strike_B","Strike_B","Defend_B","Self Repair+1"],"score":777,"play_id":"46446b31-ee91-46f6-9557-537af209e85d","local_time":"20190126133240","is_ascension_mode":false,"campfire_choices":[{"data":"Self Repair","floor":7,"key":"SMITH"},{"data":"Dualcast","floor":11,"key":"SMITH"},{"floor":15,"key":"REST"},{"data":"Scrape","floor":23,"key":"SMITH"},{"floor":32,"key":"REST"},{"floor":42,"key":"REST"},{"floor":47,"key":"RECALL"},{"data":"Echo Form","floor":49,"key":"SMITH"},{"floor":52,"key":"DIG"}],"neow_cost":"NONE","seed_source_timestamp":587974472287813,"circlet_count":0,"master_deck":["Defend_B+1","Defend_B+1","Defend_B+1","Zap+1","Dualcast+1","Gash","Gash","Gash","Scrape+1","Machine Learning","Gash","All For One","Beam Cell","Gash","Echo Form+1","Scrape","Finesse","White Noise","Impatience"],"relics":["Cracked Core","NeowsBlessing","Regal Pillow","Symbiotic Virus","Tiny House","Membership Card","Red Mask","Kunai","Sundial","WingedGreaves","Dream Catcher","Inserter","Gambling Chip","War Paint","Anchor","Strawberry","Shovel","Shuriken","Centennial Puzzle"],"potions_floor_usage":[6,16,18,25,28,35,55,55,55],"damage_taken":[{"damage":0,"enemies":"2 Louse","floor":1,"turns":1},{"damage":0,"enemies":"Cultist","floor":3,"turns":1},{"damage":0,"enemies":"Jaw Worm","floor":4,"turns":1},{"damage":9,"enemies":"Exordium Wildlife","floor":5,"turns":3},{"damage":21,"enemies":"Lagavulin","floor":6,"turns":7},{"damage":6,"enemies":"Red Slaver","floor":8,"turns":3},{"damage":18,"enemies":"3 Louse","floor":10,"turns":3},{"damage":5,"enemies":"Exordium Thugs","floor":12,"turns":3},{"damage":25,"enemies":"3 Sentries","floor":14,"turns":7},{"damage":38,"enemies":"Hexaghost","floor":16,"turns":6},{"damage":17,"enemies":"2 Thieves","floor":18,"turns":3},{"damage":5,"enemies":"3 Byrds","floor":21,"turns":3},{"damage":16,"enemies":"Sentry and Sphere","floor":22,"turns":4},{"damage":0,"enemies":"Masked Bandits","floor":24,"turns":2},{"damage":25,"enemies":"Book of Stabbing","floor":25,"turns":4},{"damage":5,"enemies":"Snake Plant","floor":27,"turns":2},{"damage":24,"enemies":"Slavers","floor":28,"turns":3},{"damage":6,"enemies":"Chosen and Byrds","floor":30,"turns":2},{"damage":16,"enemies":"Automaton","floor":33,"turns":5},{"damage":33,"enemies":"3 Darklings","floor":35,"turns":3},{"damage":24,"enemies":"Mind Bloom Boss Battle","floor":36,"turns":5},{"damage":0,"enemies":"Orb Walker","floor":38,"turns":1},{"damage":21,"enemies":"Maw","floor":39,"turns":5},{"damage":11,"enemies":"Giant Head","floor":40,"turns":5},{"damage":28,"enemies":"Sphere and 2 Shapes","floor":41,"turns":4},{"damage":14,"enemies":"Nemesis","floor":46,"turns":3},{"damage":20,"enemies":"Awakened One","floor":50,"turns":4},{"damage":23,"enemies":"Shield and Spear","floor":54,"turns":3},{"damage":70,"enemies":"The Heart","floor":55,"turns":3}],"seed_played":"-5042678115133251211","potions_obtained":[{"floor":3,"key":"Explosive Potion"},{"floor":5,"key":"LiquidBronze"},{"floor":10,"key":"GamblersBrew"},{"floor":12,"key":"EssenceOfSteel"},{"floor":17,"key":"Strength Potion"},{"floor":18,"key":"Fruit Juice"},{"floor":22,"key":"PowerPotion"},{"floor":28,"key":"Weak Potion"},{"floor":30,"key":"SpeedPotion"},{"floor":35,"key":"SneckoOil"},{"floor":46,"key":"FocusPotion"}],"is_trial":false,"path_per_floor":["M","?","M","M","M","E","R","M","T","M","R","M","$","E","R","B",null,"M","$","?","M","M","R","?","E","T","M","E","?","M","$","R","B",null,"M","?","?","M","M","E","M","R","T","$","?","E","R","$","R","B",null,"R","$","E","B"],"character_chosen":"DEFECT","items_purchased":["Gash","Membership Card","Beam Cell","Dream Catcher","Strawberry","White Noise","Block Potion","Impatience"],"campfire_rested":3,"item_purchase_floors":[13,19,19,31,44,48,48,53],"current_hp_per_floor":[75,75,75,75,66,52,52,56,56,48,48,53,53,38,75,37,80,78,78,78,83,77,77,77,62,62,57,43,43,47,47,85,79,85,72,68,58,58,57,56,28,68,68,75,75,61,61,61,61,41,92,92,92,69,0],"gold":30,"neow_bonus":"THREE_ENEMY_KILL","is_prod":false,"is_daily":false,"chose_seed":false,"campfire_upgraded":4,"win_rate":0,"timestamp":1548522160,"path_taken":["M","?","M","M","M","E","R","?","T","M","R","M","$","E","R","BOSS","M","$","?","M","M","R","?","E","T","M","E","?","?","$","R","BOSS","M","?","?","M","M","E","M","R","T","$","?","E","R","$","R","BOSS","R","$","E","BOSS"],"build_version":"2019-01-23","purchased_purges":5,"victory":false,"max_hp_per_floor":[75,75,75,75,75,75,75,75,75,75,75,75,75,75,75,75,80,85,85,85,85,85,85,85,85,85,85,85,85,85,85,85,85,85,85,85,85,85,85,85,85,85,85,92,92,92,92,92,92,92,92,92,92,92,92],"card_choices":[{"not_picked":["Turbo","Ball Lightning"],"picked":"Gash","floor":1},{"not_picked":["Leap","Compile Driver"],"picked":"Gash","floor":3},{"not_picked":["Chaos","Barrage","Sunder"],"picked":"SKIP","floor":4},{"not_picked":["Stack","Barrage"],"picked":"Self Repair","floor":5},{"not_picked":["Auto Shields","Static Discharge","Ball Lightning"],"picked":"SKIP","floor":6},{"not_picked":["Hyperbeam","Go for the Eyes","Hologram"],"picked":"SKIP","floor":8},{"not_picked":["Streamline","Darkness","Barrage"],"picked":"SKIP","floor":10},{"not_picked":["Consume","Steam","Capacitor"],"picked":"SKIP","floor":12},{"not_picked":["BootSequence","Darkness"],"picked":"Scrape","floor":14},{"not_picked":["Multi-Cast","Biased Cognition"],"picked":"Machine Learning","floor":16},{"not_picked":["Steam","Go for the Eyes"],"picked":"Gash","floor":17},{"not_picked":["Barrage","Streamline"],"picked":"All For One","floor":18},{"not_picked":["Reprogram+1","Genetic Algorithm","Steam"],"picked":"SKIP","floor":21},{"not_picked":["Undo","Barrage","Hello World"],"picked":"SKIP","floor":22},{"not_picked":["Steam","Leap","Thunder Strike"],"picked":"SKIP","floor":25},{"not_picked":["Self Repair","Rebound","Stack"],"picked":"SKIP","floor":27},{"not_picked":["Thunder Strike","Sweeping Beam","Steam"],"picked":"SKIP","floor":28},{"not_picked":["Cold Snap","Reprogram","Barrage"],"picked":"SKIP","floor":30},{"not_picked":["Biased Cognition","Thunder Strike"],"picked":"Echo Form","floor":33},{"not_picked":["Capacitor+1","Ball Lightning","Redo+1"],"picked":"SKIP","floor":35},{"not_picked":["Sweeping Beam+1","Go for the Eyes"],"picked":"Scrape","floor":36},{"not_picked":["Dark Shackles","Magnetism"],"picked":"Finesse","floor":37},{"not_picked":["Turbo+1","BootSequence+1","Cold Snap"],"picked":"SKIP","floor":38},{"not_picked":["Capacitor+1","Coolheaded+1","Sunder+1"],"picked":"SKIP","floor":39},{"not_picked":["All For One","Hologram","Go for the Eyes+1"],"picked":"SKIP","floor":40},{"not_picked":["Hologram","Sunder+1","Stack"],"picked":"SKIP","floor":41},{"not_picked":["Genetic Algorithm+1","Turbo","Sunder+1"],"picked":"SKIP","floor":46},{"not_picked":["All For One","Skim+1","Coolheaded"],"picked":"SKIP","floor":54}],"player_experience":227623,"relics_obtained":[{"floor":6,"key":"Regal Pillow"},{"floor":14,"key":"Symbiotic Virus"},{"floor":24,"key":"Red Mask"},{"floor":25,"key":"Kunai"},{"floor":26,"key":"Sundial"},{"floor":28,"key":"WingedGreaves"},{"floor":36,"key":"Gambling Chip"},{"floor":40,"key":"War Paint"},{"floor":43,"key":"Anchor"},{"floor":46,"key":"Shovel"},{"floor":52,"key":"Shuriken"},{"floor":54,"key":"Centennial Puzzle"}],"event_choices":[{"damage_healed":0,"gold_gain":0,"player_choice":"Upgraded","damage_taken":0,"max_hp_gain":0,"max_hp_loss":0,"event_name":"Upgrade Shrine","floor":2,"gold_loss":0,"cards_upgraded":["Zap"]},{"cards_removed":["Strike_B"],"damage_healed":0,"gold_gain":0,"player_choice":"Elegance","damage_taken":0,"max_hp_gain":0,"max_hp_loss":0,"event_name":"Back to Basics","floor":20,"gold_loss":0},{"damage_healed":0,"gold_gain":0,"player_choice":"Fought Bandits","damage_taken":0,"max_hp_gain":0,"max_hp_loss":0,"event_name":"Masked Bandits","floor":24,"gold_loss":0},{"damage_healed":0,"gold_gain":0,"player_choice":"Copied","damage_taken":0,"max_hp_gain":0,"max_hp_loss":0,"event_name":"Duplicator","floor":29,"gold_loss":0,"cards_obtained":["Gash"]},{"damage_healed":0,"gold_gain":0,"player_choice":"Fight","damage_taken":0,"max_hp_gain":0,"max_hp_loss":0,"event_name":"MindBloom","floor":36,"gold_loss":0},{"damage_healed":0,"gold_gain":0,"player_choice":"Memory 3","damage_taken":10,"max_hp_gain":0,"max_hp_loss":0,"event_name":"SensoryStone","floor":37,"gold_loss":0},{"damage_healed":0,"gold_gain":0,"player_choice":"Ignored","damage_taken":0,"max_hp_gain":0,"max_hp_loss":0,"event_name":"SecretPortal","floor":45,"gold_loss":0}],"is_beta":false,"boss_relics":[{"not_picked":["Runic Pyramid","Pandora\u0027s Box"],"picked":"Tiny House"},{"not_picked":["Velvet Choker","Coffee Dripper"],"picked":"Inserter"}],"items_purged_floors":[13,19,31,44,48],"is_endless":false,"potions_floor_spawned":[3,5,10,12,18,22,28,30,35,36,46],"killed_by":"The Heart","ascension_level":0}