{"gold_per_floor":[117,129,144,161,178,178,192,211,211,211,286,313,313,328,328,430,430,450,450,450,464,479,479],"floor_reached":23,"playtime":1084,"items_purged":[],"score":207,"play_id":"95cf2d39-af6d-48e6-9834-94110296c00b","local_time":"20190105194919","is_ascension_mode":true,"campfire_choices":[{"floor":6,"key":"REST"},{"data":"Armaments","floor":10,"key":"SMITH"},{"floor":13,"key":"REST"},{"data":"Inflame","floor":15,"key":"SMITH"}],"neow_cost":"NONE","seed_source_timestamp":31562123818684,"circlet_count":0,"master_deck":["Strike_R","Strike_R","Strike_R","Strike_R","Defend_R","Defend_R","Defend_R","Defend_R","Bash","Disarm","Clothesline","Inflame+1","Twin Strike","Reaper","Armaments+1","Cleave","Shrug It Off+1","Barricade","Seeing Red","Twin Strike+1","Entrench+1"],"relics":["Burning Blood","Champion Belt","Bronze Scales","Runic Pyramid"],"potions_floor_usage":[16,16,18,23],"damage_taken":[{"damage":7,"enemies":"Small Slimes","floor":1,"turns":4},{"damage":7,"enemies":"Cultist","floor":2,"turns":5},{"damage":5,"enemies":"Jaw Worm","floor":3,"turns":4},{"damage":31,"enemies":"Exordium Thugs","floor":4,"turns":8},{"damage":23,"enemies":"Exordium Wildlife","floor":5,"turns":5},{"damage":21,"enemies":"Large Slime","floor":7,"turns":7},{"damage":9,"enemies":"Red Slaver","floor":8,"turns":5},{"damage":34,"enemies":"3 Sentries","floor":12,"turns":8},{"damage":6,"enemies":"Looter","floor":14,"turns":4},{"damage":29,"enemies":"The Guardian","floor":16,"turns":12},{"damage":35,"enemies":"Spheric Guardian","floor":18,"turns":9},{"damage":13,"enemies":"Shell Parasite","floor":21,"turns":6},{"damage":30,"enemies":"Shelled Parasite and Fungi","floor":22,"turns":5},{"damage":41,"enemies":"Slavers","floor":23,"turns":3}],"seed_played":"7148707385450499833","potions_obtained":[{"floor":2,"key":"SkillPotion"},{"floor":3,"key":"Block Potion"},{"floor":7,"key":"AttackPotion"},{"floor":16,"key":"Block Potion"},{"floor":21,"key":"Weak Potion"},{"floor":22,"key":"Poison Potion"}],"is_trial":false,"path_per_floor":["M","M","M","M","M","R","M","M","T","R","?","E","R","M","R","B",null,"M","?","?","M","M","E"],"character_chosen":"IRONCLAD","items_purchased":[],"campfire_rested":2,"item_purchase_floors":[],"current_hp_per_floor":[79,78,79,54,37,61,52,53,53,53,42,29,53,60,60,45,80,51,51,51,44,20,0],"gold":479,"neow_bonus":"REMOVE_CARD","is_prod":false,"is_daily":false,"chose_seed":false,"campfire_upgraded":2,"win_rate":0,"timestamp":1546714159,"path_taken":["M","M","M","M","M","R","M","M","T","R","?","E","R","M","R","BOSS","M","?","?","M","?","E"],"build_version":"2019-01-03v4","purchased_purges":0,"victory":false,"max_hp_per_floor":[80,80,80,80,80,80,80,80,80,80,80,80,80,80,80,80,80,80,80,80,80,80,80],"card_choices":[{"not_picked":["Pommel Strike","Reckless Charge"],"picked":"Disarm","floor":1},{"not_picked":["Combust","Infernal Blade"],"picked":"Clothesline","floor":2},{"not_picked":["Disarm","True Grit"],"picked":"Inflame","floor":3},{"not_picked":["Clothesline","Heavy Blade"],"picked":"Twin Strike","floor":4},{"not_picked":["Anger","Clothesline"],"picked":"Reaper","floor":5},{"not_picked":["True Grit","Disarm"],"picked":"Armaments","floor":7},{"not_picked":["Clothesline","Clash"],"picked":"Cleave","floor":8},{"not_picked":["Cleave","Warcry"],"picked":"Shrug It Off","floor":12},{"not_picked":["Clothesline","Hemokinesis","True Grit"],"picked":"SKIP","floor":14},{"not_picked":["Fiend Fire","Double Tap"],"picked":"Barricade","floor":16},{"not_picked":["Sentinel+1","Dropkick"],"picked":"Seeing Red","floor":18},{"not_picked":["Hemokinesis+1","Havoc"],"picked":"Twin Strike+1","floor":21},{"not_picked":["Disarm","Clash"],"picked":"Entrench+1","floor":22}],"player_experience":115156,"relics_obtained":[{"floor":9,"key":"Champion Belt"},{"floor":12,"key":"Bronze Scales"}],"event_choices":[{"damage_healed":0,"gold_gain":75,"player_choice":"Gather Gold","damage_taken":11,"max_hp_gain":0,"max_hp_loss":0,"event_name":"World of Goop","floor":11,"gold_loss":0},{"damage_healed":0,"gold_gain":0,"player_choice":"Ignored","damage_taken":0,"max_hp_gain":0,"max_hp_loss":0,"event_name":"The Mausoleum","floor":19,"gold_loss":0},{"damage_healed":0,"gold_gain":0,"player_choice":"Upgraded","damage_taken":0,"max_hp_gain":0,"max_hp_loss":0,"event_name":"Upgrade Shrine","floor":20,"gold_loss":0,"cards_upgraded":["Shrug It Off"]}],"is_beta":false,"boss_relics":[{"not_picked":["Busted Crown","Astrolabe"],"picked":"Runic Pyramid"}],"items_purged_floors":[],"is_endless":false,"potions_floor_spawned":[2,3,7,12,16,21,22],"killed_by":"Slavers","ascension_level":1}