{"gold_per_floor":[109,109,128,142,159,184,284,284,307,336,353,371,371,405,405,508,508,520,96,115,130,230,230,255,275,302,319,72,72,72,102,102,200,200,216,216,216,62,78,78,109,109,109,119,119,119,129,129,129,129],"floor_reached":50,"playtime":2074,"items_purged":["Strike_B"],"score":582,"play_id":"6ca6db04-390d-4f7f-8b25-de88559384f1","local_time":"20190109060854","is_ascension_mode":true,"campfire_choices":[{"data":"Biased Cognition","floor":8,"key":"SMITH"},{"data":"Static Discharge","floor":15,"key":"SMITH"},{"floor":23,"key":"REST"},{"floor":29,"key":"REST"},{"floor":32,"key":"REST"},{"data":"Amplify","floor":40,"key":"SMITH"},{"floor":46,"key":"RECALL"},{"floor":49,"key":"REST"}],"neow_cost":"NONE","seed_source_timestamp":2786725319463002,"circlet_count":0,"master_deck":["Strike_B","Defend_B","Defend_B","Defend_B","Defend_B","Zap","Dualcast+1","Biased Cognition+1","Glacier+1","Flash of Steel","Hyperbeam","Static Discharge+1","Ball Lightning","Biased Cognition+1","Genetic Algorithm","Echo Form","Loop","Redo+1","Amplify+1","Machine Learning","Thunder Strike","Double Energy","Doubt","Parasite"],"relics":["Cracked Core","Boot","Happy Flower","Lantern","Dodecahedron","Inserter","Runic Capacitor","War Paint","Ancient Tea Set","Strawberry","Frozen Egg 2","Kunai","Philosopher\u0027s Stone","DataDisk","Ornamental Fan","Singing Bowl"],"potions_floor_usage":[24,50,50,50],"damage_taken":[{"damage":0,"enemies":"Small Slimes","floor":1,"turns":2},{"damage":0,"enemies":"Cultist","floor":3,"turns":2},{"damage":0,"enemies":"Jaw Worm","floor":4,"turns":3},{"damage":5,"enemies":"Lots of Slimes","floor":5,"turns":2},{"damage":2,"enemies":"Lagavulin","floor":6,"turns":5},{"damage":14,"enemies":"Gremlin Nob","floor":10,"turns":3},{"damage":7,"enemies":"Exordium Thugs","floor":11,"turns":2},{"damage":0,"enemies":"Red Slaver","floor":12,"turns":3},{"damage":8,"enemies":"Lagavulin","floor":14,"turns":6},{"damage":37,"enemies":"The Guardian","floor":16,"turns":7},{"damage":25,"enemies":"2 Thieves","floor":18,"turns":4},{"damage":6,"enemies":"3 Byrds","floor":20,"turns":3},{"damage":29,"enemies":"Shelled Parasite and Fungi","floor":21,"turns":4},{"damage":22,"enemies":"Gremlin Leader","floor":24,"turns":5},{"damage":0,"enemies":"Sentry and Sphere","floor":25,"turns":5},{"damage":12,"enemies":"Snake Plant","floor":27,"turns":4},{"damage":23,"enemies":"Slavers","floor":31,"turns":4},{"damage":12,"enemies":"Automaton","floor":33,"turns":5},{"damage":25,"enemies":"3 Darklings","floor":35,"turns":3},{"damage":6,"enemies":"Orb Walker","floor":39,"turns":3},{"damage":20,"enemies":"Reptomancer","floor":41,"turns":6},{"damage":7,"enemies":"Maw","floor":44,"turns":6},{"damage":49,"enemies":"Writhing Mass","floor":47,"turns":5},{"damage":64,"enemies":"Time Eater","floor":50,"turns":4}],"seed_played":"7254720102199257439","potions_obtained":[{"floor":3,"key":"AttackPotion"},{"floor":4,"key":"Poison Potion"},{"floor":11,"key":"Poison Potion"},{"floor":18,"key":"Ancient Potion"},{"floor":31,"key":"Dexterity Potion"}],"is_trial":false,"path_per_floor":["M","?","M","M","M","E","?","R","T","E","M","M","?","E","R","B",null,"M","$","M","M","?","R","E","M","T","M","$","R","T","E","R","B",null,"M","?","?","$","M","R","E","?","T","M","?","R","M","?","R","B"],"character_chosen":"DEFECT","items_purchased":["Runic Capacitor","War Paint","Frozen Egg 2","DataDisk"],"campfire_rested":4,"item_purchase_floors":[19,19,28,38],"current_hp_per_floor":[75,75,75,75,70,68,68,68,68,54,47,47,47,39,39,2,75,50,50,44,15,15,37,15,15,22,10,10,34,34,11,35,23,82,57,57,57,57,51,51,31,82,82,77,77,77,30,30,54,0],"gold":129,"neow_bonus":"ONE_RANDOM_RARE_CARD","is_prod":false,"is_daily":false,"chose_seed":false,"campfire_upgraded":3,"win_rate":0,"timestamp":1547010534,"path_taken":["M","?","M","M","?","E","?","R","T","E","?","M","?","E","R","BOSS","M","$","?","M","?","R","E","?","T","M","?","R","?","E","R","BOSS","M","?","?","$","?","R","E","?","T","M","?","R","M","?","R","BOSS"],"build_version":"2019-01-03v4","purchased_purges":1,"victory":false,"max_hp_per_floor":[75,75,75,75,75,75,75,75,75,75,75,75,75,75,75,75,75,75,75,75,75,75,75,75,75,82,82,82,82,82,82,82,82,82,82,82,82,82,82,82,82,82,82,84,80,80,82,82,82,82],"card_choices":[{"not_picked":["Stack","Streamline"],"picked":"Glacier","floor":1},{"not_picked":["Turbo","Melter"],"picked":"Static Discharge","floor":3},{"not_picked":["Steam","Hologram"],"picked":"Ball Lightning","floor":4},{"not_picked":["Leap","Doom and Gloom","Gash"],"picked":"SKIP","floor":5},{"not_picked":["Sweeping Beam","Barrage"],"picked":"Biased Cognition","floor":6},{"not_picked":["Beam Cell","Reprogram","Cold Snap"],"picked":"SKIP","floor":10},{"not_picked":["Hologram","Recycle","Sunder"],"picked":"SKIP","floor":11},{"not_picked":["Coolheaded","Beam Cell"],"picked":"Genetic Algorithm","floor":12},{"not_picked":["Chaos","Force Field","Recycle"],"picked":"SKIP","floor":14},{"not_picked":["Thunder Strike","Rainbow"],"picked":"Echo Form","floor":16},{"not_picked":["Cold Snap","Compile Driver"],"picked":"Loop","floor":18},{"not_picked":["Hologram","Aggregate","Rebound"],"picked":"SKIP","floor":20},{"not_picked":["Cold Snap","Hologram"],"picked":"Redo+1","floor":21},{"not_picked":["Hologram","Heatsinks"],"picked":"Amplify","floor":24},{"not_picked":["Ball Lightning","Hologram+1","Streamline"],"picked":"SKIP","floor":25},{"not_picked":["Streamline","Rebound"],"picked":"Machine Learning","floor":27},{"not_picked":["Steam Power+1","Glacier","Redo+1"],"picked":"SKIP","floor":31},{"not_picked":["Multi-Cast","Reboot"],"picked":"Thunder Strike","floor":33},{"not_picked":["Scrape","Ball Lightning","Compile Driver+1"],"picked":"SKIP","floor":35},{"not_picked":["Turbo","Gash+1","Steam+1"],"picked":"SKIP","floor":39},{"not_picked":["Stack","Scrape+1","Leap+1"],"picked":"SKIP","floor":41},{"not_picked":["Recycle+1","Auto Shields+1","Reprogram"],"picked":"Singing Bowl","floor":44},{"not_picked":["Gash+1","Heatsinks+1","Tempest"],"picked":"Singing Bowl","floor":47}],"player_experience":696055,"relics_obtained":[{"floor":6,"key":"Boot"},{"floor":9,"key":"Happy Flower"},{"floor":10,"key":"Lantern"},{"floor":14,"key":"Dodecahedron"},{"floor":24,"key":"Ancient Tea Set"},{"floor":26,"key":"Strawberry"},{"floor":31,"key":"Kunai"},{"floor":41,"key":"Ornamental Fan"},{"floor":43,"key":"Singing Bowl"}],"event_choices":[{"damage_healed":0,"gold_gain":0,"player_choice":"2 cards matched","damage_taken":0,"max_hp_gain":0,"max_hp_loss":0,"event_name":"Match and Keep!","floor":2,"gold_loss":0,"cards_obtained":["Flash of Steel","Hyperbeam"]},{"damage_healed":0,"gold_gain":100,"player_choice":"Pray","damage_taken":0,"max_hp_gain":0,"max_hp_loss":0,"event_name":"Golden Shrine","floor":7,"gold_loss":0},{"damage_healed":0,"gold_gain":0,"player_choice":"Forge","damage_taken":0,"max_hp_gain":0,"max_hp_loss":0,"event_name":"Accursed Blacksmith","floor":13,"gold_loss":0,"cards_upgraded":["Biased Cognition"]},{"damage_healed":0,"gold_gain":100,"player_choice":"Pray","damage_taken":0,"max_hp_gain":0,"max_hp_loss":0,"event_name":"Golden Shrine","floor":22,"gold_loss":0},{"cards_removed":["Strike_B"],"damage_healed":0,"gold_gain":0,"player_choice":"Removed Attack","damage_taken":0,"max_hp_gain":0,"max_hp_loss":0,"event_name":"Falling","floor":36,"gold_loss":0},{"damage_healed":0,"gold_gain":0,"cards_transformed":["Strike_B"],"player_choice":"Transformed","damage_taken":0,"max_hp_gain":0,"max_hp_loss":0,"event_name":"Transmorgrifier","floor":37,"gold_loss":0,"cards_obtained":["Double Energy"]},{"damage_healed":51,"gold_gain":0,"player_choice":"Heal","damage_taken":0,"max_hp_gain":0,"max_hp_loss":0,"event_name":"MindBloom","floor":42,"gold_loss":0,"cards_obtained":["Doubt"]},{"damage_healed":0,"gold_gain":0,"player_choice":"Max HP","damage_taken":0,"max_hp_gain":0,"max_hp_loss":4,"event_name":"Winding Halls","floor":45,"gold_loss":0},{"damage_healed":0,"gold_gain":0,"player_choice":"Ignored","damage_taken":0,"max_hp_gain":0,"max_hp_loss":0,"event_name":"Mysterious Sphere","floor":48,"gold_loss":0}],"is_beta":false,"boss_relics":[{"not_picked":["FrozenCore","Nuclear Battery"],"picked":"Inserter"},{"not_picked":["Runic Dome","Pandora\u0027s Box"],"picked":"Philosopher\u0027s Stone"}],"items_purged_floors":[19],"is_endless":false,"potions_floor_spawned":[3,4,11,14,16,18,21,31,41],"killed_by":"Time Eater","ascension_level":1}