{"path_per_floor":["M","M","?","?","M","R","E","M","T","$","?","$","?","M","R"],"character_chosen":"DEFECT","items_purchased":["White Noise","Echo Form","Machine Learning"],"gold_per_floor":[111,122,222,222,241,241,267,278,328,106,181,2,2,19,19,19],"floor_reached":16,"campfire_rested":0,"playtime":746,"item_purchase_floors":[10,10,12],"current_hp_per_floor":[73,73,73,73,71,71,57,47,47,47,36,36,36,30,30,0],"items_purged":["Strike_B","Strike_B"],"gold":19,"score":100,"play_id":"83b9d75b-e1a7-4ea7-afac-ee09e594a551","local_time":"20180601212843","is_prod":false,"is_daily":false,"chose_seed":false,"is_ascension_mode":false,"campfire_upgraded":2,"win_rate":0.0,"timestamp":1527881323,"campfire_choices":[{"data":"Fusion","floor":6,"key":"SMITH"},{"data":"Machine Learning","floor":15,"key":"SMITH"}],"path_taken":["M","M","?","?","M","R","E","?","T","$","?","$","?","M","R","BOSS"],"build_version":"2018-05-31","seed_source_timestamp":208792609541799,"purchased_purges":2,"victory":false,"master_deck":["Strike_B","Strike_B","Defend_B","Defend_B","Defend_B","Defend_B","Zap","Dualcast","Streamline","Gash","Fusion+1","Zap","Gash","Multi-Cast","White Noise","Echo Form","Machine Learning+1","Coolheaded"],"max_hp_per_floor":[75,75,75,75,75,75,75,75,75,75,75,75,75,75,75,75],"relics":["Cracked Core","Centennial Puzzle","Boot"],"card_choices":[{"not_picked":["Redo","Compile Driver"],"picked":"Streamline","floor":0},{"not_picked":["Double Energy","Go for the Eyes"],"picked":"Gash","floor":1},{"not_picked":["Redo","Compile Driver"],"picked":"Fusion","floor":2},{"not_picked":["Redo","Beam Cell"],"picked":"Gash","floor":5},{"not_picked":["Static Discharge","Fission"],"picked":"Multi-Cast","floor":7},{"not_picked":["Ball Lightning","Barrage","Streamline"],"picked":"SKIP","floor":8},{"not_picked":["Tempest","Leap"],"picked":"Coolheaded","floor":14}],"player_experience":432642,"potions_floor_usage":[7],"damage_taken":[{"damage":2,"enemies":"2 Louse","floor":1,"turns":3},{"damage":0,"enemies":"Cultist","floor":2,"turns":2},{"damage":2,"enemies":"Small Slimes","floor":5,"turns":3},{"damage":14,"enemies":"3 Sentries","floor":7,"turns":6},{"damage":10,"enemies":"Looter","floor":8,"turns":2},{"damage":6,"enemies":"Exordium Wildlife","floor":14,"turns":3},{"damage":35,"enemies":"Slime Boss","floor":16,"turns":3}],"relics_obtained":[{"floor":7,"key":"Centennial Puzzle"},{"floor":9,"key":"Boot"}],"event_choices":[{"event_name":"Golden Shrine","player_choice":"Pray","floor":3,"damage_taken":0},{"event_name":"Match and Keep!","player_choice":"1 cards matched","floor":4,"damage_taken":0},{"event_name":"World of Goop","player_choice":"Gather Gold","floor":11,"damage_taken":0},{"event_name":"Golden Idol","player_choice":"Ignored","floor":13,"damage_taken":0}],"boss_relics":[],"items_purged_floors":[10,12],"potions_floor_spawned":[1,7,14],"seed_played":"-3431511108446958972","killed_by":"Slime Boss","ascension_level":0,"potions_obtained":[{"floor":1,"key":"SteroidPotion"},{"floor":7,"key":"Strength Potion"},{"floor":14,"key":"Fire Potion"}],"is_trial":false}