{"gold_per_floor":[112,112,127,55,71,71,71,98,98,98,118,118,128,303,303,400,400,416,416,399,414,72,72,107,139,151,163,192,3,30,44,44,142,142,160,177,177,48,48,79,79,79,79,79,79,94,105,105,105,105],"floor_reached":50,"playtime":1545,"items_purged":["Doubt"],"score":510,"play_id":"0746da18-4ed3-4b77-9e7c-9291e038fba5","local_time":"20190114153955","is_ascension_mode":false,"campfire_choices":[{"data":"Zap","floor":6,"key":"SMITH"},{"data":"Self Repair","floor":10,"key":"SMITH"},{"floor":15,"key":"REST"},{"floor":23,"key":"REST"},{"data":"Self Repair","floor":27,"key":"SMITH"},{"floor":32,"key":"REST"},{"data":"Dualcast","floor":41,"key":"SMITH"},{"floor":42,"key":"REST"},{"data":"Static Discharge","floor":44,"key":"SMITH"},{"data":"Rip and Tear","floor":49,"key":"SMITH"}],"neow_cost":"NONE","seed_source_timestamp":356928666576294,"circlet_count":0,"master_deck":["Strike_B","Strike_B","Defend_B","Defend_B","Defend_B","Defend_B+1","Zap+1","Dualcast+1","Loop+1","Self Repair+1","Steam","Static Discharge+1","Auto Shields+1","Barrage+1","Electrodynamics","Steam+1","Ball Lightning+1","Redo+1","Self Repair+1","Auto Shields+1","Multi-Cast+1","Steam+1","White Noise+1","Tempest+1","Defragment+1","Echo Form+1","Rip and Tear+1","Self Repair+1","Ball Lightning","Writhe","Gash+1","Gash+1"],"relics":["Cracked Core","Letter Opener","Calipers","Toxic Egg 2","Blood Vial","MawBank","Chemical X","Frozen Egg 2","Velvet Choker","WingedGreaves","Turnip"],"potions_floor_usage":[3,40],"damage_taken":[{"damage":1,"enemies":"Jaw Worm","floor":1,"turns":4},{"damage":0,"enemies":"Small Slimes","floor":3,"turns":2},{"damage":1,"enemies":"Cultist","floor":5,"turns":4},{"damage":20,"enemies":"Lagavulin","floor":8,"turns":7},{"damage":16,"enemies":"Lots of Slimes","floor":11,"turns":3},{"damage":1,"enemies":"3 Louse","floor":13,"turns":4},{"damage":31,"enemies":"The Guardian","floor":16,"turns":13},{"damage":29,"enemies":"Chosen","floor":18,"turns":5},{"damage":24,"enemies":"2 Thieves","floor":20,"turns":4},{"damage":21,"enemies":"Snake Plant","floor":21,"turns":4},{"damage":16,"enemies":"Gremlin Leader","floor":24,"turns":7},{"damage":3,"enemies":"Snecko","floor":25,"turns":5},{"damage":9,"enemies":"3 Cultists","floor":28,"turns":4},{"damage":26,"enemies":"Book of Stabbing","floor":30,"turns":6},{"damage":18,"enemies":"Snake Plant","floor":31,"turns":3},{"damage":67,"enemies":"Automaton","floor":33,"turns":9},{"damage":12,"enemies":"Orb Walker","floor":35,"turns":3},{"damage":50,"enemies":"3 Darklings","floor":36,"turns":5},{"damage":62,"enemies":"Nemesis","floor":40,"turns":7},{"damage":25,"enemies":"Transient","floor":46,"turns":5},{"damage":5,"enemies":"Sphere and 2 Shapes","floor":47,"turns":4},{"damage":65,"enemies":"Awakened One","floor":50,"turns":3}],"seed_played":"2938029123549153956","potions_obtained":[{"floor":1,"key":"Energy Potion"},{"floor":16,"key":"SneckoOil"},{"floor":28,"key":"SteroidPotion"},{"floor":30,"key":"Block Potion"},{"floor":40,"key":"Swift Potion"}],"is_trial":false,"path_per_floor":["M","?","M","$","M","R","?","E","T","R","M","?","M","?","R","B",null,"M","?","M","M","$","R","E","M","T","R","M","$","E","M","R","B",null,"M","M","?","$","?","E","R","R","T","R","?","M","M","$","R","B"],"character_chosen":"DEFECT","items_purchased":["Self Repair","Blood Vial","Self Repair","Auto Shields+1","Chemical X","Self Repair+1","Ball Lightning"],"campfire_rested":4,"item_purchase_floors":[4,22,22,22,29,38,38],"current_hp_per_floor":[81,78,78,78,82,82,75,62,62,62,56,40,49,49,73,52,82,63,63,49,38,38,62,65,71,71,71,82,82,76,60,82,35,82,70,42,42,42,63,33,33,57,57,57,57,54,61,61,61,0],"gold":105,"neow_bonus":"TEN_PERCENT_HP_BONUS","is_prod":false,"is_daily":false,"chose_seed":false,"campfire_upgraded":6,"win_rate":0,"timestamp":1547476795,"path_taken":["M","?","M","$","M","R","?","E","T","R","M","?","M","?","R","BOSS","M","?","M","M","$","R","E","?","T","R","M","?","E","M","R","BOSS","M","M","?","$","?","E","R","R","T","R","?","M","?","$","R","BOSS"],"build_version":"2019-01-10","purchased_purges":1,"victory":false,"max_hp_per_floor":[82,82,82,82,82,82,82,82,82,82,82,82,82,82,82,82,82,82,82,82,82,82,82,82,82,82,82,82,82,82,82,82,82,82,82,82,82,82,82,82,82,82,82,82,82,82,82,82,82,82],"card_choices":[{"not_picked":["Consume","Turbo"],"picked":"Loop","floor":1},{"not_picked":["Compile Driver","Glacier","Cold Snap"],"picked":"SKIP","floor":3},{"not_picked":["Hologram","Rebound"],"picked":"Steam","floor":5},{"not_picked":["Auto Shields","Reinforced Body"],"picked":"Static Discharge","floor":8},{"not_picked":["Conserve Battery+1","Turbo+1"],"picked":"Auto Shields+1","floor":11},{"not_picked":["Stack+1","Go for the Eyes"],"picked":"Barrage","floor":13},{"not_picked":["Buffer","Seek+1"],"picked":"Electrodynamics","floor":16},{"not_picked":["Leap+1","Redo+1"],"picked":"Steam+1","floor":18},{"not_picked":["Glacier+1","Rebound+1"],"picked":"Ball Lightning+1","floor":20},{"not_picked":["Compile Driver+1","Beam Cell"],"picked":"Redo+1","floor":21},{"not_picked":["Melter","Glacier+1"],"picked":"Multi-Cast+1","floor":24},{"not_picked":["Undo+1","Turbo+1"],"picked":"Steam+1","floor":25},{"not_picked":["Chill+1","Sunder+1"],"picked":"White Noise+1","floor":28},{"not_picked":["Reprogram+1","Coolheaded+1"],"picked":"Tempest+1","floor":30},{"not_picked":["Redo+1","Undo+1"],"picked":"Defragment+1","floor":31},{"not_picked":["Meteor Strike","Reboot+1"],"picked":"Echo Form+1","floor":33},{"not_picked":["Sweeping Beam+1","Turbo+1"],"picked":"Rip and Tear","floor":35},{"not_picked":["Chill+1","Cold Snap","Beam Cell+1"],"picked":"SKIP","floor":36},{"not_picked":["BootSequence+1","Auto Shields+1"],"picked":"Gash+1","floor":40},{"not_picked":["Compile Driver+1","White Noise+1"],"picked":"Gash+1","floor":46},{"not_picked":["Stack+1","Fission+1","Recycle+1"],"picked":"SKIP","floor":47}],"player_experience":413574,"relics_obtained":[{"floor":8,"key":"Calipers"},{"floor":9,"key":"Toxic Egg 2"},{"floor":24,"key":"MawBank"},{"floor":30,"key":"Frozen Egg 2"},{"floor":40,"key":"WingedGreaves"},{"floor":43,"key":"Turnip"}],"event_choices":[{"damage_healed":0,"gold_gain":0,"player_choice":"Success","damage_taken":3,"relics_obtained":["Letter Opener"],"max_hp_gain":0,"max_hp_loss":0,"event_name":"Scrap Ooze","floor":2,"gold_loss":0},{"cards_removed":["Strike_B"],"damage_healed":0,"gold_gain":0,"player_choice":"Card Removal","damage_taken":7,"max_hp_gain":0,"max_hp_loss":0,"event_name":"Golden Wing","floor":7,"gold_loss":0},{"damage_healed":0,"gold_gain":0,"player_choice":"Entered Light","damage_taken":16,"max_hp_gain":0,"max_hp_loss":0,"event_name":"Shining Light","floor":12,"gold_loss":0,"cards_upgraded":["Loop","Defend_B"]},{"damage_healed":0,"gold_gain":175,"player_choice":"AGREE","damage_taken":0,"max_hp_gain":0,"max_hp_loss":0,"event_name":"Liars Game","floor":14,"gold_loss":0,"cards_obtained":["Doubt"]},{"damage_healed":0,"gold_gain":0,"player_choice":"Upgraded","damage_taken":0,"max_hp_gain":0,"max_hp_loss":0,"event_name":"Upgrade Shrine","floor":19,"gold_loss":0,"cards_upgraded":["Barrage"]},{"cards_removed":["Strike_B"],"damage_healed":0,"gold_gain":0,"player_choice":"Removed Attack","damage_taken":0,"max_hp_gain":0,"max_hp_loss":0,"event_name":"Falling","floor":37,"gold_loss":0},{"damage_healed":21,"gold_gain":0,"player_choice":"Writhe","damage_taken":0,"max_hp_gain":0,"max_hp_loss":0,"event_name":"Winding Halls","floor":39,"gold_loss":0,"cards_obtained":["Writhe"]},{"damage_healed":0,"gold_gain":0,"player_choice":"Got Potions","damage_taken":0,"max_hp_gain":0,"max_hp_loss":0,"event_name":"Lab","floor":45,"gold_loss":0}],"is_beta":false,"boss_relics":[{"not_picked":["FrozenCore","Fusion Hammer","Empty Cage"]},{"not_picked":["Lizard Tail","Nuclear Battery"],"picked":"Velvet Choker"}],"items_purged_floors":[22],"is_endless":false,"potions_floor_spawned":[1,16,28,30,33,40,46],"killed_by":"Awakened One","ascension_level":0}