{"gold_per_floor":[109,109,125,136,136,163,180,210,210,190,210,210,230,87,87,189,189,203,213,140,239,239,274,274,102,170,189,218,218,218,233,233,332,332,351,366,366,378,390,420,432,444,456,468,495,507,538,335,335,335],"floor_reached":50,"playtime":1938,"items_purged":["Strike_G","Strike_G","Bite"],"score":664,"play_id":"af67f79a-5229-4467-9d7e-9808f565451c","local_time":"20190201025727","is_ascension_mode":true,"campfire_choices":[{"data":"Bouncing Flask","floor":12.0,"key":"SMITH"},{"data":"Noxious Fumes","floor":15.0,"key":"SMITH"},{"data":"Noxious Fumes","floor":24.0,"key":"SMITH"},{"floor":29.0,"key":"REST"},{"data":"Noxious Fumes","floor":32.0,"key":"SMITH"},{"data":"Noxious Fumes","floor":41.0,"key":"SMITH"},{"data":"Adrenaline","floor":44.0,"key":"SMITH"},{"floor":46.0,"key":"REST"},{"floor":49.0,"key":"REST"}],"neow_cost":"NONE","seed_source_timestamp":362529858553702,"circlet_count":0,"master_deck":["Defend_G+1","Defend_G","Defend_G","Defend_G+1","Defend_G","Survivor","Neutralize+1","Slice","Poisoned Stab","Deflect","Poisoned Stab","Bouncing Flask+1","Deadly Poison","Noxious Fumes+1","Adrenaline+1","Noxious Fumes+1","Poisoned Stab+1","Noxious Fumes+1","Noxious Fumes+1","Backstab","Deflect","Bite","Bite","Bite","Bite","Calculated Gamble","Deflect+1","After Image","Footwork","Well Laid Plans","Noxious Fumes"],"special_seed":0,"relics":["Ring of the Snake","Ornamental Fan","Mummified Hand","Nunchaku","Sozu","Oddly Smooth Stone","The Courier","Bird Faced Urn","Black Star","Incense Burner","MawBank","Toxic Egg 2"],"potions_floor_usage":[],"damage_taken":[{"damage":0.0,"enemies":"Cultist","floor":1.0,"turns":5.0},{"damage":0.0,"enemies":"2 Louse","floor":3.0,"turns":4.0},{"damage":0.0,"enemies":"Small Slimes","floor":4.0,"turns":2.0},{"damage":18.0,"enemies":"Lagavulin","floor":6.0,"turns":9.0},{"damage":1.0,"enemies":"Looter","floor":7.0,"turns":4.0},{"damage":0.0,"enemies":"2 Fungi Beasts","floor":11.0,"turns":4.0},{"damage":0.0,"enemies":"3 Louse","floor":13.0,"turns":3.0},{"damage":34.0,"enemies":"Slime Boss","floor":16.0,"turns":9.0},{"damage":0.0,"enemies":"Spheric Guardian","floor":18.0,"turns":2.0},{"damage":0.0,"enemies":"Chosen","floor":19.0,"turns":4.0},{"damage":20.0,"enemies":"Book of Stabbing","floor":23.0,"turns":5.0},{"damage":0.0,"enemies":"Centurion and Healer","floor":27.0,"turns":5.0},{"damage":32.0,"enemies":"Slavers","floor":28.0,"turns":5.0},{"damage":11.0,"enemies":"Snake Plant","floor":31.0,"turns":4.0},{"damage":63.0,"enemies":"Automaton","floor":33.0,"turns":8.0},{"damage":5.0,"enemies":"Orb Walker","floor":35.0,"turns":4.0},{"damage":11.0,"enemies":"3 Darklings","floor":36.0,"turns":6.0},{"damage":33.0,"enemies":"Maw","floor":38.0,"turns":7.0},{"damage":0.0,"enemies":"4 Shapes","floor":39.0,"turns":6.0},{"damage":49.0,"enemies":"Nemesis","floor":40.0,"turns":7.0},{"damage":45.0,"enemies":"Spire Growth","floor":45.0,"turns":6.0},{"damage":20.0,"enemies":"Sphere and 2 Shapes","floor":47.0,"turns":6.0},{"damage":47,"enemies":"Awakened One","floor":50,"turns":3}],"seed_played":"-2913613826684637044","potions_obtained":[{"floor":4.0,"key":"Regen Potion"},{"floor":7.0,"key":"EssenceOfSteel"},{"floor":10.0,"key":"LiquidBronze"}],"is_trial":false,"path_per_floor":["M","T","M","M","?","E","M","?","T","?","M","R","M","$","R","B",null,"M","M","$","?","?","E","R","$","T","M","E","R","?","M","R","B",null,"M","M","?","M","M","E","R","?","T","R","M","R","M","$","R","B"],"character_chosen":"THE_SILENT","items_purchased":["Noxious Fumes","Noxious Fumes","Noxious Fumes","Well Laid Plans","Noxious Fumes"],"campfire_rested":3,"item_purchase_floors":[14,20,25,48,48],"current_hp_per_floor":[70,70,70,70,56,38,37,37,37,37,37,37,37,37,37,3,70,70,70,70,70,70,50,50,50,50,50,18,39,39,36,36,11,49,49,48,48,28,44,19,19,43,43,43,12,24,26,26,38,0],"gold":335,"neow_bonus":"UPGRADE_CARD","is_prod":false,"is_daily":false,"chose_seed":false,"campfire_upgraded":6,"win_rate":0,"timestamp":1549011447,"path_taken":["M","?","M","M","?","E","M","?","T","?","?","R","M","$","R","BOSS","M","M","$","?","?","E","R","$","T","M","E","R","?","M","R","BOSS","M","M","?","M","M","E","R","?","T","R","M","R","M","$","R","BOSS"],"build_version":"2019-01-23","purchased_purges":3,"victory":false,"max_hp_per_floor":[70,70,70,70,70,70,70,70,70,70,70,70,70,70,70,70,70,70,70,70,70,70,70,70,70,70,70,70,70,49,49,49,49,49,49,49,49,49,49,49,49,43,43,43,43,43,43,43,43,43],"card_choices":[{"not_picked":["Outmaneuver","Backflip"],"picked":"Slice","floor":1.0},{"not_picked":["Dagger Spray","Dagger Throw"],"picked":"Poisoned Stab","floor":3.0},{"not_picked":["All Out Attack","Prepared","Masterful Stab"],"picked":"SKIP","floor":4.0},{"not_picked":["Grand Finale","Concentrate"],"picked":"Deflect","floor":6.0},{"not_picked":["Dagger Throw","All Out Attack"],"picked":"Poisoned Stab","floor":7.0},{"not_picked":["PiercingWail","Sucker Punch"],"picked":"Bouncing Flask","floor":11.0},{"not_picked":["Prepared","Flechettes"],"picked":"Deadly Poison","floor":13.0},{"not_picked":["A Thousand Cuts","Storm of Steel"],"picked":"Adrenaline","floor":16.0},{"not_picked":["Poisoned Stab+1","Bane"],"picked":"Noxious Fumes","floor":18.0},{"not_picked":["Quick Slash","Deflect+1"],"picked":"Poisoned Stab+1","floor":19.0},{"not_picked":["PiercingWail","Deadly Poison","Distraction"],"picked":"SKIP","floor":23.0},{"not_picked":["Bane","Dodge and Roll"],"picked":"Backstab","floor":27.0},{"not_picked":["Masterful Stab+1","Phantasmal Killer"],"picked":"Deflect","floor":28.0},{"not_picked":["Dagger Spray","Dagger Throw"],"picked":"Calculated Gamble","floor":31.0},{"not_picked":["Bane","Reflex+1","Setup+1"],"picked":"SKIP","floor":35.0},{"not_picked":["Accuracy+1","Flying Knee"],"picked":"Deflect+1","floor":36.0},{"not_picked":["PiercingWail+1","Poisoned Stab+1","Deadly Poison"],"picked":"SKIP","floor":38.0},{"not_picked":["Prepared","Dagger Spray+1","PiercingWail"],"picked":"SKIP","floor":39.0},{"not_picked":["Flying Knee+1","Dodge and Roll"],"picked":"After Image","floor":40.0},{"not_picked":["Underhanded Strike","Prepared+1"],"picked":"Footwork","floor":45.0},{"not_picked":["Outmaneuver+1","Setup+1","Poisoned Stab+1"],"picked":"SKIP","floor":47.0}],"player_experience":276567,"relics_obtained":[{"floor":2.0,"key":"Ornamental Fan"},{"floor":6.0,"key":"Mummified Hand"},{"floor":9.0,"key":"Nunchaku"},{"floor":23.0,"key":"Oddly Smooth Stone"},{"floor":26.0,"key":"The Courier"},{"floor":28.0,"key":"Bird Faced Urn"},{"floor":40.0,"key":"Incense Burner"},{"floor":40.0,"key":"MawBank"},{"floor":43.0,"key":"Toxic Egg 2"}],"event_choices":[{"damage_healed":0.0,"max_hp_gain":0.0,"max_hp_loss":0.0,"gold_gain":0.0,"event_name":"Shining Light","player_choice":"Entered Light","floor":5.0,"gold_loss":0.0,"damage_taken":14.0,"cards_upgraded":["Defend_G","Defend_G"]},{"damage_healed":0.0,"max_hp_gain":0.0,"max_hp_loss":0.0,"gold_gain":30.0,"event_name":"Dead Adventurer","player_choice":"Searched \u00271\u0027 times","floor":8.0,"gold_loss":0.0,"damage_taken":0.0},{"damage_healed":0.0,"max_hp_gain":0.0,"max_hp_loss":0.0,"gold_gain":0.0,"event_name":"The Woman in Blue","player_choice":"Bought 1 Potion","floor":10.0,"gold_loss":0.0,"damage_taken":0.0},{"damage_healed":0.0,"max_hp_gain":0.0,"max_hp_loss":0.0,"gold_gain":99.0,"event_name":"Nest","player_choice":"Stole From Cult","floor":21.0,"gold_loss":0.0,"damage_taken":0.0},{"damage_healed":0.0,"max_hp_gain":0.0,"max_hp_loss":0.0,"gold_gain":0.0,"event_name":"The Mausoleum","player_choice":"Ignored","floor":22.0,"gold_loss":0.0,"damage_taken":0.0},{"damage_healed":0.0,"max_hp_gain":0.0,"max_hp_loss":21.0,"gold_gain":0.0,"event_name":"Vampires","player_choice":"Became a vampire","floor":30.0,"gold_loss":0.0,"damage_taken":0.0,"cards_obtained":["Bite","Bite","Bite","Bite","Bite"]},{"damage_healed":0.0,"max_hp_gain":0.0,"max_hp_loss":0.0,"gold_gain":0.0,"event_name":"Tomb of Lord Red Mask","player_choice":"Ignored","floor":37.0,"gold_loss":0.0,"damage_taken":0.0},{"damage_healed":43.0,"max_hp_gain":0.0,"max_hp_loss":6.0,"gold_gain":0.0,"event_name":"The Moai Head","player_choice":"Heal","floor":42.0,"gold_loss":0.0,"damage_taken":0.0}],"is_beta":false,"boss_relics":[{"not_picked":["Tiny House","HoveringKite"],"picked":"Sozu"},{"not_picked":["Cursed Key","White Beast Statue"],"picked":"Black Star"}],"items_purged_floors":[14,25,48],"is_endless":false,"potions_floor_spawned":[4,7,13,16,23,31,33,35,45,47],"killed_by":"Awakened One","ascension_level":4}