{"gold_per_floor":[113,113,134,159,178,213,213,232,232,232,232,232,307,330,330,330],"floor_reached":16,"playtime":878,"items_purged":[],"score":117,"play_id":"cc2268af-0eb4-45b7-ae5d-fcf963c1f32a","local_time":"20180826010435","is_ascension_mode":true,"campfire_choices":[{"floor":7,"key":"REST"},{"data":"Dodge and Roll","floor":10,"key":"SMITH"},{"floor":15,"key":"REST"}],"neow_cost":"NONE","seed_source_timestamp":836623150538710,"circlet_count":0,"master_deck":["Defend_G","Defend_G","Defend_G","Defend_G","Defend_G","Strike_G","Strike_G","Strike_G","Strike_G+1","Strike_G","Survivor","Neutralize+1","PiercingWail","Acrobatics","Underhanded Strike","Sucker Punch","Dodge and Roll+1"],"relics":["Ring of the Snake","Golden Idol","Whetstone","Paper Crane"],"potions_floor_usage":[6],"damage_taken":[{"damage":0,"enemies":"Small Slimes","floor":1,"turns":3},{"damage":1,"enemies":"Jaw Worm","floor":3,"turns":4},{"damage":0,"enemies":"Cultist","floor":4,"turns":5},{"damage":1,"enemies":"Looter","floor":5,"turns":4},{"damage":55,"enemies":"Gremlin Nob","floor":6,"turns":7},{"damage":1,"enemies":"Red Slaver","floor":8,"turns":4},{"damage":17,"enemies":"Large Slime","floor":14,"turns":16},{"damage":44,"enemies":"Hexaghost","floor":16,"turns":16}],"seed_played":"-7821104727505489954","potions_obtained":[{"floor":5,"key":"Weak Potion"},{"floor":6,"key":"Swift Potion"},{"floor":14,"key":"SteroidPotion"}],"is_trial":false,"path_per_floor":["M","?","M","M","M","E","R","M","T","R","?","?","?","M","R"],"character_chosen":"THE_SILENT","items_purchased":[],"campfire_rested":2,"item_purchase_floors":[],"current_hp_per_floor":[77,58,57,57,56,1,24,23,23,23,48,48,37,20,43,0],"gold":330,"neow_bonus":"TEN_PERCENT_HP_BONUS","is_prod":false,"is_daily":false,"chose_seed":false,"campfire_upgraded":1,"win_rate":0,"timestamp":1535216675,"path_taken":["M","?","M","M","M","E","R","M","T","R","?","?","?","M","R","BOSS"],"build_version":"2018-08-23v2","purchased_purges":0,"victory":false,"max_hp_per_floor":[77,77,77,77,77,77,77,77,77,77,77,77,77,77,77,77],"card_choices":[{"not_picked":["Poisoned Stab","Choke"],"picked":"PiercingWail","floor":1},{"not_picked":["Outmaneuver","Finisher"],"picked":"Acrobatics","floor":3},{"not_picked":["Deflect","Deadly Poison"],"picked":"Underhanded Strike","floor":4},{"not_picked":["Outmaneuver","Accuracy"],"picked":"Sucker Punch","floor":5},{"not_picked":["Flying Knee","Riddle With Holes","Outmaneuver"],"picked":"SKIP","floor":6},{"not_picked":["Flying Knee","Blade Dance"],"picked":"Dodge and Roll","floor":8},{"not_picked":["Deflect","Sucker Punch","PiercingWail"],"picked":"SKIP","floor":14}],"player_experience":283756,"relics_obtained":[{"floor":6,"key":"Whetstone"},{"floor":9,"key":"Paper Crane"}],"event_choices":[{"event_name":"Golden Idol","player_choice":"Take Damage","floor":2,"damage_taken":0},{"event_name":"Big Fish","player_choice":"Banana","floor":11,"damage_taken":0},{"event_name":"FaceTrader","player_choice":"Leave","floor":12,"damage_taken":0},{"event_name":"World of Goop","player_choice":"Gather Gold","floor":13,"damage_taken":0}],"is_beta":false,"boss_relics":[],"items_purged_floors":[],"is_endless":false,"potions_floor_spawned":[5,6,14],"killed_by":"Hexaghost","ascension_level":3}