{"gold_per_floor":[111,126,126,145,168,168,203,203,233,269,269,269,287,306,306,306],"floor_reached":16,"playtime":578,"items_purged":[],"score":118,"play_id":"9edcbdf1-9f20-470f-8980-8737dbe7b174","local_time":"20180805154511","is_ascension_mode":true,"campfire_choices":[{"data":"Rampage","floor":6,"key":"SMITH"},{"data":"True Grit","floor":8,"key":"SMITH"},{"data":"Warcry","floor":12,"key":"SMITH"},{"floor":15,"key":"REST"}],"neow_cost":"NONE","seed_source_timestamp":538360394191624,"circlet_count":0,"master_deck":["Strike_R","Strike_R","Strike_R","Strike_R","Strike_R","Defend_R","Defend_R","Defend_R","Defend_R","Bash","Rampage+1","Warcry+1","True Grit+1","Cleave"],"relics":["Burning Blood","Golden Idol","Vajra","Tiny Chest","The Courier","Meat on the Bone"],"potions_floor_usage":[10,16],"damage_taken":[{"damage":6,"enemies":"Cultist","floor":1,"turns":3},{"damage":8,"enemies":"Jaw Worm","floor":2,"turns":3},{"damage":0,"enemies":"2 Louse","floor":4,"turns":3},{"damage":7,"enemies":"Looter","floor":5,"turns":5},{"damage":33,"enemies":"3 Sentries","floor":7,"turns":9},{"damage":24,"enemies":"Gremlin Nob","floor":10,"turns":4},{"damage":10,"enemies":"3 Louse","floor":13,"turns":5},{"damage":0,"enemies":"2 Fungi Beasts","floor":14,"turns":3},{"damage":77,"enemies":"Hexaghost","floor":16,"turns":11}],"seed_played":"7536751311478214008","potions_obtained":[{"floor":4,"key":"AttackPotion"},{"floor":5,"key":"Explosive Potion"}],"is_trial":false,"path_per_floor":["M","M","?","M","M","R","E","R","T","E","T","R","M","M","R"],"character_chosen":"IRONCLAD","items_purchased":[],"campfire_rested":1,"item_purchase_floors":[],"current_hp_per_floor":[88,86,81,81,80,80,53,53,53,35,35,35,43,49,73,0],"gold":306,"neow_bonus":"TEN_PERCENT_HP_BONUS","is_prod":false,"is_daily":false,"chose_seed":false,"campfire_upgraded":3,"win_rate":0,"timestamp":1533455111,"path_taken":["M","M","?","M","M","R","E","R","T","E","?","R","M","M","R","BOSS"],"build_version":"2018-08-02","purchased_purges":0,"victory":false,"max_hp_per_floor":[88,88,81,81,81,81,81,81,81,81,81,81,81,81,81,81],"card_choices":[{"not_picked":["Warcry","Wild Strike"],"picked":"Rampage","floor":1},{"not_picked":["Havoc","Flex","Clash"],"picked":"SKIP","floor":2},{"not_picked":["Reckless Charge","Heavy Blade","Dual Wield"],"picked":"SKIP","floor":4},{"not_picked":["Power Through","Sword Boomerang"],"picked":"Warcry","floor":5},{"not_picked":["Metallicize","Second Wind"],"picked":"True Grit","floor":7},{"not_picked":["Wild Strike","Dropkick","Clothesline"],"picked":"SKIP","floor":10},{"not_picked":["Second Wind","Offering"],"picked":"Cleave","floor":13},{"not_picked":["Wild Strike","Clothesline","Clash"],"picked":"SKIP","floor":14}],"player_experience":192625,"relics_obtained":[{"floor":7,"key":"Vajra"},{"floor":9,"key":"Tiny Chest"},{"floor":10,"key":"The Courier"},{"floor":11,"key":"Meat on the Bone"}],"event_choices":[{"event_name":"Golden Idol","player_choice":"Lose Max HP","floor":3,"damage_taken":0}],"is_beta":false,"boss_relics":[],"items_purged_floors":[],"is_endless":false,"potions_floor_spawned":[4,5],"killed_by":"Hexaghost","ascension_level":1}