{"gold_per_floor":[115,129,139,159,178,178,196,45,45,45,45,45,58,84,84,180,180,191,204,217,117,117,117,133,8,62,62,62],"floor_reached":28,"playtime":1562,"items_purged":["Strike_R","Strike_R","Strike_R"],"score":233,"play_id":"ad7b710f-9d8e-49f9-9407-90fd6e6445ca","local_time":"20180803230638","is_ascension_mode":true,"campfire_choices":[{"data":"Metallicize","floor":6,"key":"SMITH"},{"data":"Rampage","floor":12,"key":"SMITH"},{"floor":15,"key":"REST"},{"data":"Armaments","floor":23,"key":"SMITH"}],"neow_cost":"NONE","seed_source_timestamp":391059738704826,"circlet_count":0,"master_deck":["Strike_R","Strike_R","Defend_R","Defend_R","Defend_R","Defend_R","Bash","Reaper","Warcry","Metallicize+1","Shrug It Off","Dual Wield","Armaments+1","Cleave","Rampage+1","Spot Weakness","Flex","Juggernaut","Whirlwind","Battle Trance","Berserk"],"relics":["Burning Blood","Anchor","Nunchaku","Orrery","Potion Belt"],"potions_floor_usage":[24],"damage_taken":[{"damage":2,"enemies":"2 Louse","floor":1,"turns":3},{"damage":6,"enemies":"Jaw Worm","floor":2,"turns":5},{"damage":2,"enemies":"Cultist","floor":3,"turns":4},{"damage":2,"enemies":"Blue Slaver","floor":4,"turns":7},{"damage":21,"enemies":"3 Louse","floor":5,"turns":5},{"damage":24,"enemies":"Lots of Slimes","floor":7,"turns":6},{"damage":0,"enemies":"2 Fungi Beasts","floor":13,"turns":3},{"damage":56,"enemies":"Gremlin Nob","floor":14,"turns":7},{"damage":61,"enemies":"Slime Boss","floor":16,"turns":10},{"damage":21,"enemies":"2 Thieves","floor":18,"turns":5},{"damage":18,"enemies":"Shell Parasite","floor":19,"turns":9},{"damage":45,"enemies":"Snake Plant","floor":20,"turns":8},{"damage":18,"enemies":"3 Cultists","floor":24,"turns":5},{"damage":51,"enemies":"Sentry and Sphere","floor":28,"turns":3}],"seed_played":"-5882686655321925651","potions_obtained":[{"floor":2,"key":"AttackPotion"},{"floor":3,"key":"LiquidBronze"},{"floor":4,"key":"Explosive Potion"},{"floor":18,"key":"PowerPotion"}],"is_trial":false,"path_per_floor":["M","M","M","M","M","R","M","$","T","?","?","R","M","E","R","B",null,"M","M","M","$","?","R","M","$","T","$"],"character_chosen":"IRONCLAD","items_purchased":["Rampage"],"campfire_rested":1,"item_purchase_floors":[8],"current_hp_per_floor":[80,80,80,80,68,68,66,66,66,71,85,85,85,39,64,23,85,70,66,34,34,34,34,36,36,36,36,0],"gold":62,"neow_bonus":"ONE_RANDOM_RARE_CARD","is_prod":false,"is_daily":false,"chose_seed":false,"campfire_upgraded":3,"win_rate":0,"timestamp":1533308798,"path_taken":["M","M","M","M","M","R","M","$","T","?","?","R","M","E","R","BOSS","M","M","M","$","?","R","M","$","T","$","M"],"build_version":"2018-08-02","purchased_purges":3,"victory":false,"max_hp_per_floor":[80,80,80,80,80,80,80,80,80,85,85,85,85,85,85,85,85,85,85,85,85,82,82,82,82,82,82,82],"card_choices":[{"not_picked":["Shrug It Off","Intimidate"],"picked":"Warcry","floor":1},{"not_picked":["Headbutt","Rupture"],"picked":"Metallicize","floor":2},{"not_picked":["Clothesline","Blood for Blood"],"picked":"Shrug It Off","floor":3},{"not_picked":["Bludgeon","Sword Boomerang"],"picked":"Dual Wield","floor":4},{"not_picked":["Sword Boomerang","Body Slam"],"picked":"Armaments","floor":5},{"not_picked":["Second Wind","Thunderclap"],"picked":"Cleave","floor":7},{"not_picked":["Anger","Clash"],"picked":"Spot Weakness","floor":13},{"not_picked":["Pommel Strike","Iron Wave"],"picked":"Flex","floor":14},{"not_picked":["Immolate","Offering"],"picked":"Juggernaut","floor":16},{"not_picked":["Fire Breathing","Flex"],"picked":"Whirlwind","floor":17},{"not_picked":["Rupture+1","Flex"],"picked":"Battle Trance","floor":18},{"not_picked":["Iron Wave","Thunderclap","Entrench"],"picked":"SKIP","floor":19},{"not_picked":["Sword Boomerang","Searing Blow+1","Armaments"],"picked":"SKIP","floor":20},{"not_picked":["Pummel","Inflame+1"],"picked":"Berserk","floor":24}],"player_experience":155511,"relics_obtained":[{"floor":9,"key":"Anchor"},{"floor":14,"key":"Nunchaku"},{"floor":26,"key":"Potion Belt"}],"event_choices":[{"event_name":"Big Fish","player_choice":"Donut","floor":10,"damage_taken":0},{"event_name":"Mushrooms","player_choice":"Healed and dodged fight","floor":11,"damage_taken":0},{"event_name":"Fountain of Cleansing","player_choice":"Removed Curse","floor":22,"damage_taken":0}],"is_beta":false,"boss_relics":[{"not_picked":["White Beast Statue","Eternal Feather"],"picked":"Orrery"}],"items_purged_floors":[8,21,25],"is_endless":false,"potions_floor_spawned":[2,3,4,13,18,19],"killed_by":"Sentry and Sphere","ascension_level":1}