{"gold_per_floor":[109,34,34,34,49,82,82,120,143,173,189,34,34,49,49,49],"floor_reached":16,"playtime":414,"items_purged":["Strike_G"],"score":193,"play_id":"26742b60-8a01-478d-926c-bfa12668b11f","local_time":"20190115115247","is_ascension_mode":true,"campfire_choices":[{"data":"Skewer","floor":7,"key":"SMITH"},{"data":"Terror","floor":13,"key":"SMITH"},{"data":"Neutralize","floor":15,"key":"SMITH"}],"neow_cost":"NONE","seed_source_timestamp":3327412757102495,"circlet_count":0,"master_deck":["Defend_G","Defend_G","Defend_G","Defend_G","Defend_G","Strike_G","Strike_G","Strike_G","Strike_G","Survivor","Neutralize+1","Skewer+1","Injury","Terror+1","Sucker Punch","Footwork"],"relics":["Ring of the Snake","NeowsBlessing","Golden Idol","Oddly Smooth Stone","PreservedInsect","Centennial Puzzle","Bag of Preparation","Omamori"],"potions_floor_usage":[14],"damage_taken":[{"damage":0,"enemies":"Cultist","floor":1,"turns":1},{"damage":0,"enemies":"Small Slimes","floor":5,"turns":1},{"damage":0,"enemies":"Lagavulin","floor":6,"turns":1},{"damage":22,"enemies":"3 Sentries","floor":8,"turns":10},{"damage":3,"enemies":"Jaw Worm","floor":11,"turns":2},{"damage":7,"enemies":"Gremlin Gang","floor":14,"turns":5},{"damage":33,"enemies":"Hexaghost","floor":16,"turns":9}],"seed_played":"1497687645873500203","potions_obtained":[{"floor":1,"key":"Weak Potion"},{"floor":6,"key":"Energy Potion"},{"floor":8,"key":"Ancient Potion"}],"is_trial":false,"path_per_floor":["M","$","?","$","M","E","R","E","T","?","M","$","R","M","R","B"],"character_chosen":"THE_SILENT","items_purchased":["Omamori"],"campfire_rested":0,"item_purchase_floors":[12],"current_hp_per_floor":[63,63,63,63,63,63,63,41,41,41,38,38,38,31,31,0],"gold":49,"neow_bonus":"THREE_ENEMY_KILL","is_prod":false,"is_daily":false,"chose_seed":false,"campfire_upgraded":3,"win_rate":0,"timestamp":1547549567,"path_taken":["M","?","?","$","M","E","R","E","T","?","M","$","R","M","R","BOSS"],"build_version":"2019-01-10","purchased_purges":1,"victory":false,"max_hp_per_floor":[70,70,70,70,70,70,70,70,70,70,70,70,70,70,70,70],"card_choices":[{"not_picked":["Bouncing Flask","Choke"],"picked":"Skewer","floor":1},{"not_picked":["Tactician","Prepared","Acrobatics"],"picked":"SKIP","floor":5},{"not_picked":["Expertise","Prepared","Bane"],"picked":"SKIP","floor":6},{"not_picked":["Expertise","Prepared","Bane"],"picked":"SKIP","floor":6},{"not_picked":["All Out Attack","Accuracy"],"picked":"Terror","floor":8},{"not_picked":["Accuracy","Deadly Poison"],"picked":"Sucker Punch","floor":11},{"not_picked":["Terror","Prepared"],"picked":"Footwork","floor":14}],"player_experience":739485,"relics_obtained":[{"floor":6,"key":"Oddly Smooth Stone"},{"floor":8,"key":"PreservedInsect"},{"floor":9,"key":"Centennial Puzzle"}],"event_choices":[{"damage_healed":0,"gold_gain":0,"player_choice":"Take Wound","damage_taken":0,"relics_obtained":["Golden Idol"],"max_hp_gain":0,"max_hp_loss":0,"event_name":"Golden Idol","floor":3,"gold_loss":0,"cards_obtained":["Injury"]},{"damage_healed":0,"gold_gain":30,"player_choice":"Searched \u00272\u0027 times","damage_taken":0,"relics_obtained":["Bag of Preparation"],"max_hp_gain":0,"max_hp_loss":0,"event_name":"Dead Adventurer","floor":10,"gold_loss":0}],"is_beta":false,"boss_relics":[],"items_purged_floors":[2],"is_endless":false,"potions_floor_spawned":[1,6,8],"killed_by":"Hexaghost","ascension_level":9}