{"gold_per_floor":[115,190,202,202,218,218,252,268,268,299,92,117,137,156,156,282,282,303,132,132,150,162,162,196,196,196,211,245,245,573,589,589,694,694,711,711,92,92,105,133,146,146,146,172,172,172,172],"floor_reached":47,"playtime":3192,"items_purged":["Zap","Injury","Steam Power"],"score":711,"play_id":"41483d23-cbd5-43a9-b566-c5d54a8252ad","local_time":"20190113225343","is_ascension_mode":true,"campfire_choices":[{"floor":6,"key":"REST"},{"floor":15,"key":"REST"},{"data":"Echo Form","floor":23,"key":"SMITH"},{"data":"Defragment","floor":25,"key":"SMITH"},{"data":"Capacitor","floor":32,"key":"SMITH"},{"data":"Blizzard","floor":42,"key":"SMITH"},{"floor":46,"key":"RECALL"}],"neow_cost":"PERCENT_DAMAGE","seed_source_timestamp":294910378080139,"circlet_count":0,"master_deck":["Strike_B+1","Strike_B+1","Strike_B+1","Strike_B+1","Defend_B+1","Defend_B+1","Defend_B+1","Defend_B+1","Dualcast+1","Gash+1","Conserve Battery+1","Defragment+1","Cold Snap+1","Core Surge+1","Cold Snap+1","Redo+1","Go for the Eyes+1","Sunder+1","Self Repair+1","Coolheaded+1","Auto Shields+1","Go for the Eyes+1","Conserve Battery+1","Self Repair+1","Blizzard+1","Core Surge+1","Sweeping Beam+1","Seek+1","Coolheaded+1","Chill+1","Capacitor+1","Gash+1","Echo Form+1","Coolheaded+1","Hologram+1","Coolheaded+1","Blizzard+1","Sweeping Beam+1","Loop+1","Barrage+1","Echo Form+1","Chill+1","Rip and Tear+1","Capacitor+1","Barrage+1","Coolheaded+1","Self Repair+1","Defragment+1","Parasite","Defragment+1","Chill+1"],"relics":["FrozenCore","Prayer Wheel","Bloody Idol","Smiling Mask","Regal Pillow","Gremlin Horn","PreservedInsect","Kunai","Frozen Egg 2","Old Coin","Inserter","Calipers","Dream Catcher","Bronze Scales","Blood Vial","Juzu Bracelet","Mark of the Bloom"],"potions_floor_usage":[7,16,30,41],"damage_taken":[{"damage":8,"enemies":"Small Slimes","floor":1,"turns":3},{"damage":0,"enemies":"2 Louse","floor":3,"turns":3},{"damage":12,"enemies":"Jaw Worm","floor":5,"turns":4},{"damage":13,"enemies":"3 Sentries","floor":7,"turns":12},{"damage":7,"enemies":"Red Slaver","floor":8,"turns":3},{"damage":13,"enemies":"Lagavulin","floor":10,"turns":8},{"damage":7,"enemies":"3 Louse","floor":12,"turns":5},{"damage":5,"enemies":"Exordium Wildlife","floor":13,"turns":4},{"damage":0,"enemies":"Red Slaver","floor":14,"turns":4},{"damage":22,"enemies":"The Guardian","floor":16,"turns":20},{"damage":12,"enemies":"Spheric Guardian","floor":18,"turns":6},{"damage":0,"enemies":"3 Byrds","floor":21,"turns":7},{"damage":4,"enemies":"Snake Plant","floor":22,"turns":9},{"damage":45,"enemies":"Book of Stabbing","floor":24,"turns":11},{"damage":12,"enemies":"Chosen and Byrds","floor":27,"turns":13},{"damage":26,"enemies":"Gremlin Leader","floor":28,"turns":9},{"damage":11,"enemies":"Slavers","floor":30,"turns":7},{"damage":12,"enemies":"Sentry and Sphere","floor":31,"turns":8},{"damage":10,"enemies":"Champ","floor":33,"turns":16},{"damage":0,"enemies":"Orb Walker","floor":35,"turns":8},{"damage":3,"enemies":"3 Darklings","floor":39,"turns":7},{"damage":3,"enemies":"Giant Head","floor":40,"turns":20},{"damage":3,"enemies":"Writhing Mass","floor":41,"turns":10},{"damage":14,"enemies":"Nemesis","floor":44,"turns":9},{"damage":95,"enemies":"2 Orb Walkers","floor":47,"turns":6}],"seed_played":"58073366276153877","potions_obtained":[{"floor":3,"key":"Dexterity Potion"},{"floor":7,"key":"Ancient Potion"},{"floor":14,"key":"PowerPotion"},{"floor":16,"key":"Poison Potion"},{"floor":18,"key":"FearPotion"},{"floor":22,"key":"Dexterity Potion"},{"floor":29,"key":"Fire Potion"},{"floor":33,"key":"SkillPotion"},{"floor":41,"key":"FearPotion"}],"is_trial":false,"path_per_floor":["M","?","M","?","M","R","E","M","T","E","$","M","M","M","R","B",null,"M","$","?","M","M","R","E","R","T","M","E","?","E","M","R","B",null,"M","?","$","?","M","E","M","R","T","E","?","R","?"],"character_chosen":"DEFECT","items_purchased":["Self Repair","Coolheaded","Auto Shields","Capacitor","Gash","Capacitor+1","Calipers","Barrage","Coolheaded","Dream Catcher"],"campfire_rested":2,"item_purchase_floors":[11,11,11,19,19,37,37,37,37,37],"current_hp_per_floor":[46,35,35,35,23,45,32,25,25,12,12,12,14,28,65,57,75,75,75,75,75,75,75,63,63,63,70,63,63,75,75,75,75,75,75,71,71,71,71,71,71,71,71,71,71,71,0],"gold":172,"neow_bonus":"ONE_RARE_RELIC","is_prod":false,"is_daily":false,"chose_seed":false,"campfire_upgraded":4,"win_rate":0,"timestamp":1547416423,"path_taken":["M","?","M","?","M","R","E","M","T","E","$","M","M","M","R","BOSS","M","$","?","M","M","R","E","R","T","M","E","?","E","?","R","BOSS","M","?","$","?","M","E","?","R","T","E","?","R","?"],"build_version":"2019-01-10","purchased_purges":3,"victory":false,"max_hp_per_floor":[75,75,75,75,75,75,75,75,75,75,75,75,75,75,75,75,75,75,75,75,75,75,75,75,75,75,75,75,75,75,75,75,75,75,75,71,71,71,71,71,71,71,71,71,71,71,71],"card_choices":[{"not_picked":["Rebound","Tempest"],"picked":"Gash","floor":1},{"not_picked":["Compile Driver","Scrape"],"picked":"Conserve Battery","floor":1},{"not_picked":["Ball Lightning","Rebound"],"picked":"Defragment","floor":3},{"not_picked":["Streamline","Stack"],"picked":"Cold Snap","floor":3},{"not_picked":["Beam Cell","Force Field"],"picked":"Core Surge","floor":5},{"not_picked":["Hologram","Beam Cell"],"picked":"Cold Snap","floor":5},{"not_picked":["Hello World","Stack"],"picked":"Redo","floor":7},{"not_picked":["Lockon","Thunder Strike"],"picked":"Go for the Eyes","floor":8},{"not_picked":["Beam Cell","Hologram"],"picked":"Steam Power","floor":8},{"not_picked":["Steam","Aggregate"],"picked":"Sunder","floor":10},{"not_picked":["Chaos","Streamline"],"picked":"Go for the Eyes","floor":12},{"not_picked":["Static Discharge","Undo"],"picked":"Conserve Battery","floor":12},{"not_picked":["Conserve Battery","Beam Cell"],"picked":"Self Repair","floor":13},{"not_picked":["Rip and Tear","Sunder"],"picked":"Blizzard","floor":13},{"not_picked":["Conserve Battery","Beam Cell"],"picked":"Core Surge","floor":14},{"not_picked":["Tempest","Stack"],"picked":"Sweeping Beam","floor":14},{"not_picked":["Reboot","Biased Cognition"],"picked":"Seek","floor":16},{"not_picked":["Turbo+1","Steam"],"picked":"Coolheaded","floor":18},{"not_picked":["Ball Lightning+1","Compile Driver+1"],"picked":"Chill+1","floor":18},{"not_picked":["Recycle+1","Conserve Battery"],"picked":"Echo Form","floor":21},{"not_picked":["Steam Power","Leap","Scrape"],"picked":"SKIP","floor":21},{"not_picked":["Darkness","Aggregate"],"picked":"Coolheaded","floor":22},{"not_picked":["Sweeping Beam","Go for the Eyes+1"],"picked":"Hologram+1","floor":22},{"not_picked":["Storm+1","Hologram"],"picked":"Coolheaded","floor":24},{"not_picked":["Steam","Go for the Eyes"],"picked":"Blizzard","floor":27},{"not_picked":["Hologram","Reprogram"],"picked":"Sweeping Beam","floor":27},{"not_picked":["Meteor Strike","Turbo"],"picked":"Sweeping Beam","floor":28},{"not_picked":["Cold Snap","Recycle+1"],"picked":"Loop+1","floor":30},{"not_picked":["Steam","Coolheaded"],"picked":"Barrage+1","floor":31},{"not_picked":["Sunder","Hologram+1","Tempest+1"],"picked":"SKIP","floor":31},{"not_picked":["Reboot","All For One"],"picked":"Echo Form+1","floor":33},{"not_picked":["Static Discharge+1","Sweeping Beam+1"],"picked":"Chill+1","floor":35},{"not_picked":["Tempest+1","Beam Cell+1"],"picked":"Rip and Tear+1","floor":35},{"not_picked":["Genetic Algorithm+1","Leap"],"picked":"Self Repair+1","floor":39},{"not_picked":["Cold Snap","Compile Driver+1"],"picked":"Defragment+1","floor":39},{"not_picked":["Fission","Static Discharge+1","Doom and Gloom"],"picked":"SKIP","floor":40},{"not_picked":["Cold Snap","Barrage"],"picked":"Defragment+1","floor":41},{"not_picked":["Beam Cell","FTL+1","Steam"],"picked":"SKIP","floor":41},{"not_picked":["Gash+1","Lockon"],"picked":"Chill","floor":44}],"player_experience":408405,"relics_obtained":[{"floor":7,"key":"Smiling Mask"},{"floor":9,"key":"Regal Pillow"},{"floor":10,"key":"Gremlin Horn"},{"floor":24,"key":"PreservedInsect"},{"floor":26,"key":"Kunai"},{"floor":28,"key":"Frozen Egg 2"},{"floor":30,"key":"Old Coin"},{"floor":40,"key":"Bronze Scales"},{"floor":43,"key":"Blood Vial"},{"floor":44,"key":"Juzu Bracelet"}],"event_choices":[{"damage_healed":0,"gold_gain":75,"player_choice":"Gather Gold","damage_taken":11,"max_hp_gain":0,"max_hp_loss":0,"event_name":"World of Goop","floor":2,"gold_loss":0},{"damage_healed":0,"gold_gain":0,"player_choice":"Take Wound","damage_taken":0,"relics_obtained":["Golden Idol"],"max_hp_gain":0,"max_hp_loss":0,"event_name":"Golden Idol","floor":4,"gold_loss":0,"cards_obtained":["Injury"]},{"damage_healed":0,"gold_gain":0,"player_choice":"Gave Idol","damage_taken":0,"relics_obtained":["Bloody Idol"],"max_hp_gain":0,"max_hp_loss":0,"event_name":"Forgotten Altar","floor":20,"relics_lost":["Golden Idol"],"gold_loss":0},{"damage_healed":0,"gold_gain":0,"player_choice":"Got Potions","damage_taken":0,"max_hp_gain":0,"max_hp_loss":0,"event_name":"Lab","floor":29,"gold_loss":0},{"damage_healed":0,"gold_gain":0,"player_choice":"Max HP","damage_taken":0,"max_hp_gain":0,"max_hp_loss":4,"event_name":"Winding Halls","floor":36,"gold_loss":0},{"cards_removed":["Sweeping Beam"],"damage_healed":5,"gold_gain":0,"player_choice":"Offered Common","damage_taken":0,"max_hp_gain":0,"max_hp_loss":0,"event_name":"Bonfire Elementals","floor":38,"gold_loss":0},{"cards_removed":["Sweeping Beam"],"damage_healed":5,"gold_gain":0,"player_choice":"Offered Special","damage_taken":0,"max_hp_gain":0,"max_hp_loss":0,"event_name":"Bonfire Elementals","floor":38,"gold_loss":0},{"damage_healed":0,"gold_gain":0,"player_choice":"Upgrade","damage_taken":0,"relics_obtained":["Mark of the Bloom"],"max_hp_gain":0,"max_hp_loss":0,"event_name":"MindBloom","floor":45,"gold_loss":0,"cards_upgraded":["Strike_B","Strike_B","Strike_B","Strike_B","Defend_B","Defend_B","Defend_B","Defend_B","Dualcast","Gash","Conserve Battery","Cold Snap","Core Surge","Cold Snap","Redo","Go for the Eyes","Sunder","Self Repair","Coolheaded","Auto Shields","Go for the Eyes","Conserve Battery","Self Repair","Blizzard","Core Surge","Sweeping Beam","Seek","Coolheaded","Gash","Coolheaded","Coolheaded","Sweeping Beam","Barrage","Coolheaded","Chill"]},{"damage_healed":0,"gold_gain":0,"player_choice":"Fight","damage_taken":0,"max_hp_gain":0,"max_hp_loss":0,"event_name":"Mysterious Sphere","floor":47,"gold_loss":0}],"is_beta":false,"boss_relics":[{"not_picked":["Black Star","Calling Bell"],"picked":"FrozenCore"},{"not_picked":["Pandora\u0027s Box","White Beast Statue"],"picked":"Inserter"}],"items_purged_floors":[11,19,37],"is_endless":false,"potions_floor_spawned":[3,7,14,16,18,22,33,35,41],"killed_by":"2 Orb Walkers","ascension_level":2}