{"gold_per_floor":[114,124,141,43,43,43,62,62,86,105,105,119,177,177,177,277,277,289,146,146,146,146,146,162,175,175,189,189,91,111,131,131,230,230,246,246,264,264],"floor_reached":38,"playtime":2823,"items_purged":[],"score":393,"play_id":"68d9908c-9084-438e-818c-23701c73644b","local_time":"20190127174534","is_ascension_mode":false,"campfire_choices":[{"data":"Neutralize","floor":6,"key":"SMITH"},{"data":"Blind","floor":8,"key":"SMITH"},{"data":"Prepared","floor":11,"key":"SMITH"},{"data":"Noxious Fumes","floor":15,"key":"SMITH"},{"data":"Reflex","floor":23,"key":"SMITH"},{"floor":28,"key":"REST"},{"floor":32,"key":"REST"}],"neow_cost":"NONE","seed_source_timestamp":340033971920000,"circlet_count":0,"master_deck":["Defend_G","Defend_G","Defend_G","Defend_G","Defend_G","Survivor","Neutralize+1","Footwork+1","Acrobatics+1","Endless Agony+1","Prepared+1","Heel Hook","Footwork","Blind+1","Prepared","Prepared","Eviscerate","Noxious Fumes+1","Reflex+1","Corpse Explosion","Prepared+1","Masterful Stab","Tactician","Bane+1","Well Laid Plans+1","Backstab+1","Venomology","Underhanded Strike+1","PiercingWail+1","Quick Slash+1","Accuracy","Quick Slash+1","Acrobatics+1"],"relics":["Astrolabe","PreservedInsect","Lantern","Empty Cage","Omamori","Molten Egg 2","Sundial","Orrery"],"potions_floor_usage":[13,16,25,27,33,33,33],"damage_taken":[{"damage":0,"enemies":"2 Louse","floor":1,"turns":3},{"damage":0,"enemies":"Jaw Worm","floor":2,"turns":4},{"damage":0,"enemies":"Cultist","floor":3,"turns":4},{"damage":3,"enemies":"2 Fungi Beasts","floor":7,"turns":5},{"damage":0,"enemies":"Exordium Wildlife","floor":10,"turns":6},{"damage":0,"enemies":"Lots of Slimes","floor":12,"turns":7},{"damage":2,"enemies":"3 Sentries","floor":13,"turns":6},{"damage":16,"enemies":"Slime Boss","floor":16,"turns":12},{"damage":14,"enemies":"3 Byrds","floor":18,"turns":3},{"damage":0,"enemies":"Shell Parasite","floor":24,"turns":4},{"damage":24,"enemies":"Sentry and Sphere","floor":25,"turns":7},{"damage":12,"enemies":"Chosen and Byrds","floor":27,"turns":8},{"damage":4,"enemies":"Snake Plant","floor":30,"turns":5},{"damage":10,"enemies":"Centurion and Healer","floor":31,"turns":6},{"damage":23,"enemies":"Champ","floor":33,"turns":14},{"damage":37,"enemies":"3 Darklings","floor":35,"turns":3},{"damage":22,"enemies":"Orb Walker","floor":37,"turns":6},{"damage":20,"enemies":"Writhing Mass","floor":38,"turns":2}],"seed_played":"-2150654294764622935","potions_obtained":[{"floor":3,"key":"PowerPotion"},{"floor":10,"key":"Energy Potion"},{"floor":12,"key":"Energy Potion"},{"floor":16,"key":"FearPotion"},{"floor":27,"key":"LiquidBronze"},{"floor":33,"key":"SpeedPotion"}],"is_trial":false,"path_per_floor":["M","M","M","$","?","R","M","R","T","M","R","M","?","?","R","B",null,"M","$","$","?","?","R","M","M","T","M","R","$","M","M","R","B",null,"M","?","M","M"],"character_chosen":"THE_SILENT","items_purchased":["Blind","Omamori","PowerPotion","SkillPotion"],"campfire_rested":2,"item_purchase_floors":[4,19,29,29],"current_hp_per_floor":[70,70,70,70,70,70,67,67,67,67,67,67,65,65,65,49,70,56,56,56,56,56,56,56,32,32,20,41,41,37,27,48,25,70,33,33,11,0],"gold":264,"neow_bonus":"BOSS_RELIC","is_prod":false,"is_daily":false,"chose_seed":false,"campfire_upgraded":5,"win_rate":0,"timestamp":1548639934,"path_taken":["M","M","M","$","?","R","M","R","T","M","R","M","?","?","R","BOSS","M","?","$","?","?","R","M","M","T","M","R","$","M","M","R","BOSS","M","?","?","M"],"build_version":"2019-01-23","purchased_purges":0,"victory":false,"max_hp_per_floor":[70,70,70,70,70,70,70,70,70,70,70,70,70,70,70,70,70,70,70,70,70,70,70,70,70,70,70,70,70,70,70,70,70,70,70,70,70,70],"card_choices":[{"not_picked":["Slice","Concentrate"],"picked":"Prepared","floor":1},{"not_picked":["Blur","Prepared"],"picked":"Heel Hook","floor":2},{"not_picked":["Noxious Fumes","Reflex"],"picked":"Footwork","floor":3},{"not_picked":["Caltrops","Deadly Poison"],"picked":"Prepared","floor":7},{"not_picked":["Dash","Blade Dance"],"picked":"Prepared","floor":10},{"not_picked":["Blade Dance","Choke"],"picked":"Eviscerate","floor":12},{"not_picked":["Catalyst","Escape Plan"],"picked":"Noxious Fumes","floor":13},{"not_picked":["After Image","Venomology"],"picked":"Corpse Explosion","floor":16},{"not_picked":["Quick Slash","Flying Knee"],"picked":"Prepared+1","floor":18},{"not_picked":["Deflect","Doppelganger"],"picked":"Tactician","floor":24},{"not_picked":["Dagger Spray+1","Slice+1","Underhanded Strike+1"],"picked":"SKIP","floor":25},{"not_picked":["Choke+1","Quick Slash+1"],"picked":"Bane+1","floor":27},{"not_picked":["Deflect","Dodge and Roll"],"picked":"Well Laid Plans+1","floor":30},{"not_picked":["Bane+1","Quick Slash+1"],"picked":"Backstab+1","floor":31},{"not_picked":["Glass Knife+1","Bullet Time"],"picked":"Venomology","floor":33},{"not_picked":["Deflect+1","Bane+1"],"picked":"Underhanded Strike+1","floor":34},{"not_picked":["Backflip","Unload+1"],"picked":"PiercingWail+1","floor":34},{"not_picked":["Expertise+1","Sucker Punch+1"],"picked":"Quick Slash+1","floor":34},{"not_picked":["Catalyst","Cloak And Dagger"],"picked":"Accuracy","floor":34},{"not_picked":["Backflip","Deflect"],"picked":"Quick Slash+1","floor":34},{"not_picked":["Bane+1","Backflip+1","Deflect+1"],"picked":"SKIP","floor":35},{"not_picked":["Deadly Poison+1","Heel Hook+1","Tactician"],"picked":"SKIP","floor":37}],"player_experience":66160,"relics_obtained":[{"floor":9,"key":"PreservedInsect"},{"floor":13,"key":"Lantern"},{"floor":26,"key":"Sundial"}],"event_choices":[{"damage_healed":0,"gold_gain":0,"player_choice":"Leave","damage_taken":0,"max_hp_gain":0,"max_hp_loss":0,"event_name":"The Cleric","floor":5,"gold_loss":0},{"damage_healed":0,"gold_gain":0,"player_choice":"Searched \u00271\u0027 times","damage_taken":0,"max_hp_gain":0,"max_hp_loss":0,"event_name":"Dead Adventurer","floor":13,"gold_loss":0},{"damage_healed":0,"gold_gain":0,"player_choice":"1 cards matched","damage_taken":0,"max_hp_gain":0,"max_hp_loss":0,"event_name":"Match and Keep!","floor":14,"gold_loss":0,"cards_obtained":["Reflex"]},{"damage_healed":0,"gold_gain":0,"player_choice":"Read","damage_taken":0,"max_hp_gain":0,"max_hp_loss":0,"event_name":"The Library","floor":21,"gold_loss":0,"cards_obtained":["Masterful Stab"]},{"damage_healed":0,"gold_gain":0,"player_choice":"Opened","damage_taken":0,"relics_obtained":["Molten Egg 2"],"max_hp_gain":0,"max_hp_loss":0,"event_name":"The Mausoleum","floor":22,"gold_loss":0},{"damage_healed":0,"gold_gain":0,"player_choice":"Copied","damage_taken":0,"max_hp_gain":0,"max_hp_loss":0,"event_name":"Duplicator","floor":36,"gold_loss":0,"cards_obtained":["Acrobatics"]}],"is_beta":false,"boss_relics":[{"not_picked":["Eternal Feather","Fusion Hammer"],"picked":"Empty Cage"},{"not_picked":["Runic Dome","Coffee Dripper"],"picked":"Orrery"}],"items_purged_floors":[],"is_endless":false,"potions_floor_spawned":[3,10,12,16,27,31,33],"killed_by":"Writhing Mass","ascension_level":0}