{"gold_per_floor":[118,137,152,152,152,183,21,40,40,40,50,50,96,116,116,221,221,202,202,202,202,117,117,131,147,196,10,0,0,16,16,16,113,113,130,30,30,46,61,61,0,0,26,40,40,50,67,80,80,80],"floor_reached":50,"playtime":1856,"items_purged":["Strike_B+1","Strike_B+1"],"score":469,"play_id":"b3e5a305-3fe3-4ab3-9d9c-e1a63d1822bd","local_time":"20181209010749","is_ascension_mode":false,"campfire_choices":[{"floor":10.0,"key":"RECALL"},{"floor":15.0,"key":"REST"},{"data":"Consume","floor":23.0,"key":"SMITH"},{"data":"Defragment","floor":29.0,"key":"SMITH"},{"data":"White Noise","floor":32.0,"key":"SMITH"},{"floor":40.0,"key":"REST"},{"floor":45.0,"key":"REST"},{"floor":49.0,"key":"REST"}],"neow_cost":"NONE","seed_source_timestamp":90351838896892,"circlet_count":0,"master_deck":["Strike_B+1","Strike_B+1","Defend_B+1","Defend_B+1","Defend_B+1","Defend_B+1","Zap","Dualcast","Static Discharge","Defragment+1","Consume+1","Capacitor","Thunder Strike","White Noise+1","Redo","Machine Learning","Loop","Defragment+1","Tempest","Ball Lightning","Electrodynamics","Redo+1","Lockon+1","Parasite","Defragment+1"],"special_seed":0,"relics":["Cracked Core","DataDisk","Mango","FossilizedHelix","Boot","Lizard Tail","Bag of Marbles","Dead Branch","Centennial Puzzle","Orrery","Red Mask","Juzu Bracelet"],"potions_floor_usage":[50],"damage_taken":[{"damage":7.0,"enemies":"Small Slimes","floor":1.0,"turns":2.0},{"damage":7.0,"enemies":"2 Louse","floor":2.0,"turns":2.0},{"damage":1.0,"enemies":"Jaw Worm","floor":3.0,"turns":4.0},{"damage":32.0,"enemies":"Gremlin Nob","floor":6.0,"turns":4.0},{"damage":14.0,"enemies":"3 Louse","floor":8.0,"turns":3.0},{"damage":4.0,"enemies":"Blue Slaver","floor":11.0,"turns":3.0},{"damage":0.0,"enemies":"Looter","floor":14.0,"turns":3.0},{"damage":30.0,"enemies":"Hexaghost","floor":16.0,"turns":7.0},{"damage":32.0,"enemies":"2 Thieves","floor":18.0,"turns":5.0},{"damage":0.0,"enemies":"Chosen","floor":24.0,"turns":4.0},{"damage":30.0,"enemies":"Sentry and Sphere","floor":25.0,"turns":4.0},{"damage":16.0,"enemies":"Centurion and Healer","floor":30.0,"turns":5.0},{"damage":87.0,"enemies":"Automaton","floor":33.0,"turns":8.0},{"damage":0.0,"enemies":"3 Shapes","floor":35.0,"turns":3.0},{"damage":15.0,"enemies":"Orb Walker","floor":38.0,"turns":3.0},{"damage":73.0,"enemies":"Writhing Mass","floor":39.0,"turns":4.0},{"damage":0.0,"enemies":"Transient","floor":44.0,"turns":5.0},{"damage":47.0,"enemies":"4 Shapes","floor":46.0,"turns":4.0},{"damage":0.0,"enemies":"Writhing Mass","floor":47.0,"turns":5.0},{"damage":32.0,"enemies":"Spire Growth","floor":48.0,"turns":4.0},{"damage":67,"enemies":"Time Eater","floor":50,"turns":5}],"seed_played":"3256349741669947234","potions_obtained":[{"floor":1.0,"key":"Swift Potion"},{"floor":3.0,"key":"Fruit Juice"},{"floor":6.0,"key":"Strength Potion"},{"floor":16.0,"key":"SpeedPotion"},{"floor":18.0,"key":"AttackPotion"},{"floor":30.0,"key":"FairyPotion"},{"floor":33.0,"key":"SteroidPotion"}],"is_trial":false,"path_per_floor":["M","M","M","?","?","E","$","M","T","R","M","?","T","M","R","B",null,"M","?","?","T","?","R","M","M","T","$","?","R","M","$","R","B",null,"M","$","?","M","M","R","?","$","T","M","R","M","M","M","R","B"],"character_chosen":"DEFECT","items_purchased":["Thunder Strike","Defragment","Tempest"],"campfire_rested":4,"item_purchase_floors":[7,27,27],"current_hp_per_floor":[68,61,60,60,60,47,47,33,33,33,29,29,29,29,57,27,94,62,62,93,93,93,93,93,63,63,63,63,63,47,47,47,9,94,94,94,94,79,6,34,34,34,34,34,62,15,15,37,65,0],"gold":80,"neow_bonus":"RANDOM_COMMON_RELIC","is_prod":false,"is_daily":false,"chose_seed":false,"campfire_upgraded":3,"win_rate":0,"timestamp":1544314069,"path_taken":["M","M","M","?","?","E","$","M","T","R","M","?","?","M","R","BOSS","M","?","?","?","?","R","M","M","T","$","?","R","M","?","R","BOSS","M","?","?","?","M","R","?","$","T","M","R","M","M","M","R","BOSS"],"build_version":"2018-12-06","purchased_purges":2,"victory":false,"max_hp_per_floor":[75,75,75,75,75,94,94,94,94,94,94,94,94,94,94,94,94,94,94,94,94,94,94,94,94,94,94,94,94,94,94,94,94,94,94,94,94,94,94,94,94,94,94,94,94,94,94,94,94,94],"card_choices":[{"not_picked":["Leap","Fusion"],"picked":"Static Discharge","floor":1.0},{"not_picked":["Stack","BootSequence"],"picked":"Defragment","floor":2.0},{"not_picked":["FTL","Ball Lightning"],"picked":"Consume","floor":3.0},{"not_picked":["Auto Shields","Compile Driver"],"picked":"Capacitor","floor":6.0},{"not_picked":["Streamline","Doom and Gloom"],"picked":"White Noise","floor":8.0},{"not_picked":["Recycle","Gash","Melter"],"picked":"SKIP","floor":11.0},{"not_picked":["Compile Driver","Stack"],"picked":"Redo","floor":14.0},{"not_picked":["Core Surge","Thunder Strike"],"picked":"Machine Learning","floor":16.0},{"not_picked":["Sunder+1","Chill"],"picked":"Loop","floor":18.0},{"not_picked":["Barrage+1","Reprogram","Compile Driver"],"picked":"SKIP","floor":24.0},{"not_picked":["Streamline+1","Redo","Beam Cell"],"picked":"SKIP","floor":25.0},{"not_picked":["Genetic Algorithm","Fusion"],"picked":"Ball Lightning","floor":30.0},{"not_picked":["Core Surge","Fission"],"picked":"Electrodynamics","floor":33.0},{"not_picked":["Leap","Blizzard+1"],"picked":"Redo+1","floor":34.0},{"not_picked":["Cold Snap","Go for the Eyes+1"],"picked":"Lockon+1","floor":35.0},{"not_picked":["Rebound","Aggregate+1","Leap"],"picked":"SKIP","floor":38.0},{"not_picked":["Hologram","Hello World","Conserve Battery"],"picked":"SKIP","floor":39.0},{"not_picked":["Go for the Eyes","Electrodynamics","Conserve Battery"],"picked":"SKIP","floor":44.0},{"not_picked":["Leap","Darkness","Cold Snap"],"picked":"SKIP","floor":46.0},{"not_picked":["Heatsinks","Compile Driver+1","Reprogram+1"],"picked":"SKIP","floor":47.0},{"not_picked":["Gash","Force Field+1"],"picked":"Defragment+1","floor":48.0}],"player_experience":563657,"relics_obtained":[{"floor":6.0,"key":"Mango"},{"floor":13.0,"key":"Boot"},{"floor":21.0,"key":"Bag of Marbles"},{"floor":26.0,"key":"Centennial Puzzle"},{"floor":43.0,"key":"Juzu Bracelet"}],"event_choices":[{"damage_healed":0.0,"max_hp_gain":0.0,"max_hp_loss":0.0,"gold_gain":0.0,"event_name":"Golden Idol","player_choice":"Ignored","floor":4.0,"gold_loss":0.0,"damage_taken":0.0},{"damage_healed":0.0,"max_hp_gain":0.0,"max_hp_loss":0.0,"gold_gain":0.0,"event_name":"Living Wall","player_choice":"Grow","floor":5.0,"gold_loss":0.0,"damage_taken":0.0,"cards_upgraded":["Defragment"]},{"damage_healed":0.0,"max_hp_gain":0.0,"max_hp_loss":0.0,"gold_gain":0.0,"event_name":"Dead Adventurer","player_choice":"Searched \u00271\u0027 times","floor":12.0,"gold_loss":0.0,"damage_taken":0.0,"relics_obtained":["FossilizedHelix"]},{"damage_healed":0.0,"max_hp_gain":0.0,"max_hp_loss":0.0,"gold_gain":0.0,"event_name":"Back to Basics","player_choice":"Simplicity","floor":19.0,"gold_loss":0.0,"damage_taken":0.0,"cards_upgraded":["Strike_B","Strike_B","Strike_B","Strike_B","Defend_B","Defend_B","Defend_B","Defend_B"]},{"damage_healed":31.0,"max_hp_gain":0.0,"max_hp_loss":0.0,"gold_gain":0.0,"event_name":"The Library","player_choice":"Heal","floor":20.0,"gold_loss":0.0,"damage_taken":0.0},{"damage_healed":0.0,"max_hp_gain":0.0,"max_hp_loss":0.0,"gold_gain":0.0,"event_name":"Addict","player_choice":"Obtained Relic","floor":22.0,"gold_loss":85.0,"damage_taken":0.0,"relics_obtained":["Dead Branch"]},{"damage_healed":0.0,"max_hp_gain":0.0,"max_hp_loss":0.0,"gold_gain":0.0,"event_name":"Masked Bandits","player_choice":"Paid Fearfully","floor":28.0,"gold_loss":10.0,"damage_taken":0.0},{"damage_healed":0.0,"max_hp_gain":0.0,"max_hp_loss":0.0,"gold_gain":0.0,"event_name":"Match and Keep!","player_choice":"0 cards matched","floor":37.0,"gold_loss":0.0,"damage_taken":0.0,"cards_obtained":[]},{"damage_healed":0.0,"max_hp_gain":0.0,"max_hp_loss":0.0,"gold_gain":0.0,"event_name":"Tomb of Lord Red Mask","player_choice":"Paid","floor":41.0,"gold_loss":61.0,"damage_taken":0.0,"relics_obtained":["Red Mask"]}],"is_beta":false,"boss_relics":[{"not_picked":["Runic Dome","Philosopher\u0027s Stone"],"picked":"Lizard Tail"},{"not_picked":["Nuclear Battery","Snecko Eye"],"picked":"Orrery"}],"items_purged_floors":[27,36],"is_endless":false,"potions_floor_spawned":[1,3,6,16,18,30,33,35,38],"killed_by":"Time Eater","ascension_level":0}