{"gold_per_floor":[109,129,51,65,65,90,105,125,125,157,157,108,133,81,81,178,178,189,189,189,189,242,274,300,315,339,339,371,385,385,398,398,499,499,518,140,140,140,155,186,196,196],"floor_reached":42,"playtime":2970,"items_purged":[],"score":584,"play_id":"49294e22-1520-4217-a38c-00974f43b8c0","local_time":"20181206184328","is_ascension_mode":false,"campfire_choices":[{"floor":11.0,"key":"REST"},{"data":"Spot Weakness","floor":15.0,"key":"SMITH"},{"floor":27.0,"key":"REST"},{"floor":30.0,"key":"REST"},{"data":"Bludgeon","floor":32.0,"key":"SMITH"}],"neow_cost":"PERCENT_DAMAGE","seed_source_timestamp":0,"circlet_count":0,"master_deck":["Strike_R+1","Strike_R+1","Strike_R+1","Strike_R+1","Strike_R+1","Defend_R+1","Defend_R+1","Defend_R+1","Bash","Anger","Spot Weakness+1","Disarm","Cleave","Infernal Blade","Shrug It Off","Ghostly Armor","Feed","Clash","Bludgeon+1","Anger","Inflame","Anger","Clothesline+1","Anger","Whirlwind+1","Heavy Blade","Infernal Blade","Limit Break","Pommel Strike","Perfected Strike+1","Shrug It Off+1","Perfected Strike","Anger","Dark Shackles","Perfected Strike","Seeing Red+1"],"special_seed":0,"relics":["Black Blood","Ginger","Ice Cream","Mango","Pear","WingedGreaves","MutagenicStrength","Letter Opener","Regal Pillow","Calipers","Oddly Smooth Stone","Dream Catcher","Red Mask","Orrery","Sling","Juzu Bracelet","The Courier"],"potions_floor_usage":[39],"damage_taken":[{"damage":1.0,"enemies":"Jaw Worm","floor":1.0,"turns":5.0},{"damage":1.0,"enemies":"Cultist","floor":2.0,"turns":3.0},{"damage":0.0,"enemies":"Small Slimes","floor":4.0,"turns":4.0},{"damage":22.0,"enemies":"Lagavulin","floor":6.0,"turns":6.0},{"damage":1.0,"enemies":"2 Fungi Beasts","floor":7.0,"turns":2.0},{"damage":5.0,"enemies":"Looter","floor":8.0,"turns":4.0},{"damage":22.0,"enemies":"Gremlin Nob","floor":10.0,"turns":4.0},{"damage":10.0,"enemies":"3 Sentries","floor":13.0,"turns":5.0},{"damage":36.0,"enemies":"The Guardian","floor":16.0,"turns":10.0},{"damage":0.0,"enemies":"Chosen","floor":18.0,"turns":4.0},{"damage":30.0,"enemies":"Slavers","floor":23.0,"turns":5.0},{"damage":41.0,"enemies":"Gremlin Leader","floor":24.0,"turns":7.0},{"damage":15.0,"enemies":"3 Byrds","floor":25.0,"turns":7.0},{"damage":20.0,"enemies":"Masked Bandits","floor":28.0,"turns":4.0},{"damage":25.0,"enemies":"Centurion and Healer","floor":29.0,"turns":5.0},{"damage":4.0,"enemies":"Snake Plant","floor":31.0,"turns":4.0},{"damage":78.0,"enemies":"Champ","floor":33.0,"turns":9.0},{"damage":0,"enemies":"3 Shapes","floor":35,"turns":5},{"damage":14,"enemies":"Orb Walker","floor":39,"turns":4},{"damage":55,"enemies":"Reptomancer","floor":40,"turns":6},{"damage":37,"enemies":"Maw","floor":41,"turns":6},{"damage":58,"enemies":"Spire Growth","floor":42,"turns":3}],"seed_played":"6292646760993895171","potions_obtained":[{"floor":2.0,"key":"LiquidBronze"},{"floor":4.0,"key":"Explosive Potion"},{"floor":6.0,"key":"Explosive Potion"},{"floor":16.0,"key":"Swift Potion"},{"floor":25.0,"key":"GamblersBrew"},{"floor":28.0,"key":"SteroidPotion"},{"floor":31.0,"key":"Energy Potion"},{"floor":35,"key":"Dexterity Potion"}],"is_trial":false,"path_per_floor":["M","M","$","M","?","E","M","M","T","E","R","$","E","$","R","B",null,"M","?","?","?","T","E","E","M","T","R","?","M","R","M","R","B",null,"M","$","?","?","M","E","M","M"],"character_chosen":"IRONCLAD","items_purchased":["Disarm","Dexterity Potion","Clash","Sling","Juzu Bracelet","Anger"],"campfire_rested":3,"item_purchase_floors":[3,12,14,36,36,36],"current_hp_per_floor":[61,66,66,72,72,56,61,62,76,70,101,101,97,97,97,70,107,107,107,107,107,107,90,59,54,54,102,95,80,113,113,113,45,113,116,116,116,116,112,67,40,0],"gold":196,"neow_bonus":"ONE_RARE_RELIC","is_prod":false,"is_daily":false,"chose_seed":false,"campfire_upgraded":2,"win_rate":0,"timestamp":1544118208,"path_taken":["M","M","$","M","?","E","M","M","T","E","R","$","E","?","R","BOSS","M","?","?","?","?","E","E","?","T","R","?","M","R","M","R","BOSS","M","$","?","?","M","E","M","M"],"build_version":"2018-11-15","purchased_purges":0,"victory":false,"max_hp_per_floor":[80,80,80,80,80,80,80,80,94,104,104,104,104,104,104,107,107,107,107,107,107,107,110,110,110,110,110,113,113,113,113,113,113,113,116,116,116,116,116,116,116,116],"card_choices":[{"not_picked":["Body Slam","Headbutt"],"picked":"Anger","floor":1.0},{"not_picked":["Corruption","Armaments"],"picked":"Spot Weakness","floor":2.0},{"not_picked":["Rupture","Iron Wave"],"picked":"Cleave","floor":4.0},{"not_picked":["Havoc","Sword Boomerang"],"picked":"Infernal Blade","floor":6.0},{"not_picked":["Entrench","Burning Pact"],"picked":"Shrug It Off","floor":7.0},{"not_picked":["Clash","Flame Barrier","Havoc"],"picked":"SKIP","floor":8.0},{"not_picked":["Bloodletting","Iron Wave"],"picked":"Ghostly Armor","floor":10.0},{"not_picked":["Battle Trance","Rampage"],"picked":"Feed","floor":13.0},{"not_picked":["Barricade","Brutality"],"picked":"Bludgeon","floor":16.0},{"not_picked":["Cleave","Havoc"],"picked":"Anger","floor":18.0},{"not_picked":["Pommel Strike","Feed"],"picked":"Inflame","floor":23.0},{"not_picked":["Sword Boomerang+1","Warcry+1","Power Through"],"picked":"SKIP","floor":24.0},{"not_picked":["Flame Barrier","Havoc"],"picked":"Anger","floor":25.0},{"not_picked":["Whirlwind","Dual Wield+1"],"picked":"Clothesline+1","floor":27.0},{"not_picked":["Carnage","Headbutt"],"picked":"Anger","floor":28.0},{"not_picked":["Carnage","True Grit"],"picked":"Whirlwind+1","floor":29.0},{"not_picked":["Dropkick","Warcry+1"],"picked":"Heavy Blade","floor":30.0},{"not_picked":["True Grit+1","Whirlwind+1"],"picked":"Infernal Blade","floor":31.0},{"not_picked":["Barricade","Dark Embrace"],"picked":"Limit Break","floor":33.0},{"not_picked":["Warcry","Shrug It Off+1"],"picked":"Pommel Strike","floor":34},{"not_picked":["Feel No Pain","Searing Blow+1"],"picked":"Perfected Strike+1","floor":34},{"not_picked":["Body Slam","Heavy Blade"],"picked":"Shrug It Off+1","floor":34},{"not_picked":["Clothesline","Body Slam+1"],"picked":"Perfected Strike","floor":35},{"not_picked":["The Bomb","Forethought"],"picked":"Dark Shackles","floor":38},{"not_picked":["Headbutt+1","Clash"],"picked":"Perfected Strike","floor":39},{"not_picked":["Iron Wave","Body Slam"],"picked":"Seeing Red+1","floor":40},{"not_picked":["Whirlwind","Anger","Cleave+1"],"picked":"SKIP","floor":41}],"player_experience":145946,"relics_obtained":[{"floor":6.0,"key":"Ice Cream"},{"floor":9.0,"key":"Mango"},{"floor":10.0,"key":"Pear"},{"floor":13.0,"key":"WingedGreaves"},{"floor":22.0,"key":"Regal Pillow"},{"floor":23.0,"key":"Calipers"},{"floor":24.0,"key":"Oddly Smooth Stone"},{"floor":26.0,"key":"Dream Catcher"},{"floor":28.0,"key":"Red Mask"},{"floor":40,"key":"The Courier"}],"event_choices":[{"damage_healed":0.0,"max_hp_gain":0.0,"max_hp_loss":0.0,"gold_gain":0.0,"event_name":"NoteForYourself","player_choice":"Ignored","floor":5.0,"gold_loss":0.0,"damage_taken":0.0},{"damage_healed":0.0,"max_hp_gain":0.0,"max_hp_loss":0.0,"gold_gain":0.0,"event_name":"Drug Dealer","player_choice":"Inject Mutagens","floor":19.0,"gold_loss":0.0,"damage_taken":0.0,"relics_obtained":["MutagenicStrength"]},{"damage_healed":0.0,"max_hp_gain":0.0,"max_hp_loss":0.0,"gold_gain":0.0,"event_name":"The Mausoleum","player_choice":"Opened","floor":20.0,"gold_loss":0.0,"damage_taken":0.0,"relics_obtained":["Letter Opener"]},{"damage_healed":0.0,"max_hp_gain":0.0,"max_hp_loss":0.0,"gold_gain":0.0,"event_name":"Back to Basics","player_choice":"Simplicity","floor":21.0,"gold_loss":0.0,"damage_taken":0.0,"cards_upgraded":["Strike_R","Strike_R","Strike_R","Strike_R","Strike_R","Defend_R","Defend_R","Defend_R","Defend_R"]},{"damage_healed":0.0,"max_hp_gain":0.0,"max_hp_loss":0.0,"gold_gain":0.0,"event_name":"Masked Bandits","player_choice":"Fought Bandits","floor":28.0,"gold_loss":0.0,"damage_taken":0.0},{"cards_removed":["Defend_R"],"damage_healed":0,"gold_gain":0,"player_choice":"Removed Skill","damage_taken":0,"max_hp_gain":0,"max_hp_loss":0,"event_name":"Falling","floor":37,"gold_loss":0},{"damage_healed":0,"gold_gain":0,"player_choice":"Memory 1","damage_taken":0,"max_hp_gain":0,"max_hp_loss":0,"event_name":"SensoryStone","floor":38,"gold_loss":0}],"is_beta":false,"boss_relics":[{"not_picked":["Coffee Dripper","Runic Dome"],"picked":"Black Blood"},{"not_picked":["Astrolabe","Velvet Choker"],"picked":"Orrery"}],"items_purged_floors":[],"is_endless":false,"potions_floor_spawned":[2,4,6,16,25,28,31,35],"killed_by":"Spire Growth","ascension_level":0}