{"gold_per_floor":[115,130,130,130,208,243,256,1,1,21,37,37,37,50,50,151,151,169,183,383,383,307,307,307,29,29,29],"floor_reached":27,"playtime":843,"items_purged":[],"score":236,"play_id":"fef1b59d-a747-432d-99ee-af9ae06beb78","local_time":"20180731003038","is_ascension_mode":false,"campfire_choices":[{"data":"Capacitor","floor":13,"key":"SMITH"},{"floor":15,"key":"REST"},{"floor":23,"key":"REST"}],"neow_cost":"NONE","seed_source_timestamp":777767213896786,"circlet_count":0,"master_deck":["Strike_B","Strike_B","Strike_B","Strike_B","Defend_B","Defend_B","Defend_B","Defend_B","Zap+1","Dualcast","Conserve Battery","Streamline","Capacitor+1","Conserve Battery","Streamline","Reinforced Body","Machine Learning+1","Tempest","Ball Lightning","Barrage","Streamline","Streamline","Amplify","Defragment+1","Streamline","Apotheosis","Sunder"],"relics":["Cracked Core","Meat on the Bone","Frozen Egg 2","Letter Opener","Orrery","Girya"],"potions_floor_usage":[27,27],"damage_taken":[{"damage":7,"enemies":"2 Louse","floor":1,"turns":4},{"damage":12,"enemies":"Small Slimes","floor":2,"turns":4},{"damage":33,"enemies":"Lagavulin","floor":6,"turns":7},{"damage":6,"enemies":"Cultist","floor":7,"turns":4},{"damage":8,"enemies":"Large Slime","floor":10,"turns":6},{"damage":8,"enemies":"Lots of Slimes","floor":11,"turns":3},{"damage":13,"enemies":"Red Slaver","floor":14,"turns":3},{"damage":46,"enemies":"Slime Boss","floor":16,"turns":10},{"damage":16,"enemies":"Chosen","floor":18,"turns":6},{"damage":30,"enemies":"Shell Parasite","floor":19,"turns":7},{"damage":69,"enemies":"Slavers","floor":27,"turns":4}],"seed_played":"-5100221372282490026","potions_obtained":[],"is_trial":false,"path_per_floor":["M","M","?","?","?","E","M","$","T","M","M","$","R","M","R","B",null,"M","M","?","?","$","R","?","$","T"],"character_chosen":"DEFECT","items_purchased":["Frozen Egg 2","Defragment+1","Apotheosis","Sunder"],"campfire_rested":2,"item_purchase_floors":[8,22,25,25],"current_hp_per_floor":[68,56,75,75,75,42,48,48,48,40,44,44,44,43,65,31,75,59,41,41,41,41,63,63,63,63,0],"gold":29,"neow_bonus":"THREE_SMALL_POTIONS","is_prod":false,"is_daily":false,"chose_seed":false,"campfire_upgraded":1,"win_rate":0.0,"timestamp":1532989838,"path_taken":["M","M","?","?","?","E","?","$","T","M","M","$","R","M","R","BOSS","M","M","?","?","$","R","?","$","T","E"],"build_version":"2018-07-26","purchased_purges":0,"victory":false,"max_hp_per_floor":[75,75,75,75,75,75,75,75,75,75,75,75,75,75,75,75,75,75,75,75,75,75,75,75,75,75,75],"card_choices":[{"not_picked":["Turbo","Capacitor"],"picked":"Conserve Battery","floor":1},{"not_picked":["Compile Driver","Cold Snap"],"picked":"Streamline","floor":2},{"not_picked":["Turbo","Coolheaded"],"picked":"Capacitor","floor":6},{"not_picked":["Gash","Glacier"],"picked":"Conserve Battery","floor":7},{"not_picked":["Barrage","Cold Snap"],"picked":"Streamline","floor":10},{"not_picked":["Redo","Sweeping Beam","Coolheaded"],"picked":"SKIP","floor":11},{"not_picked":["Hologram","Coolheaded"],"picked":"Reinforced Body","floor":14},{"not_picked":["Hyperbeam","Rainbow"],"picked":"Machine Learning+1","floor":16},{"not_picked":["Heatsinks+1","Recycle"],"picked":"Tempest","floor":17},{"not_picked":["Storm+1","Conserve Battery"],"picked":"Ball Lightning","floor":17},{"not_picked":["Hologram","Reprogram"],"picked":"Barrage","floor":17},{"not_picked":["Steam","Sweeping Beam"],"picked":"Streamline","floor":17},{"not_picked":["Blizzard","Rebound"],"picked":"Streamline","floor":17},{"not_picked":["Redo","Cold Snap","Double Energy"],"picked":"SKIP","floor":18},{"not_picked":["Aggregate","Beam Cell"],"picked":"Amplify","floor":19}],"player_experience":233463,"relics_obtained":[{"floor":6,"key":"Meat on the Bone"},{"floor":9,"key":"Letter Opener"},{"floor":26,"key":"Girya"}],"event_choices":[{"event_name":"Big Fish","player_choice":"Banana","floor":3,"damage_taken":0},{"event_name":"Accursed Blacksmith","player_choice":"Forge","floor":4,"damage_taken":0},{"event_name":"Golden Wing","player_choice":"Gained Gold","floor":5,"damage_taken":0},{"event_name":"Wheel of Change","player_choice":"Gold","floor":20,"damage_taken":0},{"event_name":"Purifier","player_choice":"Skipped","floor":21,"damage_taken":0},{"event_name":"The Library","player_choice":"Read","floor":24,"damage_taken":0}],"is_beta":false,"boss_relics":[{"not_picked":["Velvet Choker","White Beast Statue"],"picked":"Orrery"}],"items_purged_floors":[],"is_endless":false,"potions_floor_spawned":[2,10,11,16,19],"killed_by":"Slavers","ascension_level":0}