{"gold_per_floor":[113,124,141,216,216,216,235,270,324,324,353,51,67,87,87,191,191,210,14,14,14,29,56,74,101,150,160,160,14,14,25,25,25],"floor_reached":33,"playtime":1169,"items_purged":["Strike_R"],"score":356,"play_id":"7ef911b4-66ad-4262-82dd-3ff24398b517","local_time":"20181222102119","is_ascension_mode":true,"campfire_choices":[{"data":"Hemokinesis","floor":6.0,"key":"SMITH"},{"floor":15.0,"key":"REST"},{"floor":28.0,"key":"REST"},{"floor":32.0,"key":"REST"}],"neow_cost":"NONE","seed_source_timestamp":207991143001320,"circlet_count":0,"master_deck":["Strike_R","Strike_R","Strike_R","Defend_R","Defend_R","Defend_R","Defend_R","Bash","Cleave","Clash","Hemokinesis+1","Flex+1","Inflame","Thunderclap","Headbutt","Carnage","Bloodletting","Fiend Fire","Clash","Hemokinesis","Shrug It Off","Clothesline","Flex","Twin Strike","Clash","Heavy Blade","Cleave+1"],"special_seed":0,"relics":["Burning Blood","Potion Belt","Red Skull","Tiny Chest","MawBank","Turnip","White Beast Statue","Smiling Mask","Pantograph","Anchor","Bronze Scales","MutagenicStrength"],"potions_floor_usage":[33],"damage_taken":[{"damage":9.0,"enemies":"2 Louse","floor":1.0,"turns":4.0},{"damage":6.0,"enemies":"Cultist","floor":2.0,"turns":4.0},{"damage":4.0,"enemies":"Jaw Worm","floor":3.0,"turns":3.0},{"damage":2.0,"enemies":"Blue Slaver","floor":7.0,"turns":2.0},{"damage":31.0,"enemies":"Lagavulin","floor":8.0,"turns":5.0},{"damage":28.0,"enemies":"Gremlin Nob","floor":11.0,"turns":4.0},{"damage":6.0,"enemies":"Looter","floor":13.0,"turns":2.0},{"damage":12.0,"enemies":"Exordium Wildlife","floor":14.0,"turns":2.0},{"damage":29.0,"enemies":"Slime Boss","floor":16.0,"turns":7.0},{"damage":3.0,"enemies":"Chosen","floor":18.0,"turns":3.0},{"damage":6.0,"enemies":"Spheric Guardian","floor":22.0,"turns":3.0},{"damage":51.0,"enemies":"Book of Stabbing","floor":23.0,"turns":5.0},{"damage":6.0,"enemies":"Cultist and Chosen","floor":24.0,"turns":4.0},{"damage":31.0,"enemies":"Slavers","floor":25.0,"turns":4.0},{"damage":4.0,"enemies":"3 Cultists","floor":27.0,"turns":4.0},{"damage":13.0,"enemies":"Snake Plant","floor":31.0,"turns":3.0},{"damage":85,"enemies":"Champ","floor":33,"turns":9}],"seed_played":"7778725580707496066","potions_obtained":[{"floor":2.0,"key":"SpeedPotion"},{"floor":3.0,"key":"SpeedPotion"},{"floor":11.0,"key":"EssenceOfSteel"},{"floor":13.0,"key":"GamblersBrew"},{"floor":18.0,"key":"Energy Potion"},{"floor":22.0,"key":"LiquidBronze"},{"floor":23.0,"key":"Block Potion"},{"floor":24.0,"key":"PowerPotion"},{"floor":25.0,"key":"Energy Potion"},{"floor":27.0,"key":"GamblersBrew"},{"floor":31.0,"key":"PowerPotion"}],"is_trial":false,"path_per_floor":["M","M","M","?","?","R","M","E","T","?","E","$","M","M","R","B",null,"M","$","?","?","M","E","M","E","T","M","R","$","?","M","R","B"],"character_chosen":"IRONCLAD","items_purchased":["Turnip","Headbutt","Hemokinesis","Shrug It Off","Bronze Scales"],"campfire_rested":3,"item_purchase_floors":[12,12,19,19,29],"current_hp_per_floor":[77,77,79,68,68,68,72,47,47,47,25,25,25,19,43,20,80,80,80,80,80,80,35,35,10,10,12,36,36,36,29,53,0],"gold":25,"neow_bonus":"RANDOM_COMMON_RELIC","is_prod":false,"is_daily":false,"chose_seed":false,"campfire_upgraded":1,"win_rate":0,"timestamp":1545502879,"path_taken":["M","M","M","?","?","R","M","E","T","?","E","$","?","M","R","BOSS","M","$","?","?","M","E","M","E","T","M","R","$","?","?","R","BOSS"],"build_version":"2018-12-20","purchased_purges":1,"victory":false,"max_hp_per_floor":[80,80,80,80,80,80,80,80,80,80,80,80,80,80,80,80,80,80,80,80,80,80,80,80,80,80,80,80,80,80,80,80,80],"card_choices":[{"not_picked":["Body Slam","Evolve"],"picked":"Cleave","floor":1.0},{"not_picked":["Wild Strike","Sentinel"],"picked":"Clash","floor":2.0},{"not_picked":["Iron Wave","Cleave"],"picked":"Hemokinesis","floor":3.0},{"not_picked":["Anger","Combust"],"picked":"Flex","floor":7.0},{"not_picked":["Limit Break","Cleave"],"picked":"Inflame","floor":8.0},{"not_picked":["Warcry","Pommel Strike"],"picked":"Thunderclap","floor":11.0},{"not_picked":["Warcry","Wild Strike"],"picked":"Carnage","floor":13.0},{"not_picked":["Body Slam","Warcry"],"picked":"Bloodletting","floor":14.0},{"not_picked":["Bludgeon","Berserk"],"picked":"Fiend Fire","floor":16.0},{"not_picked":["Body Slam+1","Shockwave+1"],"picked":"Clash","floor":18.0},{"not_picked":["Iron Wave","Exhume"],"picked":"Clothesline","floor":22.0},{"not_picked":["Burning Pact","Headbutt"],"picked":"Flex","floor":23.0},{"not_picked":["Clothesline","Sword Boomerang"],"picked":"Twin Strike","floor":24.0},{"not_picked":["Shockwave","Dropkick"],"picked":"Clash","floor":25.0},{"not_picked":["Clash+1","Shockwave"],"picked":"Heavy Blade","floor":27.0},{"not_picked":["Headbutt+1","Shockwave"],"picked":"Cleave+1","floor":31.0}],"player_experience":220805,"relics_obtained":[{"floor":8.0,"key":"Red Skull"},{"floor":9.0,"key":"Tiny Chest"},{"floor":11.0,"key":"MawBank"},{"floor":23.0,"key":"Smiling Mask"},{"floor":25.0,"key":"Pantograph"},{"floor":26.0,"key":"Anchor"}],"event_choices":[{"damage_healed":0.0,"max_hp_gain":0.0,"max_hp_loss":0.0,"gold_gain":75.0,"event_name":"World of Goop","player_choice":"Gather Gold","floor":4.0,"gold_loss":0.0,"damage_taken":11.0},{"damage_healed":0.0,"max_hp_gain":0.0,"max_hp_loss":0.0,"gold_gain":0.0,"event_name":"The Cleric","player_choice":"Leave","floor":5.0,"gold_loss":0.0,"damage_taken":0.0},{"damage_healed":0.0,"max_hp_gain":0.0,"max_hp_loss":0.0,"gold_gain":0.0,"event_name":"Accursed Blacksmith","player_choice":"Forge","floor":10.0,"gold_loss":0.0,"damage_taken":0.0,"cards_upgraded":["Flex"]},{"damage_healed":0.0,"max_hp_gain":0.0,"max_hp_loss":0.0,"gold_gain":0.0,"event_name":"Ghosts","player_choice":"Ignored","floor":20.0,"gold_loss":0.0,"damage_taken":0.0},{"cards_removed":["Strike_R"],"damage_healed":0.0,"max_hp_gain":0.0,"max_hp_loss":0.0,"gold_gain":0.0,"event_name":"Back to Basics","player_choice":"Elegance","floor":21.0,"gold_loss":0.0,"damage_taken":0.0},{"damage_healed":0.0,"max_hp_gain":0.0,"max_hp_loss":0.0,"gold_gain":0.0,"event_name":"Drug Dealer","player_choice":"Inject Mutagens","floor":30.0,"gold_loss":0.0,"damage_taken":0.0,"relics_obtained":["MutagenicStrength"]}],"is_beta":false,"boss_relics":[{"not_picked":["Lizard Tail","Sozu"],"picked":"White Beast Statue"}],"items_purged_floors":[19],"is_endless":false,"potions_floor_spawned":[2,3,11,13,18,22,23,24,25,27,31],"killed_by":"Champ","ascension_level":4}