{"gold_per_floor":[116,126,126,55,68,68,96,96,96,96,96],"floor_reached":11,"playtime":318,"items_purged":[],"score":117,"play_id":"b30a6475-467c-46fb-916e-c96d54d67ecb","local_time":"20190202130332","is_ascension_mode":true,"campfire_choices":[{"data":"Bash","floor":6,"key":"SMITH"},{"data":"Metallicize","floor":8,"key":"SMITH"},{"data":"Power Through","floor":10,"key":"SMITH"}],"neow_cost":"NONE","seed_source_timestamp":163667231726900,"circlet_count":0,"master_deck":["AscendersBane","Strike_R","Strike_R","Strike_R","Strike_R","Defend_R","Defend_R","Defend_R","Defend_R","Bash+1","Brutality","Rupture","Power Through+1","Spot Weakness","Metallicize+1"],"relics":["Burning Blood","Matryoshka","Smiling Mask","Question Card"],"potions_floor_usage":[11,11],"damage_taken":[{"damage":13,"enemies":"Jaw Worm","floor":1,"turns":3},{"damage":22,"enemies":"Cultist","floor":2,"turns":5},{"damage":5,"enemies":"2 Louse","floor":5,"turns":4},{"damage":29,"enemies":"Lagavulin","floor":7,"turns":7},{"damage":27,"enemies":"3 Sentries","floor":11,"turns":7}],"seed_played":"-5457879571834076499","potions_obtained":[{"floor":1,"key":"Swift Potion"},{"floor":7,"key":"SteroidPotion"}],"is_trial":false,"path_per_floor":["M","M","?","$","M","R","E","R","T","R","E"],"character_chosen":"IRONCLAD","items_purchased":["Spot Weakness"],"campfire_rested":0,"item_purchase_floors":[4],"current_hp_per_floor":[65,49,49,49,50,50,27,27,27,27,0],"gold":96,"neow_bonus":"ONE_RANDOM_RARE_CARD","is_prod":false,"is_daily":false,"chose_seed":false,"campfire_upgraded":3,"win_rate":0,"timestamp":1549112612,"path_taken":["M","M","?","?","M","R","E","R","T","R","E"],"build_version":"2019-01-23","purchased_purges":0,"victory":false,"max_hp_per_floor":[80,80,80,80,80,80,80,80,80,80,80],"card_choices":[{"not_picked":["Clash","Wild Strike"],"picked":"Rupture","floor":1},{"not_picked":["Armaments","Body Slam"],"picked":"Power Through","floor":2},{"not_picked":["Fire Breathing","Twin Strike"],"picked":"Metallicize","floor":5},{"not_picked":["Searing Blow","Power Through","Twin Strike"],"picked":"SKIP","floor":7}],"player_experience":206723,"relics_obtained":[{"floor":7,"key":"Matryoshka"},{"floor":9,"key":"Smiling Mask"},{"floor":9,"key":"Question Card"}],"event_choices":[{"cards_removed":["Strike_R"],"damage_healed":0,"gold_gain":0,"player_choice":"Offered Basic","damage_taken":0,"max_hp_gain":0,"max_hp_loss":0,"event_name":"Bonfire Elementals","floor":3,"gold_loss":0}],"is_beta":false,"boss_relics":[],"items_purged_floors":[],"is_endless":false,"potions_floor_spawned":[1,7],"killed_by":"3 Sentries","ascension_level":13}