{"gold_per_floor":[112,112,122,95,20,49,61,79,79,79,143,160,160,160],"floor_reached":14,"playtime":633,"items_purged":["Strike_G"],"score":90,"play_id":"ea912db2-040a-419e-8111-6191d7672419","local_time":"20190125191758","is_ascension_mode":false,"campfire_choices":[{"floor":10,"key":"REST"}],"neow_cost":"NONE","seed_source_timestamp":441366140072877,"circlet_count":0,"master_deck":["Defend_G","Defend_G","Defend_G","Defend_G","Defend_G","Strike_G","Strike_G","Strike_G","Survivor","Neutralize","Sucker Punch","Flying Knee","Dagger Throw","Slice"],"relics":["Ring of the Snake","Darkstone Periapt","Sundial","Bronze Scales","Nunchaku"],"potions_floor_usage":[],"damage_taken":[{"damage":0,"enemies":"Small Slimes","floor":1,"turns":5},{"damage":0,"enemies":"Jaw Worm","floor":3,"turns":4},{"damage":39,"enemies":"3 Sentries","floor":6,"turns":20},{"damage":0,"enemies":"2 Louse","floor":7,"turns":3},{"damage":0,"enemies":"2 Fungi Beasts","floor":8,"turns":4},{"damage":32,"enemies":"Lagavulin Event","floor":11,"turns":11},{"damage":6,"enemies":"3 Louse","floor":12,"turns":4},{"damage":0,"enemies":"Gremlin Nob","floor":14,"turns":1}],"seed_played":"4376487776594510406","potions_obtained":[{"floor":3,"key":"FearPotion"},{"floor":6,"key":"Explosive Potion"},{"floor":11,"key":"Block Potion"}],"is_trial":false,"path_per_floor":["M","?","M","?","$","E","M","M","T","R","?","M","?","E"],"character_chosen":"THE_SILENT","items_purchased":[],"campfire_rested":1,"item_purchase_floors":[],"current_hp_per_floor":[77,77,77,77,77,38,38,38,38,61,29,23,11,11],"gold":160,"neow_bonus":"TEN_PERCENT_HP_BONUS","is_prod":false,"is_daily":false,"chose_seed":false,"campfire_upgraded":0,"win_rate":0.0,"timestamp":1548465478,"path_taken":["M","?","M","?","$","E","M","M","T","R","?","M","?","E"],"build_version":"2019-01-23","purchased_purges":1,"victory":false,"max_hp_per_floor":[77,77,77,77,77,77,77,77,77,77,77,77,77,77],"card_choices":[{"not_picked":["Deadly Poison","Flechettes"],"picked":"Sucker Punch","floor":1},{"not_picked":["Choke","PiercingWail","Infinite Blades"],"picked":"SKIP","floor":3},{"not_picked":["Dagger Spray","Prepared"],"picked":"Flying Knee","floor":6},{"not_picked":["Outmaneuver","Skewer"],"picked":"Dagger Throw","floor":7},{"not_picked":["PiercingWail","Dodge and Roll","Prepared"],"picked":"SKIP","floor":8},{"not_picked":["Corpse Explosion","Blade Dance"],"picked":"Slice","floor":12}],"player_experience":181050,"relics_obtained":[{"floor":6,"key":"Darkstone Periapt"},{"floor":9,"key":"Sundial"},{"floor":11,"key":"Bronze Scales"}],"event_choices":[{"cards_removed":["Strike_G"],"damage_healed":0,"gold_gain":0,"player_choice":"Forget","damage_taken":0,"max_hp_gain":0,"max_hp_loss":0,"event_name":"Living Wall","floor":2,"gold_loss":0},{"damage_healed":0,"gold_gain":0,"player_choice":"Left Gold","damage_taken":0,"max_hp_gain":0,"max_hp_loss":0,"event_name":"World of Goop","floor":4,"gold_loss":27},{"damage_healed":0,"gold_gain":0,"player_choice":"Searched \u00271\u0027 times","damage_taken":0,"max_hp_gain":0,"max_hp_loss":0,"event_name":"Dead Adventurer","floor":11,"gold_loss":0},{"damage_healed":0,"gold_gain":0,"player_choice":"Success","damage_taken":12,"relics_obtained":["Nunchaku"],"max_hp_gain":0,"max_hp_loss":0,"event_name":"Scrap Ooze","floor":13,"gold_loss":0}],"is_beta":false,"boss_relics":[],"items_purged_floors":[5],"is_endless":false,"potions_floor_spawned":[3,6,11],"killed_by":"Gremlin Nob","ascension_level":0}