{"gold_per_floor":[112,129,129,28,46,46,46,71,95,126,126,144,144,82,82,177,177,190,205,73,83,95,121,121],"floor_reached":24,"playtime":1255,"items_purged":["Strike_R","Defend_R"],"score":226,"play_id":"5d8590cc-6b5a-451a-a070-c05b21d5f95d","local_time":"20181229205031","is_ascension_mode":false,"campfire_choices":[{"data":"Flame Barrier","floor":6,"key":"SMITH"},{"data":"Whirlwind","floor":11,"key":"SMITH"},{"data":"Searing Blow","floor":13,"key":"SMITH"},{"floor":15,"key":"REST"}],"neow_cost":"NONE","seed_source_timestamp":35006838040763,"circlet_count":0,"master_deck":["Strike_R","Defend_R","Defend_R+1","Defend_R","Bash","Spot Weakness","Flame Barrier+1","Inflame+1","Pommel Strike","Thunderclap","Shrug It Off","Whirlwind+1","Searing Blow+1","Limit Break","Uppercut","Impatience","Pommel Strike+1","Double Tap"],"relics":["Burning Blood","Bag of Marbles","Smiling Mask","Art of War","Self Forming Clay","Empty Cage","Molten Egg 2"],"potions_floor_usage":[8,10,23],"damage_taken":[{"damage":7,"enemies":"2 Louse","floor":1,"turns":3},{"damage":5,"enemies":"Small Slimes","floor":2,"turns":6},{"damage":0,"enemies":"Cultist","floor":5,"turns":3},{"damage":19,"enemies":"3 Sentries","floor":8,"turns":7},{"damage":12,"enemies":"Lagavulin","floor":10,"turns":9},{"damage":16,"enemies":"Exordium Wildlife","floor":12,"turns":4},{"damage":35,"enemies":"Hexaghost","floor":16,"turns":9},{"damage":2,"enemies":"Chosen","floor":18,"turns":5},{"damage":3,"enemies":"Spheric Guardian","floor":19,"turns":5},{"damage":2,"enemies":"3 Cultists","floor":21,"turns":3},{"damage":16,"enemies":"Snecko","floor":22,"turns":4},{"damage":67,"enemies":"Book of Stabbing","floor":23,"turns":8},{"damage":23,"enemies":"Sentry and Sphere","floor":24,"turns":6}],"seed_played":"-8340642215886493711","potions_obtained":[{"floor":1,"key":"SkillPotion"},{"floor":2,"key":"Dexterity Potion"},{"floor":5,"key":"SpeedPotion"},{"floor":8,"key":"EssenceOfSteel"},{"floor":22,"key":"BloodPotion"},{"floor":23,"key":"FearPotion"}],"is_trial":false,"path_per_floor":["M","M","?","$","M","R","$","E","T","E","R","M","R","?","R","B",null,"M","M","$","M","M","E","M"],"character_chosen":"IRONCLAD","items_purchased":["Pommel Strike","Impatience"],"campfire_rested":1,"item_purchase_floors":[4,20],"current_hp_per_floor":[79,80,64,64,70,70,70,57,57,51,51,41,41,41,65,36,80,80,80,80,80,70,17,0],"gold":121,"neow_bonus":"TRANSFORM_CARD","is_prod":false,"is_daily":false,"chose_seed":false,"campfire_upgraded":3,"win_rate":0,"timestamp":1546113031,"path_taken":["M","M","?","$","M","R","$","E","T","E","R","M","R","?","R","BOSS","M","M","$","M","M","E","?"],"build_version":"2018-12-20","purchased_purges":2,"victory":false,"max_hp_per_floor":[80,80,80,80,80,80,80,80,80,80,80,80,80,80,80,80,80,80,80,80,80,80,80,80],"card_choices":[{"not_picked":["Fire Breathing","Sword Boomerang"],"picked":"Flame Barrier","floor":1},{"not_picked":["Rupture","Clash"],"picked":"Inflame","floor":2},{"not_picked":["Flame Barrier","Feel No Pain"],"picked":"Thunderclap","floor":5},{"not_picked":["Power Through","Fiend Fire"],"picked":"Shrug It Off","floor":8},{"not_picked":["Warcry","Clothesline"],"picked":"Whirlwind","floor":10},{"not_picked":["Havoc","Pommel Strike"],"picked":"Searing Blow","floor":12},{"not_picked":["Immolate","Dark Embrace"],"picked":"Limit Break","floor":16},{"not_picked":["Anger","Feel No Pain","Clothesline"],"picked":"SKIP","floor":18},{"not_picked":["Twin Strike+1","Perfected Strike"],"picked":"Uppercut","floor":19},{"not_picked":["Second Wind","Anger"],"picked":"Pommel Strike+1","floor":21},{"not_picked":["Fire Breathing","Iron Wave","Blood for Blood"],"picked":"SKIP","floor":22},{"not_picked":["Anger","Warcry+1"],"picked":"Double Tap","floor":23}],"player_experience":74872,"relics_obtained":[{"floor":8,"key":"Bag of Marbles"},{"floor":9,"key":"Smiling Mask"},{"floor":10,"key":"Art of War"},{"floor":23,"key":"Molten Egg 2"}],"event_choices":[{"damage_healed":0,"gold_gain":0,"player_choice":"Entered Light","damage_taken":16,"max_hp_gain":0,"max_hp_loss":0,"event_name":"Shining Light","floor":3,"gold_loss":0,"cards_upgraded":["Inflame","Defend_R"]},{"damage_healed":0,"gold_gain":0,"player_choice":"Paid Gold","damage_taken":0,"relics_obtained":["Self Forming Clay"],"max_hp_gain":0,"max_hp_loss":0,"event_name":"WeMeetAgain","floor":14,"gold_loss":62}],"is_beta":false,"boss_relics":[{"not_picked":["Eternal Feather","Coffee Dripper"],"picked":"Empty Cage"}],"items_purged_floors":[4,20],"is_endless":false,"potions_floor_spawned":[1,2,5,8,22,23],"killed_by":"Sentry and Sphere","ascension_level":0}