{"gold_per_floor":[113,113,38,53,53,53,388,388,415,415,429,429,449,251,251,348,348,359,65,65,65,83,110,110,121,121,131,131,147,165,183,183,183],"floor_reached":33,"playtime":1834,"items_purged":["Strike_B","Strike_B","Defend_B"],"score":292,"play_id":"b46ace14-7b71-469e-879e-15fc46622ef8","local_time":"20180721160408","is_ascension_mode":false,"campfire_choices":[{"data":"Zap","floor":6,"key":"SMITH"},{"data":"Leap","floor":8,"key":"SMITH"},{"data":"Redo","floor":10,"key":"SMITH"},{"data":"Conserve Battery","floor":12,"key":"SMITH"},{"data":"Streamline","floor":15,"key":"SMITH"},{"data":"Genetic Algorithm","floor":24,"key":"SMITH"},{"data":"Go for the Eyes","floor":32,"key":"SMITH"}],"neow_cost":"TEN_PERCENT_HP_LOSS","seed_source_timestamp":534449300744232,"circlet_count":0,"master_deck":["Defend_B","Zap+1","Dualcast","Leap+1","Redo+1","Go for the Eyes+1","Conserve Battery+1","Streamline+1","Finesse","Reboot","Rebound+1","FTL","Dramatic Entrance","Self Repair+1","Genetic Algorithm+1","Auto Shields+1","Go for the Eyes","Gash"],"relics":["Cracked Core","Strawberry","Old Coin","Happy Flower","Nuclear Battery","Bottled Flame","Bronze Scales"],"potions_floor_usage":[],"damage_taken":[{"damage":0,"enemies":"Small Slimes","floor":1,"turns":3},{"damage":0,"enemies":"Cultist","floor":4,"turns":5},{"damage":15,"enemies":"Lagavulin","floor":7,"turns":8},{"damage":0,"enemies":"Jaw Worm","floor":11,"turns":3},{"damage":1,"enemies":"3 Louse","floor":13,"turns":3},{"damage":2,"enemies":"The Guardian","floor":16,"turns":12},{"damage":21,"enemies":"Spheric Guardian","floor":18,"turns":6},{"damage":0,"enemies":"3 Byrds","floor":22,"turns":4},{"damage":0,"enemies":"Gremlin Leader","floor":23,"turns":9},{"damage":2,"enemies":"Centurion and Healer","floor":25,"turns":6},{"damage":6,"enemies":"3 Cultists","floor":27,"turns":5},{"damage":9,"enemies":"Chosen and Byrds","floor":29,"turns":4},{"damage":0,"enemies":"Snecko","floor":30,"turns":5},{"damage":0,"enemies":"Cultist and Chosen","floor":31,"turns":5},{"damage":83,"enemies":"Collector","floor":33,"turns":11}],"seed_played":"-3531164066989219909","potions_obtained":[{"floor":4,"key":"Fire Potion"},{"floor":7,"key":"Ancient Potion"},{"floor":11,"key":"FearPotion"}],"is_trial":false,"path_per_floor":["M","?","$","M","?","R","E","R","T","R","M","R","M","$","R","B",null,"M","$","?","?","M","E","R","M","T","M","?","M","M","M","R"],"character_chosen":"DEFECT","items_purchased":["Finesse","FTL","Dramatic Entrance"],"campfire_rested":0,"item_purchase_floors":[14,19,19],"current_hp_per_floor":[68,68,68,68,68,68,53,53,53,53,53,53,52,52,52,50,75,54,54,40,40,40,50,50,58,58,62,62,63,73,80,80,0],"gold":183,"neow_bonus":"REMOVE_TWO","is_prod":false,"is_daily":false,"chose_seed":false,"campfire_upgraded":7,"win_rate":0.0,"timestamp":1532160248,"path_taken":["M","?","$","M","?","R","E","R","T","R","M","R","M","$","R","BOSS","M","$","?","?","M","E","R","M","T","M","?","M","M","M","R","BOSS"],"build_version":"2018-07-19v2","purchased_purges":3,"victory":false,"max_hp_per_floor":[68,68,68,68,75,75,75,75,75,75,75,75,75,75,75,75,75,75,75,80,80,80,80,80,80,80,80,80,80,80,80,80,80],"card_choices":[{"not_picked":["Go for the Eyes","Hello World"],"picked":"Leap","floor":1},{"not_picked":["Steam","Lockon"],"picked":"Redo","floor":4},{"not_picked":["Buffer","Redo"],"picked":"Go for the Eyes","floor":7},{"not_picked":["Sweeping Beam","Turbo"],"picked":"Conserve Battery","floor":11},{"not_picked":["Genetic Algorithm","Double Energy"],"picked":"Streamline","floor":13},{"not_picked":["Amplify","Rainbow"],"picked":"Reboot","floor":16},{"not_picked":["Turbo","Conserve Battery"],"picked":"Rebound+1","floor":18},{"not_picked":["Go for the Eyes","Rebound+1"],"picked":"Self Repair+1","floor":22},{"not_picked":["Redo","Turbo+1"],"picked":"Genetic Algorithm","floor":23},{"not_picked":["Consume","Redo"],"picked":"Auto Shields+1","floor":25},{"not_picked":["Ball Lightning+1","Amplify"],"picked":"Go for the Eyes","floor":27},{"not_picked":["Coolheaded","Hologram+1","Storm+1"],"picked":"SKIP","floor":29},{"not_picked":["Genetic Algorithm","Conserve Battery"],"picked":"Gash","floor":30},{"not_picked":["Beam Cell","Barrage+1","Stack"],"picked":"SKIP","floor":31}],"player_experience":31929,"relics_obtained":[{"floor":7,"key":"Old Coin"},{"floor":9,"key":"Happy Flower"},{"floor":23,"key":"Bottled Flame"},{"floor":26,"key":"Bronze Scales"}],"event_choices":[{"event_name":"The Woman in Blue","player_choice":"Bought 0 Potions","floor":2,"damage_taken":0},{"event_name":"Scrap Ooze","player_choice":"success","floor":5,"damage_taken":7},{"event_name":"Forgotten Altar","player_choice":"Shed Blood","floor":20,"damage_taken":0},{"event_name":"Back to Basics","player_choice":"Elegance","floor":21,"damage_taken":0},{"event_name":"Bonfire Elementals","player_choice":"BASIC","floor":28,"damage_taken":0}],"is_beta":false,"boss_relics":[{"not_picked":["Busted Crown","Ectoplasm"],"picked":"Nuclear Battery"}],"items_purged_floors":[3,14,19],"is_endless":false,"potions_floor_spawned":[4,7,11,27,30,31],"killed_by":"Collector","ascension_level":0}