{"path_per_floor":["M","M","?","$","M","E","M","E","T","M","?","E","M","T","R","B",null,"M","$","M","M","?","R","E","R","T","?","E","M","M","?","R"],"character_chosen":"IRONCLAD","items_purchased":["Spot Weakness","Metallicize","Self Forming Clay"],"gold_per_floor":[116,135,135,62,73,108,119,154,179,192,192,220,233,233,233,330,360,370,47,61,78,78,78,111,111,160,83,115,131,143,143,143,143],"floor_reached":33,"campfire_rested":4,"playtime":2608,"item_purchase_floors":[4,19,19],"current_hp_per_floor":[80,80,80,80,80,63,61,35,42,23,23,7,13,13,39,14,92,81,81,72,36,36,63,8,35,35,35,25,14,30,30,57,0],"items_purged":[],"gold":143,"score":307,"play_id":"bcb3177d-2f58-4a26-be58-dff1f9122dfe","local_time":"20180615171747","is_prod":false,"is_daily":false,"chose_seed":false,"is_ascension_mode":false,"campfire_upgraded":0,"win_rate":0,"timestamp":1529075867,"campfire_choices":[{"floor":15,"key":"REST"},{"floor":23,"key":"REST"},{"floor":25,"key":"REST"},{"floor":32,"key":"REST"}],"path_taken":["M","M","?","$","M","E","M","E","T","M","?","E","M","?","R","BOSS","M","$","M","M","?","R","E","R","T","?","E","M","M","?","R","BOSS"],"build_version":"2018-06-14v2","seed_source_timestamp":660507075369877,"purchased_purges":0,"victory":false,"master_deck":["Strike_R+1","Strike_R+1","Strike_R+1","Strike_R+1","Strike_R+1","Defend_R+1","Defend_R+1","Defend_R+1","Defend_R+1","Bash","Cleave+1","Perfected Strike","Spot Weakness","Rage","Rampage","Wild Strike","Armaments","Shockwave","Wild Strike","Inflame","Reaper","Heavy Blade","Clash+1","Metallicize","Armaments+1","Shrug It Off","Entrench+1","Heavy Blade","Heavy Blade","Cleave"],"max_hp_per_floor":[80,80,80,80,80,80,80,80,87,87,87,87,87,87,87,87,92,92,92,92,92,92,92,92,92,92,92,92,92,92,92,92,92],"relics":["Burning Blood","Whetstone","Vajra","Strawberry","Oddly Smooth Stone","Ginger","Tiny House","Self Forming Clay","Boot","Juzu Bracelet","Dodecahedron","Matryoshka"],"card_choices":[{"not_picked":["Hemokinesis","Headbutt"],"picked":"Cleave","floor":1},{"not_picked":["Headbutt","Burning Pact"],"picked":"Perfected Strike","floor":2},{"not_picked":["Thunderclap","Pummel"],"picked":"Rage","floor":5},{"not_picked":["True Grit","Sword Boomerang"],"picked":"Rampage","floor":6},{"not_picked":["Blood for Blood","Anger"],"picked":"Wild Strike","floor":7},{"not_picked":["Battle Trance","Second Wind"],"picked":"Armaments","floor":8},{"not_picked":["Rupture","Headbutt"],"picked":"Shockwave","floor":10},{"not_picked":["Bloodletting","Double Tap"],"picked":"Wild Strike","floor":12},{"not_picked":["Flame Barrier","Bloodletting"],"picked":"Inflame","floor":13},{"not_picked":["Fiend Fire","Brutality"],"picked":"Reaper","floor":16},{"not_picked":["Spot Weakness","Body Slam"],"picked":"Heavy Blade","floor":17},{"not_picked":["Infernal Blade+1","Pommel Strike+1"],"picked":"Clash+1","floor":18},{"not_picked":["Intimidate+1","Anger"],"picked":"Armaments+1","floor":20},{"not_picked":["Clothesline+1","Intimidate+1"],"picked":"Shrug It Off","floor":21},{"not_picked":["Body Slam+1","Anger+1"],"picked":"Entrench+1","floor":24},{"not_picked":["Double Tap","Sever Soul+1"],"picked":"Heavy Blade","floor":28},{"not_picked":["Pommel Strike","Hemokinesis"],"picked":"Heavy Blade","floor":29},{"not_picked":["Shockwave","Body Slam"],"picked":"Cleave","floor":30}],"player_experience":17473,"potions_floor_usage":[13,13,24,30],"damage_taken":[{"damage":4,"enemies":"Cultist","floor":1,"turns":4},{"damage":1,"enemies":"Jaw Worm","floor":2,"turns":3},{"damage":0,"enemies":"Small Slimes","floor":5,"turns":3},{"damage":23,"enemies":"3 Sentries","floor":6,"turns":7},{"damage":8,"enemies":"Blue Slaver","floor":7,"turns":3},{"damage":32,"enemies":"Gremlin Nob","floor":8,"turns":5},{"damage":25,"enemies":"Exordium Wildlife","floor":10,"turns":4},{"damage":22,"enemies":"Lagavulin","floor":12,"turns":4},{"damage":0,"enemies":"Looter","floor":13,"turns":1},{"damage":31,"enemies":"Slime Boss","floor":16,"turns":9},{"damage":17,"enemies":"Shell Parasite","floor":18,"turns":5},{"damage":15,"enemies":"Spheric Guardian","floor":20,"turns":4},{"damage":54,"enemies":"3 Cultists","floor":21,"turns":8},{"damage":75,"enemies":"Gremlin Leader","floor":24,"turns":9},{"damage":26,"enemies":"Slavers","floor":28,"turns":5},{"damage":24,"enemies":"Snake Plant","floor":29,"turns":4},{"damage":10,"enemies":"Cultist and Chosen","floor":30,"turns":7},{"damage":86,"enemies":"Automaton","floor":33,"turns":6}],"relics_obtained":[{"floor":6,"key":"Whetstone"},{"floor":8,"key":"Vajra"},{"floor":9,"key":"Strawberry"},{"floor":12,"key":"Oddly Smooth Stone"},{"floor":14,"key":"Ginger"},{"floor":24,"key":"Boot"},{"floor":26,"key":"Juzu Bracelet"},{"floor":28,"key":"Dodecahedron"}],"event_choices":[{"event_name":"Golden Wing","player_choice":"Ignored","floor":3,"damage_taken":0},{"event_name":"Shining Light","player_choice":"Ignored","floor":11,"damage_taken":0},{"event_name":"Back to Basics","player_choice":"Simplicity","floor":22,"damage_taken":0},{"event_name":"Drug Dealer","player_choice":"Got JAXXED","floor":27,"damage_taken":0},{"event_name":"Addict","player_choice":"Gave JAX","floor":31,"damage_taken":0}],"boss_relics":[{"not_picked":["Eternal Feather","Astrolabe"],"picked":"Tiny House"}],"items_purged_floors":[],"is_endless":false,"potions_floor_spawned":[1,2,7,10,13,16,18,28,29,30],"seed_played":"5373795838532284174","killed_by":"Automaton","ascension_level":0,"potions_obtained":[{"floor":1,"key":"Strength Potion"},{"floor":2,"key":"AttackPotion"},{"floor":7,"key":"Explosive Potion"},{"floor":10,"key":"GamblersBrew"},{"floor":13,"key":"Swift Potion"},{"floor":16,"key":"Fire Potion"},{"floor":17,"key":"Poison Potion"},{"floor":18,"key":"Swift Potion"},{"floor":28,"key":"SkillPotion"},{"floor":29,"key":"Regen Potion"},{"floor":30,"key":"GamblersBrew"}],"is_trial":false}