{"gold_per_floor":[115,133,133,153,170,170,345,376,447,447,28,28,28,47,47,171,234,249,249,268,288,31,66,66,93,93,109,109,127,468,493,493,493],"floor_reached":33,"playtime":1329,"items_purged":["Doubt"],"score":312,"play_id":"cd04ee87-43f1-4604-9df6-09a3664aa631","local_time":"20181211230229","is_ascension_mode":false,"campfire_choices":[{"data":"Defragment","floor":6,"key":"SMITH"},{"data":"Loop","floor":13,"key":"SMITH"},{"data":"Consume","floor":15,"key":"SMITH"},{"floor":24,"key":"RECALL"},{"floor":32,"key":"REST"}],"neow_cost":"NONE","seed_source_timestamp":342696942809609,"circlet_count":0,"master_deck":["Strike_B","Strike_B","Strike_B","Strike_B","Defend_B","Defend_B","Defend_B","Defend_B","Zap+1","Dualcast+1","Ball Lightning","Defragment+1","Turbo","Core Surge","Loop+1","Consume+1","Injury","Double Energy+1","Amplify","Conserve Battery","Hologram+1","Static Discharge","Self Repair","Gash+1","Leap+1","Necronomicurse","Sunder+1","Self Repair+1"],"relics":["Cracked Core","Thread and Needle","PreservedInsect","Molten Egg 2","Chemical X","Golden Idol","Tiny House","Cables","Smiling Mask","Bag of Marbles","Necronomicon","Old Coin"],"potions_floor_usage":[14,23,30,33],"damage_taken":[{"damage":3,"enemies":"Small Slimes","floor":1,"turns":3},{"damage":1,"enemies":"Cultist","floor":2,"turns":3},{"damage":2,"enemies":"Jaw Worm","floor":4,"turns":2},{"damage":4,"enemies":"2 Fungi Beasts","floor":5,"turns":3},{"damage":24,"enemies":"Lagavulin","floor":8,"turns":6},{"damage":5,"enemies":"Gremlin Gang","floor":14,"turns":3},{"damage":24,"enemies":"Hexaghost","floor":16,"turns":7},{"damage":6,"enemies":"Chosen","floor":18,"turns":4},{"damage":20,"enemies":"3 Byrds","floor":20,"turns":4},{"damage":14,"enemies":"Cultist and Chosen","floor":21,"turns":5},{"damage":16,"enemies":"Gremlin Leader","floor":23,"turns":4},{"damage":5,"enemies":"Snake Plant","floor":27,"turns":3},{"damage":6,"enemies":"Snecko","floor":29,"turns":4},{"damage":17,"enemies":"Book of Stabbing","floor":30,"turns":4},{"damage":0,"enemies":"Sentry and Sphere","floor":31,"turns":3},{"damage":62,"enemies":"Automaton","floor":33,"turns":6}],"seed_played":"-3647468142696362955","potions_obtained":[{"floor":1,"key":"SpeedPotion"},{"floor":5,"key":"Strength Potion"},{"floor":8,"key":"Dexterity Potion"},{"floor":17,"key":"Weak Potion"},{"floor":20,"key":"SteroidPotion"},{"floor":23,"key":"Poison Potion"},{"floor":30,"key":"Weak Potion"}],"is_trial":false,"path_per_floor":["M","M","?","M","M","R","?","E","T","?","$","?","R","M","R","B",null,"M","?","M","M","$","E","R","T","T","M","?","M","E","M","R","B"],"character_chosen":"DEFECT","items_purchased":["Loop","Chemical X","Consume","Cables"],"campfire_rested":1,"item_purchase_floors":[11,11,11,22],"current_hp_per_floor":[79,78,78,76,72,72,72,48,48,48,48,48,48,43,43,19,87,81,81,61,47,47,45,45,45,45,54,38,39,29,36,62,0],"gold":493,"neow_bonus":"TEN_PERCENT_HP_BONUS","is_prod":false,"is_daily":false,"chose_seed":false,"campfire_upgraded":3,"win_rate":0,"timestamp":1544565749,"path_taken":["M","M","?","?","M","R","?","E","T","?","$","?","R","M","R","BOSS","M","?","M","?","$","E","R","?","T","M","?","M","E","M","R","BOSS"],"build_version":"2018-12-06","purchased_purges":1,"victory":false,"max_hp_per_floor":[82,82,82,82,82,82,82,82,82,82,82,82,82,82,82,82,87,87,87,87,87,87,87,87,87,87,87,87,87,87,87,87,87],"card_choices":[{"not_picked":["Force Field","Beam Cell"],"picked":"Ball Lightning","floor":1},{"not_picked":["Capacitor","Steam Power"],"picked":"Defragment","floor":2},{"not_picked":["Leap","Sweeping Beam"],"picked":"Turbo","floor":4},{"not_picked":["Beam Cell","Rip and Tear","Rebound"],"picked":"SKIP","floor":5},{"not_picked":["Blizzard","Steam"],"picked":"Core Surge","floor":8},{"not_picked":["Rebound+1","FTL+1"],"picked":"Double Energy","floor":14},{"not_picked":["Creative AI","Core Surge+1"],"picked":"Amplify","floor":16},{"not_picked":["Compile Driver+1","Gash+1"],"picked":"Conserve Battery","floor":17},{"not_picked":["Streamline+1","Cold Snap+1"],"picked":"Hologram+1","floor":18},{"not_picked":["Chill","Hello World+1"],"picked":"Static Discharge","floor":20},{"not_picked":["Steam","Sunder+1"],"picked":"Self Repair","floor":21},{"not_picked":["Steam","Undo"],"picked":"Gash+1","floor":23},{"not_picked":["Redo","Sweeping Beam+1"],"picked":"Leap+1","floor":27},{"not_picked":["Sweeping Beam+1","Coolheaded","Auto Shields"],"picked":"SKIP","floor":29},{"not_picked":["Stack+1","Buffer"],"picked":"Sunder+1","floor":30},{"not_picked":["Barrage+1","Lockon+1"],"picked":"Self Repair+1","floor":31}],"player_experience":585932,"relics_obtained":[{"floor":8,"key":"PreservedInsect"},{"floor":9,"key":"Molten Egg 2"},{"floor":23,"key":"Smiling Mask"},{"floor":26,"key":"Bag of Marbles"},{"floor":28,"key":"Necronomicon"},{"floor":30,"key":"Old Coin"}],"event_choices":[{"damage_healed":0,"gold_gain":0,"player_choice":"Gave Potion","damage_taken":0,"relics_obtained":["Thread and Needle"],"max_hp_gain":0,"max_hp_loss":0,"event_name":"WeMeetAgain","floor":3,"gold_loss":0},{"damage_healed":0,"gold_gain":175,"player_choice":"AGREE","damage_taken":0,"max_hp_gain":0,"max_hp_loss":0,"event_name":"Liars Game","floor":7,"gold_loss":0,"cards_obtained":["Doubt"]},{"damage_healed":0,"gold_gain":0,"player_choice":"Grow","damage_taken":0,"max_hp_gain":0,"max_hp_loss":0,"event_name":"Living Wall","floor":10,"gold_loss":0,"cards_upgraded":["Dualcast"]},{"damage_healed":0,"gold_gain":0,"player_choice":"Take Wound","damage_taken":0,"relics_obtained":["Golden Idol"],"max_hp_gain":0,"max_hp_loss":0,"event_name":"Golden Idol","floor":12,"gold_loss":0,"cards_obtained":["Injury"]},{"damage_healed":0,"gold_gain":0,"player_choice":"Forge","damage_taken":0,"max_hp_gain":0,"max_hp_loss":0,"event_name":"Accursed Blacksmith","floor":19,"gold_loss":0,"cards_upgraded":["Zap"]},{"damage_healed":0,"gold_gain":0,"player_choice":"Obtained Book","damage_taken":16,"max_hp_gain":0,"max_hp_loss":0,"event_name":"Cursed Tome","floor":28,"gold_loss":0}],"is_beta":false,"boss_relics":[{"not_picked":["Snecko Eye","Busted Crown"],"picked":"Tiny House"}],"items_purged_floors":[11],"is_endless":false,"potions_floor_spawned":[1,5,8,20,23,29,30],"killed_by":"Automaton","ascension_level":0}