{"gold_per_floor":[113,133,208,218,229,229,243,272,321,336,353,365,365,377,377,377],"floor_reached":16,"playtime":612,"items_purged":[],"score":130,"play_id":"c904feff-c42d-4eac-bda2-8b9329b0a141","local_time":"20190111170819","is_ascension_mode":true,"campfire_choices":[{"data":"Whirlwind","floor":6,"key":"SMITH"},{"floor":13,"key":"REST"},{"floor":15,"key":"RECALL"}],"neow_cost":"NONE","seed_source_timestamp":4989181776900,"circlet_count":0,"master_deck":["Strike_R","Strike_R","Strike_R","Strike_R","Strike_R","Defend_R","Defend_R","Defend_R","Defend_R","Bash","Juggernaut","Whirlwind+1","Pommel Strike","Sword Boomerang","Shockwave","Immolate","Disarm"],"relics":["Burning Blood","Kunai"],"potions_floor_usage":[8,16],"damage_taken":[{"damage":12,"enemies":"2 Louse","floor":1,"turns":3},{"damage":11,"enemies":"Cultist","floor":2,"turns":5},{"damage":11,"enemies":"Small Slimes","floor":4,"turns":5},{"damage":1,"enemies":"Exordium Wildlife","floor":5,"turns":3},{"damage":5,"enemies":"Gremlin Gang","floor":7,"turns":2},{"damage":35,"enemies":"3 Sentries","floor":8,"turns":5},{"damage":8,"enemies":"Large Slime","floor":10,"turns":5},{"damage":21,"enemies":"Blue Slaver","floor":11,"turns":4},{"damage":13,"enemies":"Red Slaver","floor":12,"turns":3},{"damage":14,"enemies":"Looter","floor":14,"turns":3},{"damage":26,"enemies":"The Guardian","floor":16,"turns":5}],"seed_played":"8032046494241116693","potions_obtained":[{"floor":2,"key":"Dexterity Potion"},{"floor":4,"key":"Swift Potion"},{"floor":5,"key":"Ancient Potion"},{"floor":12,"key":"Explosive Potion"}],"is_trial":false,"path_per_floor":["M","M","?","M","M","R","M","E","T","M","M","M","R","M","R","B"],"character_chosen":"IRONCLAD","items_purchased":[],"campfire_rested":1,"item_purchase_floors":[],"current_hp_per_floor":[74,69,61,56,61,61,62,33,33,31,16,9,33,25,25,0],"gold":377,"neow_bonus":"ONE_RANDOM_RARE_CARD","is_prod":false,"is_daily":false,"chose_seed":false,"campfire_upgraded":1,"win_rate":0,"timestamp":1547226499,"path_taken":["M","M","?","M","M","R","M","E","T","M","?","?","R","M","R","BOSS"],"build_version":"2019-01-10","purchased_purges":0,"victory":false,"max_hp_per_floor":[80,80,80,80,80,80,80,80,80,80,80,80,80,80,80,80],"card_choices":[{"not_picked":["Headbutt","Reckless Charge"],"picked":"Whirlwind","floor":1},{"not_picked":["Headbutt","Wild Strike"],"picked":"Pommel Strike","floor":2},{"not_picked":["Clothesline","Warcry"],"picked":"Sword Boomerang","floor":4},{"not_picked":["Metallicize","True Grit"],"picked":"Shockwave","floor":5},{"not_picked":["Havoc","Warcry","Clash"],"picked":"SKIP","floor":7},{"not_picked":["Pommel Strike","Rage"],"picked":"Immolate","floor":8},{"not_picked":["Dual Wield","Dropkick"],"picked":"Disarm","floor":10},{"not_picked":["Clothesline","Shockwave","Disarm"],"picked":"SKIP","floor":11},{"not_picked":["Iron Wave","Heavy Blade","Havoc"],"picked":"SKIP","floor":12},{"not_picked":["Perfected Strike","Bludgeon","Havoc"],"picked":"SKIP","floor":14}],"player_experience":84939,"relics_obtained":[{"floor":8,"key":"Kunai"}],"event_choices":[{"damage_healed":0,"gold_gain":75,"player_choice":"Touch","damage_taken":8,"max_hp_gain":0,"max_hp_loss":0,"event_name":"FaceTrader","floor":3,"gold_loss":0}],"is_beta":false,"boss_relics":[],"items_purged_floors":[],"is_endless":false,"potions_floor_spawned":[2,4,5,7,12],"killed_by":"The Guardian","ascension_level":4}