{"gold_per_floor":[116,116,132,132,132,132,162,174,252,427,427,444,444,459,459,564,564,576,586,586,600,600],"floor_reached":22,"playtime":1441,"items_purged":[],"score":186,"play_id":"708c52cf-6d3b-4248-861b-0f443430fd1c","local_time":"20180625165720","is_ascension_mode":false,"campfire_choices":[{"data":"Clash","floor":6,"key":"SMITH"},{"data":"Fiend Fire","floor":11,"key":"SMITH"},{"data":"Seeing Red","floor":13,"key":"SMITH"},{"data":"Clash","floor":15,"key":"SMITH"}],"neow_cost":"FIFTY_PERCENT_DAMAGE","seed_source_timestamp":528321574213090,"circlet_count":0,"master_deck":["Strike_R","Strike_R","Strike_R","Strike_R","Defend_R","Defend_R","Defend_R","Defend_R","Bash","Clash+1","Fiend Fire+1","Seeing Red+1","Clash+1","Fiend Fire","Shrug It Off","Flex","Flex"],"relics":["Burning Blood","Dead Branch","Omamori","Frozen Egg 2","Eternal Feather"],"potions_floor_usage":[12,18,18],"damage_taken":[{"damage":6,"enemies":"Jaw Worm","floor":1,"turns":4},{"damage":1,"enemies":"Cultist","floor":3,"turns":3},{"damage":25,"enemies":"3 Sentries","floor":7,"turns":7},{"damage":2,"enemies":"Small Slimes","floor":8,"turns":3},{"damage":9,"enemies":"2 Fungi Beasts","floor":12,"turns":2},{"damage":3,"enemies":"3 Louse","floor":14,"turns":4},{"damage":47,"enemies":"The Guardian","floor":16,"turns":8},{"damage":15,"enemies":"2 Thieves","floor":18,"turns":5},{"damage":44,"enemies":"Chosen","floor":19,"turns":8},{"damage":12,"enemies":"Snecko","floor":21,"turns":4},{"damage":49,"enemies":"Chosen and Byrds","floor":22,"turns":8}],"seed_played":"7497538485973714231","potions_obtained":[{"floor":7,"key":"BloodPotion"},{"floor":8,"key":"FearPotion"},{"floor":12,"key":"Ancient Potion"},{"floor":14,"key":"AttackPotion"},{"floor":16,"key":"Regen Potion"},{"floor":19,"key":"Strength Potion"}],"is_trial":false,"path_per_floor":["M","?","M","?","?","R","E","M","T","?","R","M","R","M","R","B",null,"M","M","?","M"],"character_chosen":"IRONCLAD","items_purchased":[],"campfire_rested":0,"item_purchase_floors":[],"current_hp_per_floor":[40,32,37,63,63,63,44,48,48,48,48,53,53,56,56,15,80,80,42,42,36,0],"gold":600,"neow_bonus":"ONE_RARE_RELIC","is_prod":false,"is_daily":false,"chose_seed":false,"campfire_upgraded":4,"win_rate":0,"timestamp":1529938640,"path_taken":["M","?","M","?","?","R","E","?","T","?","R","M","R","M","R","BOSS","M","M","?","M","M"],"build_version":"2018-06-21v2","purchased_purges":0,"victory":false,"max_hp_per_floor":[80,80,80,80,80,80,80,80,80,80,80,80,80,80,80,80,80,80,80,80,80,80],"card_choices":[{"not_picked":["Pommel Strike","Twin Strike"],"picked":"Clash","floor":1},{"not_picked":["Body Slam","Shockwave","Perfected Strike"],"picked":"SKIP","floor":3},{"not_picked":["Wild Strike","Dual Wield"],"picked":"Fiend Fire","floor":7},{"not_picked":["Havoc","Blood for Blood"],"picked":"Seeing Red","floor":8},{"not_picked":["Dropkick","Wild Strike","Warcry"],"picked":"SKIP","floor":12},{"not_picked":["True Grit","Wild Strike"],"picked":"Clash","floor":14},{"not_picked":["Immolate","Berserk+1"],"picked":"Fiend Fire","floor":16},{"not_picked":["True Grit+1","Clash"],"picked":"Shrug It Off","floor":18},{"not_picked":["Sword Boomerang+1","Anger"],"picked":"Flex","floor":19},{"not_picked":["Hemokinesis","Sword Boomerang"],"picked":"Flex","floor":21}],"player_experience":56823,"relics_obtained":[{"floor":7,"key":"Omamori"},{"floor":9,"key":"Frozen Egg 2"}],"event_choices":[{"event_name":"Wheel of Change","player_choice":"Damage","floor":2,"damage_taken":0},{"event_name":"Big Fish","player_choice":"Banana","floor":4,"damage_taken":0},{"event_name":"Bonfire Elementals","player_choice":"BASIC","floor":5,"damage_taken":0},{"event_name":"Liars Game","player_choice":"agreed","floor":10,"damage_taken":0},{"event_name":"Ghosts","player_choice":"Ignored","floor":20,"damage_taken":0}],"boss_relics":[{"not_picked":["Astrolabe","Lizard Tail"],"picked":"Eternal Feather"}],"items_purged_floors":[],"is_endless":false,"potions_floor_spawned":[7,8,12,14,16,19],"killed_by":"Chosen and Byrds","ascension_level":0}