{"gold_per_floor":[118,118,71,90,108,139,162,174,211,223,235,247,296,328,340,449,461,487,279,297,310,320,320,338,75,101,101,101,16,16,35,35,35],"floor_reached":33,"playtime":1846,"items_purged":["Strike_R"],"score":282,"play_id":"8762891a-eb03-4e3b-b2a2-3eb6b5fa460d","local_time":"20190127222743","is_ascension_mode":false,"campfire_choices":[{"data":"Feed","floor":8.0,"key":"SMITH"},{"data":"Iron Wave","floor":10.0,"key":"SMITH"},{"data":"Uppercut","floor":12.0,"key":"SMITH"},{"data":"Armaments","floor":15.0,"key":"SMITH"},{"floor":23.0,"key":"REST"},{"data":"Whirlwind","floor":28.0,"key":"SMITH"},{"data":"Entrench","floor":32.0,"key":"SMITH"}],"neow_cost":"NONE","seed_source_timestamp":0,"circlet_count":0,"master_deck":["Strike_R","Strike_R","Strike_R","Strike_R","Defend_R","Defend_R","Defend_R","Bash","Feed+1","Iron Wave+1","Thunderclap","Cleave","Uppercut+1","Reaper","Twin Strike","Flex","Armaments+1","Juggernaut","Iron Wave","Impervious","True Grit+1","Whirlwind+1","Shrug It Off","Spot Weakness","Entrench+1","Body Slam"],"special_seed":0,"relics":["Burning Blood","MawBank","Lantern","Lizard Tail","PreservedInsect","Blood Vial","Bag of Preparation"],"potions_floor_usage":[33,33],"damage_taken":[{"damage":4.0,"enemies":"2 Louse","floor":1.0,"turns":4.0},{"damage":1.0,"enemies":"Cultist","floor":4.0,"turns":4.0},{"damage":0.0,"enemies":"Small Slimes","floor":5.0,"turns":2.0},{"damage":41.0,"enemies":"Lagavulin","floor":6.0,"turns":6.0},{"damage":5.0,"enemies":"Looter","floor":7.0,"turns":4.0},{"damage":16.0,"enemies":"3 Sentries","floor":13.0,"turns":7.0},{"damage":8.0,"enemies":"3 Louse","floor":14.0,"turns":2.0},{"damage":29.0,"enemies":"Slime Boss","floor":16.0,"turns":11.0},{"damage":7.0,"enemies":"Chosen","floor":18.0,"turns":6.0},{"damage":26.0,"enemies":"Shell Parasite","floor":20.0,"turns":7.0},{"damage":46.0,"enemies":"Chosen and Byrds","floor":21.0,"turns":9.0},{"damage":60.0,"enemies":"Snecko","floor":22.0,"turns":11.0},{"damage":47.0,"enemies":"Sentry and Sphere","floor":24.0,"turns":10.0},{"damage":23.0,"enemies":"Snake Plant","floor":31.0,"turns":7.0},{"damage":132,"enemies":"Automaton","floor":33,"turns":12}],"seed_played":"-4180349907297522192","potions_obtained":[{"floor":1.0,"key":"FairyPotion"},{"floor":2.0,"key":"BloodPotion"},{"floor":2.0,"key":"SpeedPotion"},{"floor":7.0,"key":"Ancient Potion"},{"floor":14.0,"key":"BloodPotion"},{"floor":20.0,"key":"Swift Potion"},{"floor":31.0,"key":"Regen Potion"}],"is_trial":false,"path_per_floor":["M","?","$","M","M","E","M","R","T","R","$","R","E","M","R","B",null,"M","$","M","M","M","R","M","$","T","?","R","?","?","M","R","B"],"character_chosen":"IRONCLAD","items_purchased":["Thunderclap","Impervious","PreservedInsect","Spot Weakness","Entrench"],"campfire_rested":1,"item_purchase_floors":[3,19,25,25,25],"current_hp_per_floor":[83,83,83,86,89,54,64,64,64,64,64,64,58,56,56,53,96,95,95,75,39,10,40,58,58,58,92,92,92,92,81,81,0],"gold":35,"neow_bonus":"ONE_RANDOM_RARE_CARD","is_prod":false,"is_daily":false,"chose_seed":false,"campfire_upgraded":6,"win_rate":0,"timestamp":1548599263,"path_taken":["M","?","$","M","M","E","M","R","T","R","?","R","E","M","R","BOSS","M","$","M","M","M","R","M","$","T","?","R","?","?","M","R","BOSS"],"build_version":"2019-01-23","purchased_purges":1,"victory":false,"max_hp_per_floor":[83,83,83,86,89,89,92,92,92,92,92,92,96,96,96,96,96,96,96,96,100,100,100,104,104,104,104,104,104,104,108,108,108],"card_choices":[{"not_picked":["Dropkick","Perfected Strike"],"picked":"Iron Wave","floor":1.0},{"not_picked":["Warcry","Seeing Red"],"picked":"Cleave","floor":4.0},{"not_picked":["Sword Boomerang","Fire Breathing"],"picked":"Uppercut","floor":5.0},{"not_picked":["Body Slam","Thunderclap"],"picked":"Reaper","floor":6.0},{"not_picked":["Clothesline","Disarm"],"picked":"Twin Strike","floor":7.0},{"not_picked":["Dark Embrace","Dropkick"],"picked":"Flex","floor":13.0},{"not_picked":["Havoc","Twin Strike"],"picked":"Armaments","floor":14.0},{"not_picked":["Double Tap","Offering"],"picked":"Juggernaut","floor":16.0},{"not_picked":["Clothesline","Heavy Blade"],"picked":"Iron Wave","floor":18.0},{"not_picked":["Cleave","Corruption"],"picked":"True Grit+1","floor":20.0},{"not_picked":["Shrug It Off","Spot Weakness"],"picked":"Whirlwind","floor":21.0},{"not_picked":["Anger","Searing Blow+1"],"picked":"Shrug It Off","floor":22.0},{"not_picked":["Twin Strike","Clothesline","Dropkick"],"picked":"SKIP","floor":24.0},{"not_picked":["Burning Pact","True Grit"],"picked":"Body Slam","floor":31.0}],"player_experience":609240,"relics_obtained":[{"floor":6.0,"key":"MawBank"},{"floor":13.0,"key":"Lantern"},{"floor":26.0,"key":"Blood Vial"}],"event_choices":[{"damage_healed":0.0,"max_hp_gain":0.0,"max_hp_loss":0.0,"gold_gain":0.0,"event_name":"Lab","player_choice":"Got Potions","floor":2.0,"gold_loss":0.0,"damage_taken":0.0},{"damage_healed":34.0,"max_hp_gain":0.0,"max_hp_loss":0.0,"gold_gain":0.0,"event_name":"The Library","player_choice":"Heal","floor":27.0,"gold_loss":0.0,"damage_taken":0.0},{"damage_healed":0.0,"max_hp_gain":0.0,"max_hp_loss":0.0,"gold_gain":0.0,"event_name":"Addict","player_choice":"Obtained Relic","floor":29.0,"gold_loss":85.0,"damage_taken":0.0,"relics_obtained":["Bag of Preparation"]},{"cards_removed":["Defend_R"],"damage_healed":0.0,"max_hp_gain":0.0,"max_hp_loss":0.0,"gold_gain":0.0,"event_name":"Back to Basics","player_choice":"Elegance","floor":30.0,"gold_loss":0.0,"damage_taken":0.0}],"is_beta":false,"boss_relics":[{"not_picked":["Pandora\u0027s Box","Tiny House"],"picked":"Lizard Tail"}],"items_purged_floors":[19],"is_endless":false,"potions_floor_spawned":[1,7,13,14,20,21,31],"killed_by":"Automaton","ascension_level":0}