{"gold_per_floor":[115,115,190,115,115,115,150,150,150,150,50,50,50,84,84,187,187,207,207,219,232,84,84,112,123,123,123,73,90,109,121,121,121],"floor_reached":33,"playtime":1083,"items_purged":["Defend_R","Strike_R","Strike_R"],"score":321,"play_id":"317bee48-7960-4b86-82f4-433f982e6410","local_time":"20190131003946","is_ascension_mode":false,"campfire_choices":[{"data":"Shockwave","floor":6,"key":"SMITH"},{"data":"Bash","floor":8,"key":"SMITH"},{"data":"Strike_R","floor":10,"key":"SMITH"},{"data":"Defend_R","floor":13,"key":"SMITH"},{"data":"Strike_R","floor":15,"key":"SMITH"},{"floor":23,"key":"REST"},{"floor":32,"key":"REST"}],"neow_cost":"NONE","seed_source_timestamp":100098822440015,"circlet_count":0,"master_deck":["Strike_R+1","Strike_R+1","Defend_R+1","Defend_R+1","Defend_R+1","Bash+1","Shockwave+1","Shrug It Off+1"],"relics":["Burning Blood","NeowsBlessing","Happy Flower","Toxic Egg 2","Sundial","War Paint","Matryoshka","Mercury Hourglass","Letter Opener"],"potions_floor_usage":[16,24,33,33],"damage_taken":[{"damage":0,"enemies":"Jaw Worm","floor":1,"turns":1},{"damage":0,"enemies":"3 Sentries","floor":7,"turns":2},{"damage":0,"enemies":"Lagavulin","floor":14,"turns":1},{"damage":36,"enemies":"Hexaghost","floor":16,"turns":10},{"damage":2,"enemies":"Chosen","floor":18,"turns":4},{"damage":14,"enemies":"2 Thieves","floor":20,"turns":4},{"damage":17,"enemies":"3 Cultists","floor":21,"turns":6},{"damage":50,"enemies":"Slavers","floor":24,"turns":17},{"damage":20,"enemies":"Shelled Parasite and Fungi","floor":25,"turns":8},{"damage":8,"enemies":"Chosen and Byrds","floor":29,"turns":6},{"damage":7,"enemies":"Snake Plant","floor":30,"turns":5},{"damage":2,"enemies":"Shelled Parasite and Fungi","floor":31,"turns":5},{"damage":59,"enemies":"Automaton","floor":33,"turns":6}],"seed_played":"4057828273291833216","potions_obtained":[{"floor":1,"key":"FearPotion"},{"floor":14,"key":"AttackPotion"},{"floor":19,"key":"Block Potion"},{"floor":19,"key":"FearPotion"},{"floor":21,"key":"SkillPotion"},{"floor":30,"key":"Weak Potion"},{"floor":31,"key":"Swift Potion"}],"is_trial":false,"path_per_floor":["M","?","?","$","?","R","E","R","T","R","$","?","R","E","R","B",null,"M","?","M","M","$","R","E","M","T","$","?","M","M","M","R","B"],"character_chosen":"IRONCLAD","items_purchased":["Shrug It Off+1"],"campfire_rested":2,"item_purchase_floors":[22],"current_hp_per_floor":[80,73,62,62,55,55,61,61,61,61,61,66,66,72,72,42,85,85,85,77,66,66,85,41,27,27,27,27,25,24,28,53,0],"gold":121,"neow_bonus":"THREE_ENEMY_KILL","is_prod":false,"is_daily":false,"chose_seed":false,"campfire_upgraded":5,"win_rate":0,"timestamp":1548907786,"path_taken":["M","?","?","$","?","R","E","R","T","R","$","?","R","E","R","BOSS","M","?","M","?","$","R","E","M","T","$","?","M","?","M","R","BOSS"],"build_version":"2019-01-23","purchased_purges":3,"victory":false,"max_hp_per_floor":[80,80,80,80,80,80,80,80,80,80,80,85,85,85,85,85,85,85,85,85,85,85,85,85,85,85,85,85,85,85,85,85,85],"card_choices":[{"not_picked":["Wild Strike","Iron Wave"],"picked":"Shockwave","floor":1},{"not_picked":["Bludgeon","Twin Strike","Armaments"],"picked":"SKIP","floor":7},{"not_picked":["Hemokinesis","Blood for Blood","Dropkick"],"picked":"SKIP","floor":14},{"not_picked":["Clothesline","Burning Pact+1","Iron Wave"],"picked":"SKIP","floor":18},{"not_picked":["Burning Pact+1","Flex+1","Seeing Red+1"],"picked":"SKIP","floor":20},{"not_picked":["Ghostly Armor+1","Twin Strike","Cleave+1"],"picked":"SKIP","floor":21},{"not_picked":["Shockwave+1","Iron Wave","Exhume+1"],"picked":"SKIP","floor":24},{"not_picked":["Pummel","Sword Boomerang","Shrug It Off+1"],"picked":"SKIP","floor":25},{"not_picked":["Clash","Ghostly Armor+1","Inflame"],"picked":"SKIP","floor":29},{"not_picked":["Body Slam","Pommel Strike","Twin Strike"],"picked":"SKIP","floor":30},{"not_picked":["Havoc+1","Cleave+1","Shockwave+1"],"picked":"SKIP","floor":31},{"not_picked":["Havoc+1","Cleave+1","Shockwave+1"],"picked":"SKIP","floor":31}],"player_experience":290428,"relics_obtained":[{"floor":7,"key":"Toxic Egg 2"},{"floor":9,"key":"Sundial"},{"floor":14,"key":"War Paint"},{"floor":24,"key":"Matryoshka"},{"floor":26,"key":"Mercury Hourglass"},{"floor":26,"key":"Letter Opener"}],"event_choices":[{"damage_healed":0,"gold_gain":0,"player_choice":"Success","damage_taken":7,"relics_obtained":["Happy Flower"],"max_hp_gain":0,"max_hp_loss":0,"event_name":"Scrap Ooze","floor":2,"gold_loss":0},{"damage_healed":0,"gold_gain":75,"player_choice":"Gather Gold","damage_taken":11,"max_hp_gain":0,"max_hp_loss":0,"event_name":"World of Goop","floor":3,"gold_loss":0},{"cards_removed":["Strike_R"],"damage_healed":0,"gold_gain":0,"player_choice":"Card Removal","damage_taken":7,"max_hp_gain":0,"max_hp_loss":0,"event_name":"Golden Wing","floor":5,"gold_loss":0},{"damage_healed":0,"gold_gain":0,"player_choice":"Donut","damage_taken":0,"max_hp_gain":5,"max_hp_loss":0,"event_name":"Big Fish","floor":12,"gold_loss":0},{"damage_healed":0,"gold_gain":0,"player_choice":"Got Potions","damage_taken":0,"max_hp_gain":0,"max_hp_loss":0,"event_name":"Lab","floor":19,"gold_loss":0},{"damage_healed":0,"gold_gain":0,"player_choice":"Bet on Owner","damage_taken":0,"max_hp_gain":0,"max_hp_loss":0,"event_name":"The Joust","floor":28,"gold_loss":50}],"is_beta":false,"boss_relics":[{"not_picked":["Calling Bell","Runic Dome","Ectoplasm"]}],"items_purged_floors":[4,11,22],"is_endless":false,"potions_floor_spawned":[1,14,20,21,30,31],"killed_by":"Automaton","ascension_level":0}