{"gold_per_floor":[112,3,3,17,33,67,67,97,97,247,247,4,4,4],"floor_reached":14,"playtime":433,"items_purged":["Doubt"],"score":178,"play_id":"48b1ce7b-4740-43da-8eca-1ddfb3f449ef","local_time":"20190102195704","is_ascension_mode":true,"campfire_choices":[{"data":"Rampage","floor":7.0,"key":"SMITH"}],"neow_cost":"NONE","seed_source_timestamp":2233241575430423,"circlet_count":0,"master_deck":["AscendersBane","Strike_R","Strike_R","Strike_R","Strike_R","Strike_R","Defend_R","Defend_R","Defend_R","Defend_R","Bash","Rage","Body Slam","Pommel Strike","Rampage+1","Headbutt","Shrug It Off","Infernal Blade+1","Entrench","Feed"],"special_seed":0,"relics":["Burning Blood","Bag of Preparation","Oddly Smooth Stone","Kunai","Gremlin Horn","Mummified Hand"],"potions_floor_usage":[],"damage_taken":[{"damage":7.0,"enemies":"Cultist","floor":1.0,"turns":4.0},{"damage":9.0,"enemies":"Small Slimes","floor":4.0,"turns":4.0},{"damage":8.0,"enemies":"2 Louse","floor":5.0,"turns":3.0},{"damage":30.0,"enemies":"Lagavulin","floor":6.0,"turns":6.0},{"damage":17.0,"enemies":"3 Sentries","floor":8.0,"turns":7.0},{"damage":26,"enemies":"Exordium Thugs","floor":14,"turns":3}],"seed_played":"5196087175123836242","potions_obtained":[{"floor":1.0,"key":"Weak Potion"},{"floor":4.0,"key":"FearPotion"}],"is_trial":false,"path_per_floor":["M","$","?","M","M","E","R","E","T","?","?","$","?","M"],"character_chosen":"IRONCLAD","items_purchased":["Body Slam","Pommel Strike","Entrench","Feed"],"campfire_rested":0,"item_purchase_floors":[2,2,12,12],"current_hp_per_floor":[67,67,67,64,62,38,38,27,27,27,22,22,22,0],"gold":4,"neow_bonus":"RANDOM_COMMON_RELIC","is_prod":false,"is_daily":false,"chose_seed":false,"campfire_upgraded":1,"win_rate":0,"timestamp":1546455424,"path_taken":["M","$","?","M","M","E","R","E","T","?","?","$","?","?"],"build_version":"2018-12-20","purchased_purges":1,"victory":false,"max_hp_per_floor":[75,75,75,75,75,75,75,75,75,75,75,75,75,75],"card_choices":[{"not_picked":["Headbutt","Thunderclap"],"picked":"Rage","floor":1.0},{"not_picked":["Sword Boomerang","Clash"],"picked":"Rampage","floor":4.0},{"not_picked":["Twin Strike","Heavy Blade"],"picked":"Headbutt","floor":5.0},{"not_picked":["Cleave","Clash"],"picked":"Shrug It Off","floor":6.0},{"not_picked":["Burning Pact","Rage"],"picked":"Infernal Blade","floor":8.0}],"player_experience":663258,"relics_obtained":[{"floor":6.0,"key":"Oddly Smooth Stone"},{"floor":8.0,"key":"Kunai"},{"floor":9.0,"key":"Gremlin Horn"}],"event_choices":[{"damage_healed":0.0,"max_hp_gain":0.0,"max_hp_loss":0.0,"gold_gain":0.0,"event_name":"The Cleric","player_choice":"Leave","floor":3.0,"gold_loss":0.0,"damage_taken":0.0},{"damage_healed":0.0,"max_hp_gain":0.0,"max_hp_loss":0.0,"gold_gain":150.0,"event_name":"Liars Game","player_choice":"AGREE","floor":10.0,"gold_loss":0.0,"damage_taken":0.0,"cards_obtained":["Doubt"]},{"damage_healed":0.0,"max_hp_gain":0.0,"max_hp_loss":0.0,"gold_gain":0.0,"event_name":"Scrap Ooze","player_choice":"Success","floor":11.0,"gold_loss":0.0,"damage_taken":5.0,"relics_obtained":["Mummified Hand"]},{"damage_healed":0.0,"max_hp_gain":0.0,"max_hp_loss":0.0,"gold_gain":0.0,"event_name":"Upgrade Shrine","player_choice":"Upgraded","floor":13.0,"gold_loss":0.0,"damage_taken":0.0,"cards_upgraded":["Infernal Blade"]}],"is_beta":false,"boss_relics":[],"items_purged_floors":[12],"is_endless":false,"potions_floor_spawned":[1,4,5],"killed_by":"Exordium Thugs","ascension_level":17}