{"gold_per_floor":[115,131,145,220,235,235,248,262,335,361,373,373,436,447,447,546,546,564,576,591,591,603,603,603],"floor_reached":24,"playtime":1286,"items_purged":[],"score":214,"play_id":"a3d925c9-d547-49ce-b7e3-93336882b0a5","local_time":"20180805210622","is_ascension_mode":true,"campfire_choices":[{"data":"Heavy Blade","floor":6,"key":"SMITH"},{"data":"Whirlwind","floor":12,"key":"SMITH"},{"floor":15,"key":"REST"},{"floor":23,"key":"REST"}],"neow_cost":"NONE","seed_source_timestamp":556924922032676,"circlet_count":0,"master_deck":["Strike_R","Strike_R","Strike_R","Strike_R","Defend_R","Defend_R","Defend_R","Defend_R","Bash","Inflame","Heavy Blade+1","Iron Wave","Cleave","Whirlwind+1","Shrug It Off","Shrug It Off"],"relics":["Burning Blood","Kunai","Magic Flower","Lizard Tail","Nloth\u0027s Gift"],"potions_floor_usage":[10,13,13,16],"damage_taken":[{"damage":8,"enemies":"Jaw Worm","floor":1,"turns":6},{"damage":0,"enemies":"2 Louse","floor":2,"turns":3},{"damage":6,"enemies":"Cultist","floor":3,"turns":3},{"damage":12,"enemies":"Looter","floor":5,"turns":4},{"damage":14,"enemies":"Blue Slaver","floor":7,"turns":3},{"damage":9,"enemies":"2 Fungi Beasts","floor":8,"turns":5},{"damage":20,"enemies":"Gremlin Nob","floor":10,"turns":4},{"damage":6,"enemies":"3 Louse","floor":11,"turns":2},{"damage":23,"enemies":"Gremlin Nob","floor":13,"turns":4},{"damage":2,"enemies":"Blue Slaver","floor":14,"turns":4},{"damage":45,"enemies":"The Guardian","floor":16,"turns":14},{"damage":30,"enemies":"2 Thieves","floor":18,"turns":4},{"damage":16,"enemies":"Chosen","floor":19,"turns":6},{"damage":61,"enemies":"Snake Plant","floor":20,"turns":8},{"damage":13,"enemies":"Centurion and Healer","floor":22,"turns":6},{"damage":83,"enemies":"Gremlin Leader","floor":24,"turns":7}],"seed_played":"7370060878591087684","potions_obtained":[{"floor":1,"key":"Explosive Potion"},{"floor":8,"key":"SteroidPotion"},{"floor":10,"key":"Explosive Potion"},{"floor":13,"key":"Dexterity Potion"},{"floor":13,"key":"Weak Potion"},{"floor":14,"key":"SpeedPotion"},{"floor":16,"key":"SpeedPotion"}],"is_trial":false,"path_per_floor":["M","M","M","?","M","R","M","M","T","E","M","R","?","M","R","B",null,"M","M","M","?","M","R"],"character_chosen":"IRONCLAD","items_purchased":[],"campfire_rested":2,"item_purchase_floors":[],"current_hp_per_floor":[78,80,80,69,63,63,55,52,52,38,38,38,21,28,52,16,80,59,52,62,62,58,80,0],"gold":603,"neow_bonus":"REMOVE_CARD","is_prod":false,"is_daily":false,"chose_seed":false,"campfire_upgraded":2,"win_rate":0,"timestamp":1533474382,"path_taken":["M","M","M","?","M","R","M","M","T","E","M","R","?","?","R","BOSS","M","M","M","?","M","R","E"],"build_version":"2018-08-02","purchased_purges":0,"victory":false,"max_hp_per_floor":[80,80,80,80,80,80,80,80,80,80,80,80,80,80,80,80,80,80,80,80,80,80,80,80],"card_choices":[{"not_picked":["Burning Pact","Clothesline"],"picked":"Inflame","floor":1},{"not_picked":["Fire Breathing","Feel No Pain","Clothesline"],"picked":"SKIP","floor":2},{"not_picked":["Wild Strike","Searing Blow","Havoc"],"picked":"SKIP","floor":3},{"not_picked":["Body Slam","Corruption"],"picked":"Heavy Blade","floor":5},{"not_picked":["Metallicize","Entrench"],"picked":"Iron Wave","floor":7},{"not_picked":["Armaments","Exhume"],"picked":"Cleave","floor":8},{"not_picked":["Evolve","Battle Trance"],"picked":"Whirlwind","floor":10},{"not_picked":["Armaments","Thunderclap","Hemokinesis"],"picked":"SKIP","floor":11},{"not_picked":["Body Slam","Perfected Strike"],"picked":"Shrug It Off","floor":13},{"not_picked":["Fire Breathing","Sentinel","Cleave"],"picked":"SKIP","floor":14},{"not_picked":["Pommel Strike","Sword Boomerang"],"picked":"Shrug It Off","floor":18},{"not_picked":["Infernal Blade+1","Body Slam","Power Through"],"picked":"SKIP","floor":19},{"not_picked":["Fire Breathing","Corruption","Rage+1"],"picked":"SKIP","floor":20},{"not_picked":["Wild Strike+1","Body Slam","Sword Boomerang"],"picked":"SKIP","floor":22}],"player_experience":204914,"relics_obtained":[{"floor":9,"key":"Kunai"},{"floor":10,"key":"Bottled Lightning"},{"floor":13,"key":"Magic Flower"}],"event_choices":[{"event_name":"World of Goop","player_choice":"Gather Gold","floor":4,"damage_taken":0},{"event_name":"Dead Adventurer","player_choice":"Searched \u00271\u0027 times","floor":13,"damage_taken":0},{"event_name":"N\u0027loth","player_choice":"Traded a Bottled Lightning","floor":21,"damage_taken":0}],"is_beta":false,"boss_relics":[{"not_picked":["Runic Dome","Cursed Key"],"picked":"Lizard Tail"}],"items_purged_floors":[],"is_endless":false,"potions_floor_spawned":[1,8,10,13,13,14,16,20,22],"killed_by":"Gremlin Leader","ascension_level":1}