{"gold_per_floor":[118,138,138,61,77,106,85,112,163,163,183,198,198,24,24,128,128,145,175,175,16,16,16,29,29,29,49,49,59,72,1,1,96,96,115,115,133,133,147,177,190,208,283,283,283,283,283,300,300,300],"floor_reached":51,"playtime":2633,"items_purged":[],"score":687,"play_id":"aab238b3-05c0-4068-b8e0-eee517717646","local_time":"20181212102347","is_ascension_mode":false,"campfire_choices":[{"floor":13,"key":"REST"},{"data":"Flex","floor":15,"key":"SMITH"},{"floor":23,"key":"REST"},{"data":"Fiend Fire","floor":25,"key":"SMITH"},{"floor":28,"key":"REST"},{"data":"Enlightenment","floor":32,"key":"SMITH"},{"floor":46,"key":"REST"},{"data":"Limit Break","floor":49,"key":"SMITH"}],"neow_cost":"TEN_PERCENT_HP_LOSS","seed_source_timestamp":0,"circlet_count":0,"master_deck":["Strike_R+1","Strike_R","Strike_R","Strike_R","Strike_R","Defend_R","Defend_R","Defend_R","Bash","Headbutt","Spot Weakness","Shrug It Off","Twin Strike","Bludgeon+1","Reckless Charge","Flex+1","Limit Break+1","Shrug It Off","Fiend Fire+1","Inflame","Enlightenment+1","Perfected Strike+1","Perfected Strike","Twin Strike","Impervious","Barricade","Flame Barrier+1","Shrug It Off+1","Regret","Mayhem+1","Normality"],"special_seed":0,"relics":["Burning Blood","Ginger","Shuriken","Pen Nib","Bag of Marbles","Regal Pillow","Runic Pyramid","Red Mask","Orichalcum","Bottled Flame","Cursed Key","Ancient Tea Set","Frozen Egg 2","Omamori"],"potions_floor_usage":[8,16,19,30,33,39],"damage_taken":[{"damage":0.0,"enemies":"Small Slimes","floor":1.0,"turns":3.0},{"damage":2.0,"enemies":"2 Louse","floor":2.0,"turns":3.0},{"damage":1.0,"enemies":"Cultist","floor":5.0,"turns":3.0},{"damage":26.0,"enemies":"3 Sentries","floor":6.0,"turns":7.0},{"damage":21,"enemies":"Lagavulin","floor":8,"turns":5},{"damage":10,"enemies":"Looter","floor":11,"turns":3},{"damage":0,"enemies":"Exordium Thugs","floor":12,"turns":3},{"damage":30,"enemies":"Hexaghost","floor":16,"turns":7},{"damage":21,"enemies":"Spheric Guardian","floor":18,"turns":5},{"damage":28,"enemies":"Masked Bandits","floor":19,"turns":4},{"damage":1,"enemies":"Shell Parasite","floor":24,"turns":2},{"damage":12,"enemies":"Shelled Parasite and Fungi","floor":27,"turns":5},{"damage":0,"enemies":"Snake Plant","floor":29,"turns":1},{"damage":0,"enemies":"Chosen and Byrds","floor":30,"turns":3},{"damage":31,"enemies":"Automaton","floor":33,"turns":5},{"damage":0,"enemies":"3 Shapes","floor":35,"turns":4},{"damage":0,"enemies":"Orb Walker","floor":37,"turns":2},{"damage":3,"enemies":"Writhing Mass","floor":39,"turns":2},{"damage":30,"enemies":"Reptomancer","floor":40,"turns":3},{"damage":9,"enemies":"Jaw Worm Horde","floor":41,"turns":3},{"damage":8,"enemies":"4 Shapes","floor":42,"turns":4},{"damage":8,"enemies":"Transient","floor":48,"turns":5},{"damage":63,"enemies":"Donu and Deca","floor":50,"turns":7}],"seed_played":"3196563920835150249","potions_obtained":[{"floor":1.0,"key":"Strength Potion"},{"floor":5.0,"key":"PowerPotion"},{"floor":11,"key":"Strength Potion"},{"floor":18,"key":"Swift Potion"},{"floor":27,"key":"Explosive Potion"},{"floor":29,"key":"Fruit Juice"},{"floor":33,"key":"Swift Potion"},{"floor":35,"key":"Fruit Juice"},{"floor":41,"key":"Ancient Potion"}],"is_trial":false,"path_per_floor":["M","M","?","$","M","E","?","E","T","?","M","M","R","$","R","B",null,"M","?","T","$","?","R","M","R","T","M","R","M","M","$","R","B",null,"M","?","M","?","M","E","M","M","T","?","?","R","T","M","R","B",null],"character_chosen":"IRONCLAD","items_purchased":["Spot Weakness","Regal Pillow","Flex","Inflame","Enlightenment","Impervious"],"campfire_rested":4,"item_purchase_floors":[4,14,14,21,21,31],"current_hp_per_floor":[72,72,72,72,72,52,52,37,37,37,33,39,60,60,60,36,72,57,35,35,35,22,60,65,65,65,59,77,77,82,82,82,57,82,82,82,82,82,87,63,60,58,58,58,58,87,87,85,85,28],"gold":300,"neow_bonus":"ONE_RARE_RELIC","is_prod":false,"is_daily":false,"chose_seed":false,"campfire_upgraded":4,"win_rate":0,"timestamp":1544606627,"path_taken":["M","M","?","$","M","E","?","E","T","?","?","M","R","$","R","BOSS","M","?","?","$","?","R","M","R","T","M","R","M","M","$","R","BOSS","M","?","M","?","M","E","?","M","T","?","?","R","?","M","R","BOSS"],"build_version":"2018-12-06","purchased_purges":0,"victory":true,"max_hp_per_floor":[72,72,72,72,72,72,72,72,72,72,72,72,72,72,72,72,72,72,72,72,72,77,77,77,77,77,77,77,77,82,82,82,82,82,82,82,82,82,87,87,87,87,87,87,87,87,87,87,87,87],"card_choices":[{"not_picked":["Body Slam","Warcry"],"picked":"Headbutt","floor":1.0},{"not_picked":["Warcry","Rupture","True Grit"],"picked":"SKIP","floor":2.0},{"not_picked":["Reaper","Warcry","Iron Wave"],"picked":"SKIP","floor":5.0},{"not_picked":["Havoc","Dark Embrace"],"picked":"Shrug It Off","floor":6.0},{"not_picked":["Thunderclap","Sword Boomerang"],"picked":"Twin Strike","floor":8},{"not_picked":["Armaments","Evolve"],"picked":"Reckless Charge","floor":11},{"not_picked":["Sword Boomerang","Pommel Strike","Havoc"],"picked":"SKIP","floor":12},{"not_picked":["Bludgeon","Offering"],"picked":"Limit Break","floor":16},{"not_picked":["Armaments","Anger"],"picked":"Shrug It Off","floor":18},{"not_picked":["Clothesline","Wild Strike"],"picked":"Fiend Fire","floor":19},{"not_picked":["Anger","Fire Breathing","Cleave"],"picked":"SKIP","floor":24},{"not_picked":["Rampage+1","Havoc+1"],"picked":"Perfected Strike+1","floor":27},{"not_picked":["Shrug It Off","Wild Strike"],"picked":"Perfected Strike","floor":29},{"not_picked":["Entrench+1","True Grit"],"picked":"Twin Strike","floor":30},{"not_picked":["Feed","Juggernaut"],"picked":"Barricade","floor":33},{"not_picked":["Thunderclap+1","Cleave+1","Rupture"],"picked":"SKIP","floor":35},{"not_picked":["Burning Pact","Bloodletting"],"picked":"Flame Barrier+1","floor":37},{"not_picked":["True Grit+1","Rampage","Cleave+1"],"picked":"SKIP","floor":39},{"not_picked":["Bloodletting+1","Feel No Pain+1","Immolate"],"picked":"SKIP","floor":40},{"not_picked":["Thunderclap+1","Armaments","Sword Boomerang"],"picked":"SKIP","floor":41},{"not_picked":["True Grit+1","Heavy Blade+1"],"picked":"Shrug It Off+1","floor":42},{"not_picked":["Swift Strike","Flash of Steel"],"picked":"Mayhem+1","floor":45},{"not_picked":["Corruption+1","Twin Strike+1","Headbutt+1"],"picked":"SKIP","floor":48}],"player_experience":162651,"relics_obtained":[{"floor":6.0,"key":"Shuriken"},{"floor":8,"key":"Pen Nib"},{"floor":9,"key":"Bag of Marbles"},{"floor":19,"key":"Red Mask"},{"floor":20,"key":"Orichalcum"},{"floor":26,"key":"Bottled Flame"},{"floor":40,"key":"Ancient Tea Set"},{"floor":43,"key":"Frozen Egg 2"},{"floor":47,"key":"Omamori"}],"event_choices":[{"damage_healed":0.0,"max_hp_gain":0.0,"max_hp_loss":0.0,"gold_gain":0.0,"event_name":"Living Wall","player_choice":"Grow","floor":3.0,"gold_loss":0.0,"damage_taken":0.0,"cards_upgraded":["Strike_R"]},{"damage_healed":0.0,"max_hp_gain":0.0,"max_hp_loss":0.0,"gold_gain":0.0,"event_name":"World of Goop","player_choice":"Left Gold","floor":7.0,"gold_loss":21.0,"damage_taken":0.0},{"damage_healed":0,"gold_gain":0,"player_choice":"1 cards matched","damage_taken":0,"max_hp_gain":0,"max_hp_loss":0,"event_name":"Match and Keep!","floor":10,"gold_loss":0,"cards_obtained":["Bludgeon"]},{"damage_healed":0,"gold_gain":0,"player_choice":"Fought Bandits","damage_taken":0,"max_hp_gain":0,"max_hp_loss":0,"event_name":"Masked Bandits","floor":19,"gold_loss":0},{"damage_healed":0,"gold_gain":0,"player_choice":"Shed Blood","damage_taken":18,"max_hp_gain":5,"max_hp_loss":0,"event_name":"Forgotten Altar","floor":22,"gold_loss":0},{"cards_removed":["Defend_R"],"damage_healed":0,"gold_gain":0,"player_choice":"Removed Skill","damage_taken":0,"max_hp_gain":0,"max_hp_loss":0,"event_name":"Falling","floor":36,"gold_loss":0},{"damage_healed":0,"gold_gain":0,"player_choice":"Forge","damage_taken":0,"max_hp_gain":0,"max_hp_loss":0,"event_name":"Accursed Blacksmith","floor":38,"gold_loss":0,"cards_upgraded":["Bludgeon"]},{"damage_healed":0,"gold_gain":0,"player_choice":"Ignored","damage_taken":0,"max_hp_gain":0,"max_hp_loss":0,"event_name":"Mysterious Sphere","floor":44,"gold_loss":0},{"damage_healed":0,"gold_gain":0,"player_choice":"Memory 1","damage_taken":0,"max_hp_gain":0,"max_hp_loss":0,"event_name":"SensoryStone","floor":45,"gold_loss":0}],"is_beta":false,"boss_relics":[{"not_picked":["Eternal Feather","Coffee Dripper"],"picked":"Runic Pyramid"},{"not_picked":["Velvet Choker","Sozu"],"picked":"Cursed Key"}],"items_purged_floors":[],"is_endless":false,"potions_floor_spawned":[1,5,11,18,27,29,33,35,41],"ascension_level":0}