{"gold_per_floor":[113,113,129,129,48,61,61,81,104,120,139,139,158,183,183,313,313,329,147,166,166],"floor_reached":21,"playtime":1184,"items_purged":[],"score":177,"play_id":"1ef40c6f-9177-4854-b03f-ef0eb3e5e7e7","local_time":"20180715223504","is_ascension_mode":false,"campfire_choices":[{"data":"Sweeping Beam","floor":7,"key":"SMITH"},{"floor":15,"key":"REST"}],"neow_cost":"NONE","seed_source_timestamp":0,"circlet_count":0,"master_deck":["Strike_B+1","Strike_B","Strike_B","Strike_B","Defend_B","Defend_B","Defend_B","Defend_B","Zap","Dualcast","Conserve Battery","Sweeping Beam+1","Rip and Tear","Ball Lightning","Gash","Ball Lightning","Streamline","Ball Lightning","Seek","Gash","Enlightenment","Static Discharge"],"special_seed":0,"relics":["Cracked Core","Golden Idol","Potion Belt","Eternal Feather"],"potions_floor_usage":[14,20],"damage_taken":[{"damage":5.0,"enemies":"Small Slimes","floor":1.0,"turns":5.0},{"damage":1.0,"enemies":"Jaw Worm","floor":3.0,"turns":4.0},{"damage":4.0,"enemies":"Cultist","floor":5.0,"turns":4.0},{"damage":11,"enemies":"3 Sentries","floor":6,"turns":6},{"damage":0,"enemies":"Cultist","floor":8,"turns":3},{"damage":1,"enemies":"Red Slaver","floor":10,"turns":3},{"damage":3,"enemies":"Lots of Slimes","floor":11,"turns":2},{"damage":2,"enemies":"3 Louse","floor":13,"turns":2},{"damage":10,"enemies":"2 Fungi Beasts","floor":14,"turns":4},{"damage":31,"enemies":"The Guardian","floor":16,"turns":10},{"damage":25,"enemies":"Spheric Guardian","floor":18,"turns":4},{"damage":44,"enemies":"3 Byrds","floor":20,"turns":5},{"damage":9,"enemies":"Snake Plant","floor":21,"turns":1}],"seed_played":"453176967404927920","potions_obtained":[{"floor":8,"key":"Fire Potion"},{"floor":10,"key":"SpeedPotion"},{"floor":11,"key":"AttackPotion"},{"floor":13,"key":"Regen Potion"},{"floor":14,"key":"Regen Potion"},{"floor":20,"key":"EssenceOfSteel"}],"is_trial":false,"path_per_floor":["M","?","M","?","$","E","R","M","T","M","M","$","M","M","R","B",null,"M","$","M"],"character_chosen":"DEFECT","items_purchased":["Rip and Tear","Enlightenment"],"campfire_rested":1,"item_purchase_floors":[5,19],"current_hp_per_floor":[70,70,69,69,65,54,54,54,54,53,50,50,48,50,69,38,69,44,44,9,0],"gold":166,"neow_bonus":"UPGRADE_CARD","is_prod":false,"is_daily":false,"chose_seed":false,"campfire_upgraded":1,"win_rate":0.0,"timestamp":1531665304,"path_taken":["M","?","M","?","?","E","R","M","T","M","M","$","?","M","R","BOSS","M","$","M","M"],"build_version":"2018-07-12","purchased_purges":0,"victory":false,"max_hp_per_floor":[75,75,75,69,69,69,69,69,69,69,69,69,69,69,69,69,69,69,69,69,69],"card_choices":[{"not_picked":["Leap","Blizzard"],"picked":"Conserve Battery","floor":1.0},{"not_picked":["Coolheaded","BootSequence"],"picked":"Sweeping Beam","floor":3.0},{"not_picked":["Leap","Lockon","Reinforced Body"],"picked":"SKIP","floor":6},{"not_picked":["BootSequence","Reboot"],"picked":"Ball Lightning","floor":8},{"not_picked":["Sweeping Beam","Cold Snap"],"picked":"Gash","floor":10},{"not_picked":["Beam Cell","Leap"],"picked":"Ball Lightning","floor":11},{"not_picked":["Steam","Barrage"],"picked":"Streamline","floor":13},{"not_picked":["Streamline","Conserve Battery"],"picked":"Ball Lightning","floor":14},{"not_picked":["Biased Cognition","Creative AI"],"picked":"Seek","floor":16},{"not_picked":["Tempest","Steam"],"picked":"Gash","floor":18},{"not_picked":["Ball Lightning","Barrage"],"picked":"Static Discharge","floor":20}],"player_experience":8583,"relics_obtained":[{"floor":9,"key":"Potion Belt"}],"event_choices":[{"event_name":"Shining Light","player_choice":"Ignored","floor":2.0,"damage_taken":0.0},{"event_name":"Golden Idol","player_choice":"Lose Max HP","floor":4.0,"damage_taken":0.0}],"boss_relics":[{"not_picked":["Tiny House","Busted Crown"],"picked":"Eternal Feather"}],"items_purged_floors":[],"is_endless":false,"potions_floor_spawned":[8,10,11,13,14,20],"killed_by":"Snake Plant","ascension_level":0}