{"gold_per_floor":[109,59,71,88,99,125,137,149,214,246,270,282],"floor_reached":12,"playtime":2576,"items_purged":[],"score":82,"play_id":"978158a5-4786-44c6-b5dd-0e0f2242819e","local_time":"20181229124221","is_ascension_mode":false,"campfire_choices":[{"floor":7,"key":"REST"}],"neow_cost":"NONE","seed_source_timestamp":4396141505650,"circlet_count":0,"master_deck":["Strike_B","Strike_B","Strike_B","Strike_B","Defend_B","Defend_B","Defend_B","Zap","Dualcast","Ball Lightning","White Noise","Lockon","Glacier","Darkness","Conserve Battery","BootSequence","White Noise","Electrodynamics","Reinforced Body","Decay","Cold Snap","Redo"],"relics":["Orrery","MawBank","Tiny Chest"],"potions_floor_usage":[6],"damage_taken":[{"damage":6,"enemies":"2 Louse","floor":1,"turns":3},{"damage":0,"enemies":"Cultist","floor":3,"turns":5},{"damage":0,"enemies":"Small Slimes","floor":4,"turns":4},{"damage":5,"enemies":"Looter","floor":5,"turns":3},{"damage":21,"enemies":"Lagavulin","floor":6,"turns":6},{"damage":0,"enemies":"2 Fungi Beasts","floor":10,"turns":3},{"damage":0,"enemies":"Red Slaver","floor":11,"turns":5},{"damage":16,"enemies":"Gremlin Nob","floor":12,"turns":4}],"seed_played":"-234409296409168948","potions_obtained":[{"floor":3,"key":"PowerPotion"},{"floor":4,"key":"Dexterity Potion"},{"floor":10,"key":"Energy Potion"},{"floor":11,"key":"Poison Potion"}],"is_trial":false,"path_per_floor":["M","?","M","M","M","E","R","?","T","M","M","E"],"character_chosen":"DEFECT","items_purchased":[],"campfire_rested":1,"item_purchase_floors":[],"current_hp_per_floor":[69,69,69,69,64,43,65,65,65,65,65,49],"gold":282,"neow_bonus":"BOSS_RELIC","is_prod":false,"is_daily":false,"chose_seed":false,"campfire_upgraded":0,"win_rate":0.0,"timestamp":1546083741,"path_taken":["M","?","M","M","M","E","R","?","T","M","?","E"],"build_version":"2018-12-20","purchased_purges":0,"victory":false,"max_hp_per_floor":[75,75,75,75,75,75,75,75,75,75,75,75],"card_choices":[{"not_picked":["Stack","Force Field"],"picked":"Ball Lightning","floor":0},{"not_picked":["Rebound","Blizzard"],"picked":"White Noise","floor":0},{"not_picked":["Cold Snap","Redo"],"picked":"Lockon","floor":0},{"not_picked":["Leap","Meteor Strike"],"picked":"Glacier","floor":0},{"not_picked":["Barrage","Conserve Battery"],"picked":"Darkness","floor":0},{"not_picked":["Barrage","Gash"],"picked":"Conserve Battery","floor":1},{"not_picked":["Compile Driver","Rebound"],"picked":"BootSequence","floor":3},{"not_picked":["Barrage","Streamline"],"picked":"White Noise","floor":4},{"not_picked":["Sweeping Beam","Barrage"],"picked":"Electrodynamics","floor":5},{"not_picked":["Reprogram","Doom and Gloom"],"picked":"Reinforced Body","floor":6},{"not_picked":["Rebound","Hologram"],"picked":"Cold Snap","floor":10},{"not_picked":["Gash","Steam"],"picked":"Redo","floor":11}],"player_experience":61229,"relics_obtained":[{"floor":6,"key":"MawBank"},{"floor":9,"key":"Tiny Chest"}],"event_choices":[{"cards_removed":["Defend_B"],"damage_healed":0,"gold_gain":0,"player_choice":"Card Removal","damage_taken":0,"max_hp_gain":0,"max_hp_loss":0,"event_name":"The Cleric","floor":2,"gold_loss":50},{"damage_healed":0,"gold_gain":0,"player_choice":"Cursed","damage_taken":0,"max_hp_gain":0,"max_hp_loss":0,"event_name":"Wheel of Change","floor":8,"gold_loss":0,"cards_obtained":["Decay"]}],"is_beta":false,"boss_relics":[],"items_purged_floors":[],"is_endless":false,"potions_floor_spawned":[3,4,10,11],"killed_by":"Gremlin Nob","ascension_level":0}