{"gold_per_floor":[118,132,146,157,170,170,186,176,203,203,203,203,203,216,216,335,335,355,203,128,142,142,142,142,142,142,189,212,212,230,230,230,230],"floor_reached":33,"playtime":3747,"items_purged":["Bash"],"score":263,"play_id":"14ba54fb-ed77-48a1-a883-eea09f3951de","local_time":"20180809161536","is_ascension_mode":true,"campfire_choices":[{"data":"Whirlwind","floor":6,"key":"SMITH"},{"floor":10,"key":"REST"},{"floor":13,"key":"REST"},{"data":"Iron Wave","floor":15,"key":"SMITH"},{"data":"True Grit","floor":23,"key":"SMITH"},{"data":"Shockwave","floor":25,"key":"SMITH"},{"data":"Body Slam","floor":29,"key":"SMITH"},{"floor":32,"key":"REST"}],"neow_cost":"NONE","seed_source_timestamp":882586593998122,"circlet_count":0,"master_deck":["Feed","Whirlwind+1","Disarm","Iron Wave+1","Shrug It Off","Thunderclap","Twin Strike","Flex","Evolve","Body Slam+1","Headbutt","Shrug It Off","Shockwave+1","True Grit+1"],"relics":["Burning Blood","Lantern","Bloody Idol","Pandora\u0027s Box","Juzu Bracelet","Vajra"],"potions_floor_usage":[8,16,16,33,33,33],"damage_taken":[{"damage":8,"enemies":"Jaw Worm","floor":1,"turns":4},{"damage":8,"enemies":"Small Slimes","floor":2,"turns":4},{"damage":5,"enemies":"Cultist","floor":3,"turns":5},{"damage":32,"enemies":"Large Slime","floor":4,"turns":13},{"damage":22,"enemies":"Blue Slaver","floor":5,"turns":7},{"damage":12,"enemies":"Looter","floor":7,"turns":4},{"damage":33,"enemies":"Exordium Thugs","floor":8,"turns":4},{"damage":7,"enemies":"Exordium Wildlife","floor":14,"turns":4},{"damage":23,"enemies":"Slime Boss","floor":16,"turns":9},{"damage":28,"enemies":"Chosen","floor":18,"turns":5},{"damage":8,"enemies":"3 Byrds","floor":21,"turns":4},{"damage":9,"enemies":"Snecko","floor":28,"turns":5},{"damage":19,"enemies":"Snake Plant","floor":30,"turns":5},{"damage":83,"enemies":"Automaton","floor":33,"turns":10}],"seed_played":"-6295468275199743829","potions_obtained":[{"floor":2,"key":"Dexterity Potion"},{"floor":3,"key":"AttackPotion"},{"floor":7,"key":"PowerPotion"},{"floor":14,"key":"SteroidPotion"},{"floor":16,"key":"Strength Potion"},{"floor":18,"key":"Fire Potion"}],"is_trial":false,"path_per_floor":["M","M","M","M","M","R","M","M","T","R","?","?","R","M","R","B",null,"M","$","?","M","?","R","?","R","T","T","M","R","M","?","R"],"character_chosen":"IRONCLAD","items_purchased":["Shockwave"],"campfire_rested":3,"item_purchase_floors":[19],"current_hp_per_floor":[78,76,77,54,41,41,38,14,14,41,34,34,59,61,61,47,91,69,69,69,67,67,67,67,67,67,67,64,64,51,51,78,0],"gold":230,"neow_bonus":"REMOVE_CARD","is_prod":false,"is_daily":false,"chose_seed":false,"campfire_upgraded":5,"win_rate":0,"timestamp":1533802536,"path_taken":["M","M","M","M","M","R","M","M","T","R","?","?","R","M","R","BOSS","M","$","?","M","?","R","?","R","T","?","M","R","M","?","R","BOSS"],"build_version":"2018-08-02","purchased_purges":1,"victory":false,"max_hp_per_floor":[80,80,80,83,86,86,89,92,92,92,92,85,85,88,88,91,91,91,91,91,91,91,91,91,91,91,91,91,91,91,91,91,91],"card_choices":[{"not_picked":["Havoc","Pommel Strike","Anger"],"picked":"SKIP","floor":1},{"not_picked":["Anger","Havoc","Metallicize"],"picked":"SKIP","floor":2},{"not_picked":["Corruption","Sentinel"],"picked":"Feed","floor":3},{"not_picked":["Clash","Body Slam"],"picked":"Whirlwind","floor":4},{"not_picked":["Blood for Blood","Bloodletting"],"picked":"Headbutt","floor":5},{"not_picked":["Clash","Exhume"],"picked":"Disarm","floor":7},{"not_picked":["Wild Strike","Anger"],"picked":"Iron Wave","floor":8},{"not_picked":["Blood for Blood","Wild Strike"],"picked":"Shrug It Off","floor":14},{"not_picked":["Body Slam","Clash"],"picked":"Shrug It Off","floor":18},{"not_picked":["Pommel Strike","Battle Trance"],"picked":"True Grit","floor":21},{"not_picked":["Blood for Blood","Sword Boomerang","Twin Strike+1"],"picked":"SKIP","floor":28},{"not_picked":["Headbutt+1","Carnage","Blood for Blood"],"picked":"SKIP","floor":30}],"player_experience":223277,"relics_obtained":[{"floor":9,"key":"Lantern"},{"floor":26,"key":"Juzu Bracelet"},{"floor":27,"key":"Vajra"}],"event_choices":[{"event_name":"Golden Wing","player_choice":"Card Removal","floor":11,"damage_taken":0},{"event_name":"Golden Idol","player_choice":"Lose Max HP","floor":12,"damage_taken":0},{"event_name":"Beggar","player_choice":"Gave Gold","floor":20,"damage_taken":0},{"event_name":"Back to Basics","player_choice":"Elegance","floor":22,"damage_taken":0},{"event_name":"The Mausoleum","player_choice":"No","floor":24,"damage_taken":0},{"event_name":"Forgotten Altar","player_choice":"Gave Idol","floor":31,"damage_taken":0}],"is_beta":false,"boss_relics":[{"not_picked":["Mark of Pain","Fusion Hammer"],"picked":"Pandora\u0027s Box"}],"items_purged_floors":[19],"is_endless":false,"potions_floor_spawned":[2,3,7,14,16,18,30],"killed_by":"Automaton","ascension_level":2}