{"gold_per_floor":[110,124,124,141,141,169,179,197,197,211,211],"floor_reached":11,"playtime":659,"items_purged":[],"score":77,"play_id":"3b7aba3d-aef0-4eb1-b7d3-7893e38c9ca7","local_time":"20190106001227","is_ascension_mode":false,"campfire_choices":[],"neow_cost":"NONE","seed_source_timestamp":701514745382163,"circlet_count":0,"master_deck":["Defend_G","Defend_G","Defend_G","Defend_G","Defend_G","Strike_G","Strike_G","Strike_G","Strike_G","Survivor","Neutralize","Purity","Deadly Poison","Backflip","Strike_G","Underhanded Strike","Burst","Escape Plan","Backflip","Well Laid Plans+1"],"relics":["Ring of the Snake","Anchor","Darkstone Periapt","Frozen Egg 2"],"potions_floor_usage":[11],"damage_taken":[{"damage":7,"enemies":"2 Louse","floor":1,"turns":3},{"damage":0,"enemies":"Cultist","floor":2,"turns":4},{"damage":0,"enemies":"Jaw Worm","floor":4,"turns":5},{"damage":38,"enemies":"Lagavulin","floor":6,"turns":7},{"damage":0,"enemies":"Blue Slaver","floor":7,"turns":5},{"damage":0,"enemies":"Looter","floor":8,"turns":4},{"damage":0,"enemies":"Large Slime","floor":10,"turns":8},{"damage":31,"enemies":"Gremlin Nob","floor":11,"turns":4}],"seed_played":"6447103295487366744","potions_obtained":[{"floor":6,"key":"Energy Potion"},{"floor":8,"key":"Weak Potion"},{"floor":10,"key":"Weak Potion"}],"is_trial":false,"path_per_floor":["M","M","?","M","?","E","M","M","T","M","E"],"character_chosen":"THE_SILENT","items_purchased":[],"campfire_rested":0,"item_purchase_floors":[],"current_hp_per_floor":[63,63,63,63,60,22,22,22,22,22,0],"gold":211,"neow_bonus":"RANDOM_COLORLESS","is_prod":false,"is_daily":false,"chose_seed":false,"campfire_upgraded":0,"win_rate":0,"timestamp":1546751547,"path_taken":["M","M","?","?","?","E","M","M","T","M","E"],"build_version":"2019-01-03v4","purchased_purges":0,"victory":false,"max_hp_per_floor":[70,70,70,70,70,70,70,70,70,70,70],"card_choices":[{"not_picked":["Outmaneuver","Backstab"],"picked":"Deadly Poison","floor":1},{"not_picked":["Bouncing Flask","Calculated Gamble"],"picked":"Backflip","floor":2},{"not_picked":["Quick Slash","Expertise"],"picked":"Underhanded Strike","floor":4},{"not_picked":["Bane","Choke"],"picked":"Burst","floor":6},{"not_picked":["Deadly Poison","Distraction"],"picked":"Escape Plan","floor":7},{"not_picked":["Dagger Throw","Blade Dance"],"picked":"Backflip","floor":8},{"not_picked":["Acrobatics","Backflip"],"picked":"Well Laid Plans+1","floor":10}],"player_experience":41365,"relics_obtained":[{"floor":6,"key":"Darkstone Periapt"},{"floor":9,"key":"Frozen Egg 2"}],"event_choices":[{"cards_removed":["Strike_G"],"damage_healed":0,"gold_gain":0,"player_choice":"Took Card","damage_taken":0,"max_hp_gain":0,"max_hp_loss":0,"event_name":"NoteForYourself","floor":3,"gold_loss":0,"cards_obtained":["Strike_G"]},{"damage_healed":0,"gold_gain":0,"player_choice":"Success","damage_taken":3,"relics_obtained":["Anchor"],"max_hp_gain":0,"max_hp_loss":0,"event_name":"Scrap Ooze","floor":5,"gold_loss":0}],"is_beta":false,"boss_relics":[],"items_purged_floors":[],"is_endless":false,"potions_floor_spawned":[6,8,10],"killed_by":"Gremlin Nob","ascension_level":0}