{"path_per_floor":["M","?","M","?","$","E","R","?","T","M","R","M","R","E","R","B",null,"M","?","M","$","?","E","T","M","T","R","$","R","M","$","R","B",null,"M","M","M","?","?","R","E","R","T","$","R","M","R","M","R","B"],"character_chosen":"DEFECT","items_purchased":["Static Discharge","Conserve Battery","Omamori","Stack","Self Repair","Apotheosis","Hologram","Centennial Puzzle"],"gold_per_floor":[119,119,144,144,63,99,99,99,176,191,191,206,206,241,241,372,372,392,425,439,200,200,236,236,256,306,306,167,167,180,39,39,168,168,189,209,229,562,562,562,594,594,594,252,252,264,264,281,281,281],"floor_reached":51,"campfire_rested":7,"playtime":3128,"item_purchase_floors":[5,21,21,21,28,31,44,44],"current_hp_per_floor":[75,75,65,62,62,45,45,30,30,30,30,30,52,36,60,14,82,55,32,24,24,24,3,3,3,3,27,27,51,37,37,61,65,82,49,56,39,39,39,63,58,58,58,58,58,58,58,53,77,16],"items_purged":["Injury","Strike_B","Regret"],"gold":281,"score":701,"play_id":"4629ac52-818b-4251-832b-1a3a79ded38e","local_time":"20180602192554","is_prod":false,"is_daily":false,"chose_seed":false,"is_ascension_mode":false,"campfire_upgraded":5,"win_rate":0,"timestamp":1527960354,"campfire_choices":[{"data":"Static Discharge","floor":7,"key":"SMITH"},{"data":"Streamline","floor":11,"key":"SMITH"},{"floor":13,"key":"REST"},{"floor":15,"key":"REST"},{"floor":27,"key":"REST"},{"floor":29,"key":"REST"},{"floor":32,"key":"REST"},{"floor":40,"key":"REST"},{"data":"Apotheosis","floor":42,"key":"SMITH"},{"data":"Thunder Strike","floor":45,"key":"SMITH"},{"data":"Static Discharge","floor":47,"key":"SMITH"},{"floor":49,"key":"REST"}],"path_taken":["M","?","M","?","$","E","R","?","T","M","R","M","R","E","R","BOSS","M","?","M","$","?","E","?","M","T","R","?","R","M","$","R","BOSS","M","M","?","?","?","R","E","R","T","$","R","M","R","M","R","BOSS"],"build_version":"2018-05-31","seed_source_timestamp":285436729297392,"purchased_purges":3,"victory":true,"master_deck":["Strike_B","Strike_B","Strike_B","Defend_B+1","Defend_B","Defend_B","Defend_B+1","Zap+1","Dualcast+1","Streamline+1","Barrage","Static Discharge+1","Ball Lightning","Loop","Static Discharge+1","Echo Form","Glacier+1","Reprogram+1","Conserve Battery+1","Stack","Ball Lightning","Self Repair","Self Repair","Amplify","Apotheosis+1","Thunder Strike+1","Storm+1","Ball Lightning","Skim","Lockon+1","Tempest+1","Dramatic Entrance","Hologram","Turbo+1"],"max_hp_per_floor":[75,75,75,75,75,75,75,75,75,75,75,75,75,82,82,82,82,82,82,82,82,82,82,82,82,82,82,82,82,82,82,82,82,82,82,82,82,82,82,82,82,82,82,82,82,82,82,82,82,82],"relics":["Cracked Core","Dodecahedron","Bag of Preparation","The Courier","Strawberry","Cursed Key","Red Mask","Omamori","Torii","Kunai","War Paint","Orrery","Happy Flower","Gremlin Horn","Centennial Puzzle"],"card_choices":[{"not_picked":["Go for the Eyes","Coolheaded"],"picked":"Streamline","floor":1},{"not_picked":["Compile Driver","Chill"],"picked":"Barrage","floor":3},{"not_picked":["Stack","All For One"],"picked":"Ball Lightning","floor":6},{"not_picked":["Sweeping Beam","Barrage","Turbo"],"picked":"SKIP","floor":10},{"not_picked":["Leap","Go for the Eyes"],"picked":"Loop","floor":12},{"not_picked":["Redo","Ball Lightning"],"picked":"Static Discharge","floor":14},{"not_picked":["All For One","Electrodynamics"],"picked":"Echo Form","floor":16},{"not_picked":["Steam","Redo","Gash"],"picked":"SKIP","floor":18},{"not_picked":["Chill","Gash"],"picked":"Glacier+1","floor":19},{"not_picked":["Turbo","Steam Power"],"picked":"Reprogram+1","floor":20},{"not_picked":["Blizzard","Conserve Battery"],"picked":"Ball Lightning","floor":23},{"not_picked":["Coolheaded","Stack+1"],"picked":"Self Repair","floor":25},{"not_picked":["Compile Driver","Darkness"],"picked":"Amplify","floor":30},{"not_picked":["Fission","Multi-Cast"],"picked":"Thunder Strike","floor":33},{"not_picked":["Skim","Ball Lightning"],"picked":"Storm+1","floor":34},{"not_picked":["Barrage","Streamline+1"],"picked":"Ball Lightning","floor":34},{"not_picked":["Steam Power","Hello World"],"picked":"Skim","floor":34},{"not_picked":["FTL+1","Doom and Gloom+1","Turbo+1"],"picked":"SKIP","floor":35},{"not_picked":["Beam Cell","Blizzard"],"picked":"Lockon+1","floor":36},{"not_picked":["Multi-Cast","Chill+1"],"picked":"Tempest+1","floor":37},{"not_picked":["Ball Lightning","Biased Cognition","Leap+1"],"picked":"SKIP","floor":41},{"not_picked":["Go for the Eyes","Blizzard+1"],"picked":"Turbo+1","floor":46},{"not_picked":["Ball Lightning","Stack+1","FTL+1"],"picked":"SKIP","floor":48}],"player_experience":439780,"potions_floor_usage":[18,23,23,33,37,41,50],"damage_taken":[{"damage":0,"enemies":"Cultist","floor":1,"turns":3},{"damage":10,"enemies":"Small Slimes","floor":3,"turns":3},{"damage":17,"enemies":"3 Sentries","floor":6,"turns":6},{"damage":0,"enemies":"Jaw Worm","floor":10,"turns":1},{"damage":0,"enemies":"Blue Slaver","floor":12,"turns":2},{"damage":23,"enemies":"Gremlin Nob","floor":14,"turns":3},{"damage":46,"enemies":"Hexaghost","floor":16,"turns":4},{"damage":27,"enemies":"Chosen","floor":18,"turns":4},{"damage":23,"enemies":"Masked Bandits","floor":19,"turns":3},{"damage":8,"enemies":"Shell Parasite","floor":20,"turns":4},{"damage":21,"enemies":"Slavers","floor":23,"turns":6},{"damage":0,"enemies":"Cultist and Chosen","floor":25,"turns":6},{"damage":28,"enemies":"3 Cultists","floor":30,"turns":6},{"damage":36,"enemies":"Champ","floor":33,"turns":9},{"damage":43,"enemies":"3 Darklings","floor":35,"turns":3},{"damage":0,"enemies":"Orb Walker","floor":36,"turns":4},{"damage":34,"enemies":"3 Darklings","floor":37,"turns":3},{"damage":26,"enemies":"Nemesis","floor":41,"turns":6},{"damage":27,"enemies":"Maw","floor":46,"turns":8},{"damage":25,"enemies":"Sphere and 2 Shapes","floor":48,"turns":5},{"damage":71,"enemies":"Donu and Deca","floor":50,"turns":7}],"relics_obtained":[{"floor":6,"key":"Bag of Preparation"},{"floor":9,"key":"The Courier"},{"floor":14,"key":"Strawberry"},{"floor":19,"key":"Red Mask"},{"floor":23,"key":"Torii"},{"floor":24,"key":"Kunai"},{"floor":26,"key":"War Paint"},{"floor":41,"key":"Happy Flower"},{"floor":43,"key":"Gremlin Horn"}],"event_choices":[{"event_name":"Golden Idol","player_choice":"Take Wound","floor":2,"damage_taken":0},{"event_name":"Scrap Ooze","player_choice":"success","floor":4,"damage_taken":3},{"event_name":"Shining Light","player_choice":"Entered Light","floor":8,"damage_taken":0},{"event_name":"Masked Bandits","player_choice":"Fought over 392 gold","floor":19,"damage_taken":0},{"event_name":"The Lab","player_choice":"Got Potions","floor":22,"damage_taken":0},{"event_name":"The Moai Head","player_choice":"Gave Idol","floor":38,"damage_taken":0},{"event_name":"Match and Keep!","player_choice":"1 cards matched","floor":39,"damage_taken":0}],"boss_relics":[{"not_picked":["Runic Pyramid","Calling Bell"],"picked":"Cursed Key"},{"not_picked":["Eternal Feather","Velvet Choker"],"picked":"Orrery"}],"items_purged_floors":[21,28,44],"potions_floor_spawned":[6,10,16,18,30,33,36,37,41],"seed_played":"6509398919697395035","ascension_level":0,"potions_obtained":[{"floor":6,"key":"SpeedPotion"},{"floor":10,"key":"Swift Potion"},{"floor":16,"key":"Strength Potion"},{"floor":18,"key":"Block Potion"},{"floor":22,"key":"SkillPotion"},{"floor":30,"key":"Weak Potion"},{"floor":33,"key":"AttackPotion"},{"floor":36,"key":"FearPotion"},{"floor":37,"key":"AttackPotion"},{"floor":41,"key":"Energy Potion"}],"is_trial":false}