{"gold_per_floor":[114,141,161,173,189,189,217,277,277,292,257,277,277,294,294,294],"floor_reached":16,"playtime":496,"items_purged":[],"score":104,"play_id":"c9d12f72-5090-4ca4-8f6d-66d435e1e8c8","local_time":"20181210160901","is_ascension_mode":false,"campfire_choices":[{"data":"Loop","floor":6.0,"key":"SMITH"},{"floor":15,"key":"RECALL"}],"neow_cost":"NONE","seed_source_timestamp":0,"circlet_count":0,"master_deck":["Strike_B","Strike_B","Strike_B","Strike_B","Defend_B","Defend_B","Defend_B","Defend_B","Zap","Dualcast","Purity","Loop+1","Doom and Gloom","Reinforced Body","Consume","Conserve Battery"],"special_seed":0,"relics":["Cracked Core","Gambling Chip","Bottled Tornado","Question Card"],"potions_floor_usage":[14],"damage_taken":[{"damage":6.0,"enemies":"Cultist","floor":1.0,"turns":3.0},{"damage":12.0,"enemies":"Small Slimes","floor":3.0,"turns":3.0},{"damage":1.0,"enemies":"2 Louse","floor":4.0,"turns":3.0},{"damage":14.0,"enemies":"2 Fungi Beasts","floor":5.0,"turns":3.0},{"damage":21.0,"enemies":"Lagavulin","floor":7.0,"turns":6.0},{"damage":6.0,"enemies":"Gremlin Nob","floor":8.0,"turns":4.0},{"damage":0.0,"enemies":"Large Slime","floor":10.0,"turns":5.0},{"damage":17.0,"enemies":"Exordium Wildlife","floor":12.0,"turns":5.0},{"damage":10,"enemies":"Lots of Slimes","floor":14,"turns":2},{"damage":0,"enemies":"Hexaghost","floor":16,"turns":1}],"seed_played":"-5971987246741069261","potions_obtained":[{"floor":1.0,"key":"Block Potion"},{"floor":3.0,"key":"Swift Potion"},{"floor":4.0,"key":"Weak Potion"}],"is_trial":false,"path_per_floor":["M","T","M","M","M","R","E","?","T","M","M","?","M","?","M","R","B"],"character_chosen":"DEFECT","items_purchased":[],"campfire_rested":0,"item_purchase_floors":[],"current_hp_per_floor":[69,69,57,56,42,42,21,15,15,15,33,16,16,6,6,6],"gold":294,"neow_bonus":"RANDOM_COLORLESS","is_prod":false,"is_daily":false,"chose_seed":false,"campfire_upgraded":1,"win_rate":0,"timestamp":1544454541,"path_taken":["M","?","?","?","M","R","E","?","T","M","?","M","?","M","R","BOSS"],"build_version":"2018-12-06","purchased_purges":0,"victory":false,"max_hp_per_floor":[75,75,75,75,75,75,75,75,75,75,75,75,75,75,75,75],"card_choices":[{"not_picked":["Hologram","Coolheaded"],"picked":"Loop","floor":1.0},{"not_picked":["Compile Driver","Hologram","Rebound"],"picked":"SKIP","floor":3.0},{"not_picked":["Barrage","Sweeping Beam"],"picked":"Doom and Gloom","floor":4.0},{"not_picked":["Streamline","Compile Driver"],"picked":"Reinforced Body","floor":5.0},{"not_picked":["Hologram","Redo"],"picked":"Consume","floor":7.0},{"not_picked":["Turbo","Go for the Eyes"],"picked":"Conserve Battery","floor":8.0},{"not_picked":["Chaos","FTL","Chill","Lockon"],"picked":"SKIP","floor":10.0},{"not_picked":["Leap","Sweeping Beam","Ball Lightning","Force Field"],"picked":"SKIP","floor":12.0},{"not_picked":["Double Energy","Force Field","Barrage","Auto Shields"],"picked":"SKIP","floor":14}],"player_experience":581404,"relics_obtained":[{"floor":7.0,"key":"Gambling Chip"},{"floor":8.0,"key":"Bottled Tornado"},{"floor":9.0,"key":"Question Card"}],"event_choices":[{"damage_healed":0.0,"max_hp_gain":0.0,"max_hp_loss":0.0,"gold_gain":0.0,"event_name":"Dead Adventurer","player_choice":"Searched \u00271\u0027 times","floor":8.0,"gold_loss":0.0,"damage_taken":0.0},{"damage_healed":18.0,"max_hp_gain":0.0,"max_hp_loss":0.0,"gold_gain":0.0,"event_name":"The Cleric","player_choice":"Healed","floor":11.0,"gold_loss":35.0,"damage_taken":0.0},{"damage_healed":0.0,"max_hp_gain":0.0,"max_hp_loss":0.0,"gold_gain":0.0,"event_name":"Shining Light","player_choice":"Ignored","floor":13.0,"gold_loss":0.0,"damage_taken":0.0}],"is_beta":false,"boss_relics":[],"items_purged_floors":[],"is_endless":false,"potions_floor_spawned":[1,3,4],"killed_by":"Hexaghost","ascension_level":0}