{"gold_per_floor":[111,123,135,135,85,114,114,124,124,124,138,152,152,183,183,286,286,302,316,62,62,80,80,106,21,21,21,21,46,46,74,74,170,170,185,196,210,210],"floor_reached":38,"playtime":2473,"items_purged":["Decay"],"score":511,"play_id":"3f231af6-aa37-41b4-8fe1-75c24521e78f","local_time":"20190129232630","is_ascension_mode":true,"campfire_choices":[{"floor":7,"key":"REST"},{"data":"Dualcast","floor":13,"key":"SMITH"},{"data":"Coolheaded","floor":15,"key":"SMITH"},{"floor":23,"key":"REST"},{"data":"Parasite","floor":27,"key":"PURGE"},{"floor":30,"key":"REST"},{"data":"Parasite","floor":32,"key":"PURGE"}],"neow_cost":"TEN_PERCENT_HP_LOSS","seed_source_timestamp":147295544858587,"circlet_count":0,"master_deck":["Defend_B+1","Defend_B","Zap+1","Dualcast+1","Ball Lightning","Gash","Melter","Conserve Battery","Conserve Battery","Blizzard","Coolheaded+1","All For One","Hologram+1","Steam","Panache","Echo Form","Gash","Hologram","Rainbow","Turbo","Auto Shields","Coolheaded","Coolheaded+1","Rainbow","Cold Snap+1","Static Discharge+1","Amplify+1","Defragment","Gash"],"relics":["Cracked Core","Calipers","Regal Pillow","Dream Catcher","Pantograph","Calling Bell","Centennial Puzzle","Letter Opener","Thread and Needle","Orichalcum","Peace Pipe","Oddly Smooth Stone","Kunai","Blue Candle","Astrolabe"],"potions_floor_usage":[14,16,16,22,33,33,37,38,38],"damage_taken":[{"damage":0,"enemies":"Small Slimes","floor":1,"turns":2},{"damage":2,"enemies":"Jaw Worm","floor":2,"turns":3},{"damage":3,"enemies":"2 Louse","floor":3,"turns":2},{"damage":17,"enemies":"Lagavulin","floor":6,"turns":6},{"damage":6,"enemies":"Red Slaver","floor":8,"turns":3},{"damage":3,"enemies":"Blue Slaver","floor":11,"turns":3},{"damage":0,"enemies":"Looter","floor":12,"turns":3},{"damage":32,"enemies":"Gremlin Nob","floor":14,"turns":5},{"damage":13,"enemies":"Hexaghost","floor":16,"turns":10},{"damage":13,"enemies":"Spheric Guardian","floor":18,"turns":4},{"damage":10,"enemies":"Shell Parasite","floor":19,"turns":4},{"damage":10,"enemies":"Snake Plant","floor":22,"turns":3},{"damage":20,"enemies":"Book of Stabbing","floor":24,"turns":5},{"damage":13,"enemies":"Slavers","floor":29,"turns":5},{"damage":4,"enemies":"Book of Stabbing","floor":31,"turns":3},{"damage":13,"enemies":"Automaton","floor":33,"turns":7},{"damage":28,"enemies":"3 Darklings","floor":35,"turns":3},{"damage":0,"enemies":"3 Shapes","floor":36,"turns":3},{"damage":31,"enemies":"Transient","floor":37,"turns":5},{"damage":19,"enemies":"Jaw Worm Horde","floor":38,"turns":2}],"seed_played":"8532508841973129818","potions_obtained":[{"floor":1,"key":"FocusPotion"},{"floor":6,"key":"AttackPotion"},{"floor":10,"key":"LiquidBronze"},{"floor":10,"key":"Dexterity Potion"},{"floor":19,"key":"Block Potion"},{"floor":29,"key":"AttackPotion"},{"floor":31,"key":"SkillPotion"},{"floor":33,"key":"FearPotion"},{"floor":36,"key":"Explosive Potion"},{"floor":37,"key":"GamblersBrew"}],"is_trial":false,"path_per_floor":["M","M","M","?","?","E","R","M","T","?","M","M","R","E","R","B",null,"M","M","$","?","M","R","E","?","T","R","?","E","R","E","R","B",null,"M","M","M","M"],"character_chosen":"DEFECT","items_purchased":["Panache"],"campfire_rested":3,"item_purchase_floors":[20],"current_hp_per_floor":[68,66,63,49,49,32,67,61,61,61,58,58,58,26,26,38,68,55,45,45,45,35,68,48,48,48,48,48,35,65,61,61,49,62,34,34,3,0],"gold":210,"neow_bonus":"ONE_RARE_RELIC","is_prod":false,"is_daily":false,"chose_seed":false,"campfire_upgraded":2,"win_rate":0,"timestamp":1548771990,"path_taken":["M","M","M","?","?","E","R","M","T","?","M","M","R","E","R","BOSS","M","M","$","?","M","R","E","?","T","R","?","E","R","E","R","BOSS","M","M","M","M"],"build_version":"2019-01-23","purchased_purges":1,"victory":false,"max_hp_per_floor":[68,68,68,68,68,68,68,68,68,68,68,68,68,68,68,68,68,68,68,68,68,68,68,68,68,68,65,65,65,65,65,62,62,62,62,62,62,62],"card_choices":[{"not_picked":["Recycle","Turbo"],"picked":"Ball Lightning","floor":1},{"not_picked":["Conserve Battery","Tempest"],"picked":"Gash","floor":2},{"not_picked":["Aggregate","Static Discharge"],"picked":"Melter","floor":3},{"not_picked":["Sweeping Beam","Steam Power"],"picked":"Conserve Battery","floor":6},{"not_picked":["Beam Cell","Double Energy"],"picked":"Conserve Battery","floor":8},{"not_picked":["Heatsinks","Beam Cell"],"picked":"Blizzard","floor":11},{"not_picked":["Meteor Strike","Force Field","Hologram"],"picked":"SKIP","floor":12},{"not_picked":["Capacitor","Darkness"],"picked":"Coolheaded","floor":14},{"not_picked":["Electrodynamics","Thunder Strike"],"picked":"All For One","floor":16},{"not_picked":["Redo","Hello World"],"picked":"Hologram+1","floor":18},{"not_picked":["Streamline","Doom and Gloom"],"picked":"Steam","floor":19},{"not_picked":["Redo","Go for the Eyes"],"picked":"Gash","floor":22},{"not_picked":["Aggregate","Storm+1"],"picked":"Hologram","floor":24},{"not_picked":["Undo","Conserve Battery"],"picked":"Auto Shields","floor":29},{"not_picked":["Streamline+1","Stack+1"],"picked":"Coolheaded","floor":30},{"not_picked":["Force Field","Static Discharge"],"picked":"Coolheaded+1","floor":31},{"not_picked":["Reboot","Core Surge"],"picked":"Rainbow","floor":33},{"not_picked":["Leap","Coolheaded+1","Beam Cell"],"picked":"SKIP","floor":35},{"not_picked":["Go for the Eyes+1","Ball Lightning"],"picked":"Defragment","floor":36},{"not_picked":["Streamline+1","Biased Cognition"],"picked":"Gash","floor":37}],"player_experience":119068,"relics_obtained":[{"floor":6,"key":"Regal Pillow"},{"floor":9,"key":"Dream Catcher"},{"floor":14,"key":"Pantograph"},{"floor":17,"key":"Centennial Puzzle"},{"floor":17,"key":"Letter Opener"},{"floor":17,"key":"Thread and Needle"},{"floor":24,"key":"Orichalcum"},{"floor":26,"key":"Oddly Smooth Stone"},{"floor":29,"key":"Kunai"},{"floor":31,"key":"Blue Candle"}],"event_choices":[{"damage_healed":0,"gold_gain":0,"player_choice":"Entered Light","damage_taken":14,"max_hp_gain":0,"max_hp_loss":0,"event_name":"Shining Light","floor":4,"gold_loss":0,"cards_upgraded":["Zap","Defend_B"]},{"cards_removed":["Strike_B"],"damage_healed":0,"gold_gain":0,"player_choice":"Card Removal","damage_taken":0,"max_hp_gain":0,"max_hp_loss":0,"event_name":"The Cleric","floor":5,"gold_loss":50},{"damage_healed":0,"gold_gain":0,"player_choice":"Got Potions","damage_taken":0,"max_hp_gain":0,"max_hp_loss":0,"event_name":"Lab","floor":10,"gold_loss":0},{"damage_healed":0,"gold_gain":0,"player_choice":"Read","damage_taken":0,"max_hp_gain":0,"max_hp_loss":0,"event_name":"The Library","floor":21,"gold_loss":0,"cards_obtained":["Echo Form"]},{"damage_healed":0,"gold_gain":0,"player_choice":"Obtained Relic","damage_taken":0,"relics_obtained":["Peace Pipe"],"max_hp_gain":0,"max_hp_loss":0,"event_name":"Addict","floor":25,"gold_loss":85},{"damage_healed":0,"gold_gain":0,"cards_transformed":["Strike_B","Strike_B"],"player_choice":"Became Test Subject","damage_taken":0,"max_hp_gain":0,"max_hp_loss":0,"event_name":"Drug Dealer","floor":28,"gold_loss":0,"cards_obtained":["Rainbow","Turbo"]}],"is_beta":false,"boss_relics":[{"not_picked":["Lizard Tail","Runic Dome"],"picked":"Calling Bell"},{"not_picked":["White Beast Statue","Empty Cage"],"picked":"Astrolabe"}],"items_purged_floors":[20],"is_endless":false,"potions_floor_spawned":[1,6,11,12,19,29,31,33,36,37],"killed_by":"Jaw Worm Horde","ascension_level":3}