{"gold_per_floor":[110,129,129,79,90,90,90,125,125,145,145,177,177,189,189,294,294,307,317,327,327,327],"floor_reached":22,"playtime":1649,"items_purged":[],"score":196,"play_id":"d6f7001a-0ecf-4264-aa9b-7806c475b821","local_time":"20190113000931","is_ascension_mode":false,"campfire_choices":[{"data":"Cloak And Dagger","floor":6,"key":"SMITH"},{"data":"Neutralize","floor":13,"key":"SMITH"},{"floor":15,"key":"REST"}],"neow_cost":"NONE","seed_source_timestamp":73959295465531,"circlet_count":0,"master_deck":["Defend_G","Defend_G","Defend_G","Defend_G","Strike_G","Strike_G","Survivor","Neutralize+1","PiercingWail","Choke","Cloak And Dagger+1","Backflip","Blade Dance","Escape Plan","Strike_G","PiercingWail","After Image","Writhe","Injury","Expertise+1","Backflip","Outmaneuver"],"relics":["Ring of the Snake","Dodecahedron","Letter Opener","FossilizedHelix","Calling Bell","Ancient Tea Set","Gremlin Horn","Du-Vu Doll"],"potions_floor_usage":[14,16],"damage_taken":[{"damage":3,"enemies":"Small Slimes","floor":1,"turns":5},{"damage":0,"enemies":"2 Louse","floor":2,"turns":2},{"damage":5,"enemies":"Cultist","floor":5,"turns":6},{"damage":12,"enemies":"3 Sentries","floor":8,"turns":13},{"damage":0,"enemies":"Looter","floor":10,"turns":4},{"damage":19,"enemies":"Gremlin Nob","floor":12,"turns":4},{"damage":0,"enemies":"Gremlin Gang","floor":14,"turns":4},{"damage":31,"enemies":"The Guardian","floor":16,"turns":15},{"damage":10,"enemies":"Spheric Guardian","floor":18,"turns":5},{"damage":7,"enemies":"2 Thieves","floor":19,"turns":4},{"damage":25,"enemies":"Snake Plant","floor":20,"turns":9},{"damage":41,"enemies":"Cultist and Chosen","floor":22,"turns":10}],"seed_played":"6936464586421345482","potions_obtained":[{"floor":1,"key":"Energy Potion"},{"floor":12,"key":"Energy Potion"},{"floor":16,"key":"Strength Potion"}],"is_trial":false,"path_per_floor":["M","M","?","?","M","R","?","E","T","M","?","E","R","M","R","B",null,"M","M","M","?","M"],"character_chosen":"THE_SILENT","items_purchased":[],"campfire_rested":1,"item_purchase_floors":[],"current_hp_per_floor":[74,74,74,74,69,69,69,57,57,57,57,38,38,38,61,30,77,67,60,35,35,0],"gold":327,"neow_bonus":"TEN_PERCENT_HP_BONUS","is_prod":false,"is_daily":false,"chose_seed":false,"campfire_upgraded":2,"win_rate":0,"timestamp":1547356171,"path_taken":["M","M","?","?","M","R","?","E","T","?","?","E","R","M","R","BOSS","M","?","M","?","M"],"build_version":"2019-01-10","purchased_purges":0,"victory":false,"max_hp_per_floor":[77,77,77,77,77,77,77,77,77,77,77,77,77,77,77,77,77,77,77,77,77,77],"card_choices":[{"not_picked":["Bane","Prepared"],"picked":"PiercingWail","floor":1},{"not_picked":["Eviscerate","Sucker Punch"],"picked":"Choke","floor":2},{"not_picked":["Sucker Punch","Poisoned Stab"],"picked":"Backflip","floor":5},{"not_picked":["Caltrops","Phantasmal Killer"],"picked":"Blade Dance","floor":8},{"not_picked":["Deflect","Outmaneuver"],"picked":"Escape Plan","floor":10},{"not_picked":["Bane","Crippling Poison","Skewer"],"picked":"SKIP","floor":12},{"not_picked":["Eviscerate","Blade Dance"],"picked":"PiercingWail","floor":14},{"not_picked":["Adrenaline","Malaise"],"picked":"After Image","floor":16},{"not_picked":["All Out Attack","Dagger Spray"],"picked":"Expertise+1","floor":18},{"not_picked":["Quick Slash+1","Tactician"],"picked":"Backflip","floor":19},{"not_picked":["Backflip","Underhanded Strike"],"picked":"Outmaneuver","floor":20}],"player_experience":75002,"relics_obtained":[{"floor":8,"key":"Dodecahedron"},{"floor":9,"key":"Letter Opener"},{"floor":12,"key":"FossilizedHelix"},{"floor":17,"key":"Ancient Tea Set"},{"floor":17,"key":"Gremlin Horn"},{"floor":17,"key":"Du-Vu Doll"}],"event_choices":[{"damage_healed":0,"gold_gain":0,"cards_transformed":["Strike_G"],"player_choice":"Change","damage_taken":0,"max_hp_gain":0,"max_hp_loss":0,"event_name":"Living Wall","floor":3,"gold_loss":0,"cards_obtained":["Cloak And Dagger"]},{"cards_removed":["Strike_G"],"damage_healed":0,"gold_gain":0,"player_choice":"Card Removal","damage_taken":0,"max_hp_gain":0,"max_hp_loss":0,"event_name":"The Cleric","floor":4,"gold_loss":50},{"cards_removed":["Defend_G"],"damage_healed":0,"gold_gain":0,"player_choice":"Purged","damage_taken":0,"max_hp_gain":0,"max_hp_loss":0,"event_name":"Purifier","floor":7,"gold_loss":0},{"cards_removed":["Strike_G"],"damage_healed":0,"gold_gain":0,"player_choice":"Took Card","damage_taken":0,"max_hp_gain":0,"max_hp_loss":0,"event_name":"NoteForYourself","floor":11,"gold_loss":0,"cards_obtained":["Strike_G"]},{"cards_removed":["Normality"],"damage_healed":0,"gold_gain":0,"player_choice":"Elegance","damage_taken":0,"max_hp_gain":0,"max_hp_loss":0,"event_name":"Back to Basics","floor":21,"gold_loss":0}],"is_beta":false,"boss_relics":[{"not_picked":["Ectoplasm","Snecko Eye"],"picked":"Calling Bell"}],"items_purged_floors":[],"is_endless":false,"potions_floor_spawned":[1,12,16],"killed_by":"Cultist and Chosen","ascension_level":0}