{"path_per_floor":["M","?","$","M","$","?","M","M","T","E","M","M","E","$","R","B",null,"M","?","M","$","?","R","M","E","T","R","M","R","?","M","R","B",null,"M","$","?","?","?","R","E","R","T","M","?","M","?","M","R","B"],"character_chosen":"IRONCLAD","items_purchased":["Armaments","Pummel","Lee\u0027s Waffle","Heavy Blade","Spot Weakness+1","Heavy Blade+1","Juzu Bracelet"],"gold_per_floor":[111,111,62,82,1,176,190,200,200,229,247,263,292,27,27,132,132,151,151,161,112,112,112,128,162,162,162,177,177,177,189,189,291,291,301,16,16,0,0,0,31,31,31,44,44,55,55,73,73,73],"floor_reached":51,"campfire_rested":2,"playtime":4450,"item_purchase_floors":[3,5,14,21,36,36,36],"current_hp_per_floor":[75,59,59,59,59,59,65,70,70,57,55,60,45,87,87,74,87,64,64,74,74,74,74,85,45,45,71,79,79,79,81,81,44,87,87,87,87,87,77,77,39,65,65,61,61,75,89,82,82,13],"items_purged":["Doubt"],"gold":73,"score":705,"play_id":"261feaad-c9df-4e16-b35f-8b1f3a720436","local_time":"20180618144803","is_prod":false,"is_daily":false,"chose_seed":false,"is_ascension_mode":false,"campfire_upgraded":6,"win_rate":0,"timestamp":1529326083,"campfire_choices":[{"data":"Demon Form","floor":15,"key":"SMITH"},{"data":"Heavy Blade","floor":23,"key":"SMITH"},{"floor":27,"key":"REST"},{"data":"Metallicize","floor":29,"key":"SMITH"},{"data":"Metallicize","floor":32,"key":"SMITH"},{"data":"Rage","floor":40,"key":"SMITH"},{"floor":42,"key":"REST"},{"data":"Cleave","floor":49,"key":"SMITH"}],"path_taken":["M","?","$","M","$","?","M","?","T","E","M","?","E","$","R","BOSS","M","?","M","$","?","R","M","E","T","R","M","R","?","M","R","BOSS","M","$","?","?","?","R","E","R","T","M","?","M","?","M","R","BOSS"],"build_version":"2018-06-14v2","seed_source_timestamp":908871335812797,"purchased_purges":1,"victory":true,"master_deck":["Strike_R+1","Strike_R","Strike_R","Strike_R+1","Strike_R","Defend_R","Defend_R","Defend_R","Defend_R+1","Bash+1","Clash","Armaments","Perfected Strike","Pummel","Rage+1","Demon Form+1","Shrug It Off","Shrug It Off","Iron Wave","Metallicize+1","Reaper","Cleave+1","Warcry+1","Heavy Blade+1","Metallicize+1","Armaments+1","Clash+1","Ghostly Armor+1","Decay","Body Slam+1","Bludgeon+1","Perfected Strike+1","Spot Weakness+1","Heavy Blade+1","Sadistic Nature","Trip+1","Flame Barrier+1","Heavy Blade+1","Writhe"],"max_hp_per_floor":[80,80,80,80,80,80,80,80,80,80,80,80,80,87,87,87,87,87,87,87,87,87,87,87,87,87,87,87,87,87,87,87,87,87,87,87,87,87,87,87,87,87,87,89,89,89,89,91,91,91],"relics":["Burning Blood","Ornamental Fan","Pantograph","Anchor","Lee\u0027s Waffle","Sozu","Molten Egg 2","Toxic Egg 2","Black Star","Juzu Bracelet","Red Mask","Singing Bowl","War Paint","Self Forming Clay"],"card_choices":[{"not_picked":["Thunderclap","Headbutt"],"picked":"Clash","floor":1},{"not_picked":["Reckless Charge","Havoc"],"picked":"Perfected Strike","floor":4},{"not_picked":["Ghostly Armor","Seeing Red"],"picked":"Rage","floor":7},{"not_picked":["Shockwave","Flex"],"picked":"Demon Form","floor":8},{"not_picked":["True Grit","Infernal Blade"],"picked":"Shrug It Off","floor":10},{"not_picked":["Headbutt","Anger"],"picked":"Shrug It Off","floor":11},{"not_picked":["Shrug It Off","Anger"],"picked":"Iron Wave","floor":12},{"not_picked":["Sword Boomerang","Burning Pact"],"picked":"Metallicize","floor":13},{"not_picked":["Berserk","Exhume"],"picked":"Reaper","floor":16},{"not_picked":["Clash","Flex+1"],"picked":"Cleave","floor":18},{"not_picked":["Rupture","Sword Boomerang"],"picked":"Warcry+1","floor":20},{"not_picked":["Berserk","Blood for Blood"],"picked":"Armaments","floor":24},{"not_picked":["Ghostly Armor","Armaments"],"picked":"Clash","floor":25},{"not_picked":["Uppercut+1","Searing Blow+1"],"picked":"Ghostly Armor+1","floor":28},{"not_picked":["Power Through+1","True Grit+1"],"picked":"Body Slam+1","floor":31},{"not_picked":["Brutality","Feed+1"],"picked":"Bludgeon+1","floor":33},{"not_picked":["Armaments+1","Bloodletting+1"],"picked":"Perfected Strike+1","floor":35},{"not_picked":["Secret Weapon+1","Panache"],"picked":"Sadistic Nature","floor":39},{"not_picked":["Purity+1","Jack Of All Trades+1"],"picked":"Trip+1","floor":39},{"not_picked":["Pommel Strike+1","Seeing Red+1"],"picked":"Flame Barrier+1","floor":41},{"not_picked":["Searing Blow+1","Clothesline+1","Perfected Strike+1"],"picked":"Singing Bowl","floor":44},{"not_picked":["Warcry+1","Shrug It Off+1"],"picked":"Heavy Blade+1","floor":46},{"not_picked":["Searing Blow+1","Twin Strike+1","Wild Strike+1"],"picked":"Singing Bowl","floor":48}],"player_experience":46488,"potions_floor_usage":[10,16,18,28,41],"damage_taken":[{"damage":11,"enemies":"Jaw Worm","floor":1,"turns":3},{"damage":6,"enemies":"2 Louse","floor":4,"turns":2},{"damage":0,"enemies":"Small Slimes","floor":7,"turns":4},{"damage":1,"enemies":"Blue Slaver","floor":8,"turns":3},{"damage":19,"enemies":"3 Sentries","floor":10,"turns":6},{"damage":8,"enemies":"Large Slime","floor":11,"turns":6},{"damage":1,"enemies":"Exordium Thugs","floor":12,"turns":4},{"damage":21,"enemies":"Gremlin Nob","floor":13,"turns":5},{"damage":19,"enemies":"The Guardian","floor":16,"turns":9},{"damage":29,"enemies":"Chosen","floor":18,"turns":6},{"damage":0,"enemies":"Shell Parasite","floor":20,"turns":5},{"damage":2,"enemies":"Snecko","floor":24,"turns":5},{"damage":49,"enemies":"Gremlin Leader","floor":25,"turns":7},{"damage":5,"enemies":"Chosen and Byrds","floor":28,"turns":6},{"damage":4,"enemies":"Centurion and Healer","floor":31,"turns":4},{"damage":49,"enemies":"Collector","floor":33,"turns":10},{"damage":1,"enemies":"Orb Walker","floor":35,"turns":4},{"damage":51,"enemies":"Nemesis","floor":41,"turns":7},{"damage":17,"enemies":"3 Shapes","floor":44,"turns":7},{"damage":16,"enemies":"Maw","floor":46,"turns":8},{"damage":15,"enemies":"3 Darklings","floor":48,"turns":8},{"damage":102,"enemies":"Awakened One","floor":50,"turns":13}],"relics_obtained":[{"floor":9,"key":"Ornamental Fan"},{"floor":10,"key":"Pantograph"},{"floor":13,"key":"Anchor"},{"floor":25,"key":"Molten Egg 2"},{"floor":26,"key":"Toxic Egg 2"},{"floor":41,"key":"Singing Bowl"},{"floor":41,"key":"War Paint"},{"floor":43,"key":"Self Forming Clay"}],"event_choices":[{"event_name":"Shining Light","player_choice":"Entered Light","floor":2,"damage_taken":0},{"event_name":"Liars Game","player_choice":"agreed","floor":6,"damage_taken":0},{"event_name":"Ghosts","player_choice":"Ignored","floor":19,"damage_taken":0},{"event_name":"Duplicator","player_choice":"One dupe","floor":22,"damage_taken":0},{"event_name":"Forgotten Altar","player_choice":"Smashed Altar","floor":30,"damage_taken":0},{"event_name":"Accursed Blacksmith","player_choice":"Ignore","floor":37,"damage_taken":0},{"event_name":"Tomb of Lord Red Mask","player_choice":"Paid","floor":38,"damage_taken":0},{"event_name":"SensoryStone","player_choice":"Memory 3","floor":39,"damage_taken":0},{"event_name":"Mysterious Sphere","player_choice":"Ignore","floor":45,"damage_taken":0},{"event_name":"Winding Halls","player_choice":"Writhe","floor":47,"damage_taken":0}],"boss_relics":[{"not_picked":["Coffee Dripper","Velvet Choker"],"picked":"Sozu"},{"not_picked":["Runic Cube","Astrolabe"],"picked":"Black Star"}],"items_purged_floors":[14],"is_endless":false,"potions_floor_spawned":[4,7,11,13,16,18,25,28,44,48],"seed_played":"-2960761496888028284","ascension_level":0,"potions_obtained":[{"floor":4,"key":"Explosive Potion"},{"floor":7,"key":"EssenceOfSteel"},{"floor":11,"key":"PowerPotion"},{"floor":13,"key":"Swift Potion"},{"floor":16,"key":"FearPotion"}],"is_trial":false}