{"gold_per_floor":[115,115,44,62,39,39,70,83,83,38,49,49,66,82,82,82],"floor_reached":16,"playtime":1164,"items_purged":[],"score":102,"play_id":"a3ef7414-46bb-4f49-b666-d726932b274f","local_time":"20180715201933","is_ascension_mode":false,"campfire_choices":[{"data":"Defend_R","floor":6,"key":"SMITH"},{"floor":12,"key":"REST"},{"data":"Carnage","floor":15,"key":"SMITH"}],"neow_cost":"","seed_source_timestamp":353796898655744,"circlet_count":0,"master_deck":["Strike_R+1","Strike_R","Strike_R","Strike_R","Strike_R","Defend_R","Defend_R","Defend_R+1","Defend_R","Bash","Cleave","Twin Strike","Thunderclap","Headbutt","Perfected Strike","Twin Strike","Carnage+1","Perfected Strike","Clothesline","Hemokinesis","Perfected Strike"],"relics":["Burning Blood","Bag of Marbles","Shuriken"],"potions_floor_usage":[],"damage_taken":[{"damage":1,"enemies":"2 Louse","floor":1,"turns":3},{"damage":5,"enemies":"Cultist","floor":4,"turns":4},{"damage":28,"enemies":"Gremlin Nob","floor":7,"turns":5},{"damage":1,"enemies":"Jaw Worm","floor":8,"turns":3},{"damage":11,"enemies":"Gremlin Gang","floor":11,"turns":4},{"damage":20,"enemies":"Large Slime","floor":13,"turns":4},{"damage":0,"enemies":"3 Louse","floor":14,"turns":3},{"damage":72,"enemies":"The Guardian","floor":16,"turns":8}],"seed_played":"8814637185583436721","potions_obtained":[{"floor":1,"key":"Weak Potion"},{"floor":4,"key":"SkillPotion"},{"floor":14,"key":"SkillPotion"}],"is_trial":false,"path_per_floor":["M","?","$","M","$","R","E","M","T","$","M","R","M","M","R"],"character_chosen":"IRONCLAD","items_purchased":["Twin Strike","Thunderclap","Perfected Strike","Perfected Strike"],"campfire_rested":1,"item_purchase_floors":[3,3,5,10],"current_hp_per_floor":[80,80,80,80,80,80,58,63,63,63,58,80,66,72,72,0],"gold":82,"neow_bonus":"","is_prod":false,"is_daily":false,"chose_seed":false,"campfire_upgraded":2,"win_rate":0.0,"timestamp":1531678773,"path_taken":["M","?","$","M","?","R","E","M","T","$","M","R","M","M","R","BOSS"],"build_version":"2018-07-12","purchased_purges":0,"victory":false,"max_hp_per_floor":[80,80,80,80,80,80,80,80,80,80,80,80,80,80,80,80],"card_choices":[{"not_picked":["Twin Strike","Infernal Blade"],"picked":"Cleave","floor":1},{"not_picked":["Body Slam","True Grit"],"picked":"Headbutt","floor":4},{"not_picked":["Perfected Strike","Seeing Red"],"picked":"Twin Strike","floor":7},{"not_picked":["Warcry","Disarm"],"picked":"Carnage","floor":8},{"not_picked":["Rupture","Power Through"],"picked":"Clothesline","floor":11},{"not_picked":["Reckless Charge","Twin Strike"],"picked":"Hemokinesis","floor":13},{"not_picked":["Battle Trance","Sever Soul"],"picked":"Perfected Strike","floor":14}],"player_experience":0,"relics_obtained":[{"floor":7,"key":"Bag of Marbles"},{"floor":9,"key":"Shuriken"}],"event_choices":[{"event_name":"Accursed Blacksmith","player_choice":"Forge","floor":2,"damage_taken":0}],"boss_relics":[],"items_purged_floors":[],"is_endless":false,"potions_floor_spawned":[1,4,14],"killed_by":"The Guardian","ascension_level":0}