{"gold_per_floor":[111,111,128,148,223,239,251,35,59,234,268,287,287,300,300,423,423,438,438,438,93,93,134,134,158,158,58,8,21,57,75,75,194,257,278,278,67,82,82,82,107,107,107,125,125,139,152,221,221,221],"floor_reached":50,"playtime":4688,"items_purged":["Defend_G","Defend_G"],"score":589,"play_id":"26fca124-f6f2-46e0-b3f8-027b37182f07","local_time":"20181109044808","is_ascension_mode":false,"campfire_choices":[{"floor":15,"key":"REST"},{"data":"Blade Dance","floor":24,"key":"SMITH"},{"data":"Ghostly","floor":32,"key":"SMITH"},{"data":"Backstab","floor":40,"key":"SMITH"},{"data":"Blade Dance","floor":42,"key":"SMITH"},{"data":"Ghostly","floor":49,"key":"SMITH"}],"neow_cost":"NONE","seed_source_timestamp":0,"circlet_count":0,"master_deck":["Defend_G","Defend_G","Defend_G","Strike_G","Strike_G","Strike_G","Strike_G","Survivor","Neutralize","Blade Dance+1","Choke","Backstab+1","Slice","Terror","Dramatic Entrance","Blade Dance+1","Dagger Throw","Expertise","Poisoned Stab","Doppelganger+1","Outmaneuver+1","Ghostly+1","Ghostly+1","Ghostly","Ghostly","Ghostly","Acrobatics","Quick Slash","Flash of Steel","Sucker Punch","Noxious Fumes","Poisoned Stab","Noxious Fumes+1","Blade Dance","PiercingWail+1","Backflip+1","Burst","Blade Dance","Predator+1","Blade Dance","Predator","Ghostly+1","Well Laid Plans","Blade Dance+1","Infinite Blades"],"special_seed":0,"relics":["Ring of the Snake","Lantern","Vajra","Golden Idol","WristBlade","Anchor","Bag of Preparation","Pear","Red Mask","Tiny House","Snake Skull","Blood Vial","Darkstone Periapt"],"potions_floor_usage":[16,16,16,33,33,33,50,50],"damage_taken":[{"damage":0.0,"enemies":"Small Slimes","floor":1.0,"turns":5.0},{"damage":0.0,"enemies":"2 Louse","floor":3.0,"turns":3.0},{"damage":1.0,"enemies":"Cultist","floor":4.0,"turns":3.0},{"damage":0,"enemies":"Looter","floor":6,"turns":4},{"damage":0,"enemies":"Large Slime","floor":7,"turns":5},{"damage":13,"enemies":"Lagavulin","floor":11,"turns":5},{"damage":0,"enemies":"3 Louse","floor":12,"turns":1},{"damage":11,"enemies":"Exordium Wildlife","floor":14,"turns":3},{"damage":12,"enemies":"Hexaghost","floor":16,"turns":7},{"damage":24,"enemies":"Shell Parasite","floor":18,"turns":3},{"damage":8,"enemies":"Book of Stabbing","floor":23,"turns":5},{"damage":0,"enemies":"Spheric Guardian","floor":25,"turns":1},{"damage":11,"enemies":"Shelled Parasite and Fungi","floor":29,"turns":4},{"damage":1,"enemies":"Masked Bandits","floor":30,"turns":3},{"damage":3,"enemies":"Snake Plant","floor":31,"turns":4},{"damage":20,"enemies":"Champ","floor":33,"turns":10},{"damage":1,"enemies":"Orb Walker","floor":35,"turns":3},{"damage":7,"enemies":"3 Darklings","floor":38,"turns":3},{"damage":16,"enemies":"4 Shapes","floor":41,"turns":6},{"damage":3,"enemies":"Spire Growth","floor":44,"turns":5},{"damage":10,"enemies":"Sphere and 2 Shapes","floor":46,"turns":3},{"damage":4,"enemies":"Transient","floor":47,"turns":5},{"damage":43,"enemies":"Awakened One","floor":50,"turns":6}],"seed_played":"-5630174244403169393","potions_obtained":[{"floor":4,"key":"AttackPotion"},{"floor":6,"key":"Block Potion"},{"floor":14,"key":"Weak Potion"},{"floor":18,"key":"Weak Potion"},{"floor":30,"key":"SteroidPotion"},{"floor":31,"key":"Poison Potion"},{"floor":33,"key":"Weak Potion"},{"floor":34,"key":"FearPotion"},{"floor":41,"key":"Fire Potion"},{"floor":47,"key":"GhostInAJar"}],"is_trial":false,"path_per_floor":["M","?","M","M","M","?","M","M","$","T","?","E","M","?","M","R","B",null,"M","?","?","$","T","E","R","M","T","$","?","M","?","M","R","B",null,"M","?","$","M","?","R","M","R","T","M","?","M","M","T","R","B"],"character_chosen":"THE_SILENT","items_purchased":["Terror","Dramatic Entrance","Blade Dance","Acrobatics","Quick Slash","Flash of Steel","Sucker Punch","Noxious Fumes","Snake Skull","Blade Dance"],"campfire_rested":1,"item_purchase_floors":[8,8,8,21,21,21,21,21,37,37],"current_hp_per_floor":[77,77,77,76,69,69,69,69,69,69,56,56,37,26,49,37,77,53,53,38,38,38,30,30,30,40,40,40,29,28,25,25,5,53,52,52,52,45,45,45,29,29,29,28,53,43,41,41,41,0],"gold":221,"neow_bonus":"TEN_PERCENT_HP_BONUS","is_prod":false,"is_daily":false,"chose_seed":false,"campfire_upgraded":5,"win_rate":0.0,"timestamp":1541767688,"path_taken":["M","?","M","M","?","?","M","$","T","?","E","M","?","M","R","BOSS","M","?","?","$","?","E","R","M","T","?","?","?","?","M","R","BOSS","M","?","$","M","?","R","M","R","T","?","?","?","M","?","R","BOSS"],"build_version":"2018-11-08","purchased_purges":2,"victory":false,"max_hp_per_floor":[77,77,77,77,77,77,77,77,77,77,77,77,77,77,77,77,77,77,77,38,38,38,38,38,38,48,48,48,48,48,48,48,48,53,53,53,53,53,53,53,53,53,53,53,53,53,53,53,53,53],"card_choices":[{"not_picked":["Tactician","Backflip"],"picked":"Blade Dance","floor":1.0},{"not_picked":["Dagger Spray","Quick Slash"],"picked":"Heel Hook","floor":3.0},{"not_picked":["Distraction","Sucker Punch"],"picked":"Choke","floor":4},{"not_picked":["Blade Dance","Heel Hook"],"picked":"Backstab","floor":6},{"not_picked":["Dodge and Roll","Underhanded Strike"],"picked":"Slice","floor":7},{"not_picked":["Leg Sweep","Dodge and Roll"],"picked":"Dagger Throw","floor":11},{"not_picked":["Slice","Underhanded Strike"],"picked":"Expertise","floor":12},{"not_picked":["Glass Knife","Reflex"],"picked":"Poisoned Stab","floor":14},{"not_picked":["Malaise","Venomology"],"picked":"Doppelganger","floor":16},{"not_picked":["Flechettes","Deflect"],"picked":"Outmaneuver+1","floor":18},{"not_picked":["Phantasmal Killer","Noxious Fumes"],"picked":"Poisoned Stab","floor":23},{"not_picked":["Finisher+1","Outmaneuver"],"picked":"Noxious Fumes+1","floor":25},{"not_picked":["Terror","Dodge and Roll"],"picked":"Blade Dance","floor":29},{"not_picked":["Poisoned Stab","Quick Slash"],"picked":"PiercingWail+1","floor":30},{"not_picked":["Venomology","Escape Plan"],"picked":"Backflip+1","floor":31},{"not_picked":["Phantasmal Killer","Venomology"],"picked":"Burst","floor":33},{"not_picked":["Escape Plan","Dodge and Roll"],"picked":"Blade Dance","floor":34},{"not_picked":["Well Laid Plans","Dagger Throw+1"],"picked":"Predator+1","floor":35},{"not_picked":["Sucker Punch","Caltrops"],"picked":"Predator","floor":38},{"not_picked":["PiercingWail+1","Dodge and Roll"],"picked":"Well Laid Plans","floor":41},{"not_picked":["Poisoned Stab+1","Dagger Throw"],"picked":"Blade Dance+1","floor":44},{"not_picked":["Prepared","Blur+1"],"picked":"Infinite Blades","floor":46},{"not_picked":["Calculated Gamble+1","Sucker Punch","Predator"],"picked":"SKIP","floor":47}],"player_experience":1564,"relics_obtained":[{"floor":9,"key":"Lantern"},{"floor":11,"key":"Vajra"},{"floor":22,"key":"Anchor"},{"floor":23,"key":"Bag of Preparation"},{"floor":26,"key":"Pear"},{"floor":30,"key":"Red Mask"},{"floor":43,"key":"Blood Vial"},{"floor":48,"key":"Darkstone Periapt"}],"event_choices":[{"damage_healed":0.0,"max_hp_gain":0.0,"max_hp_loss":0.0,"gold_gain":0.0,"event_name":"Golden Wing","player_choice":"Ignored","floor":2.0,"gold_loss":0.0,"damage_taken":0.0},{"damage_healed":0,"gold_gain":75,"player_choice":"Touch","damage_taken":7,"max_hp_gain":0,"max_hp_loss":0,"event_name":"FaceTrader","floor":5,"gold_loss":0},{"damage_healed":0,"gold_gain":175,"player_choice":"AGREE","damage_taken":0,"max_hp_gain":0,"max_hp_loss":0,"event_name":"Liars Game","floor":10,"gold_loss":0,"cards_obtained":["Doubt"]},{"damage_healed":0,"gold_gain":0,"player_choice":"Take Damage","damage_taken":19,"relics_obtained":["Golden Idol"],"max_hp_gain":0,"max_hp_loss":0,"event_name":"Golden Idol","floor":13,"gold_loss":0},{"cards_removed":["Doubt"],"damage_healed":0,"gold_gain":0,"player_choice":"Elegance","damage_taken":0,"max_hp_gain":0,"max_hp_loss":0,"event_name":"Back to Basics","floor":19,"gold_loss":0},{"damage_healed":0,"gold_gain":0,"player_choice":"Became a Ghost","damage_taken":0,"max_hp_gain":0,"max_hp_loss":39,"event_name":"Ghosts","floor":20,"gold_loss":0,"cards_obtained":["Ghostly","Ghostly","Ghostly","Ghostly","Ghostly"]},{"damage_healed":0,"gold_gain":0,"player_choice":"Bet on Murderer","damage_taken":0,"max_hp_gain":0,"max_hp_loss":0,"event_name":"The Joust","floor":28,"gold_loss":50},{"damage_healed":0,"gold_gain":0,"player_choice":"Fought Bandits","damage_taken":0,"max_hp_gain":0,"max_hp_loss":0,"event_name":"Masked Bandits","floor":30,"gold_loss":0},{"cards_removed":["Strike_G"],"damage_healed":0,"gold_gain":0,"player_choice":"Removed Attack","damage_taken":0,"max_hp_gain":0,"max_hp_loss":0,"event_name":"Falling","floor":36,"gold_loss":0},{"damage_healed":0,"gold_gain":0,"player_choice":"Copied","damage_taken":0,"max_hp_gain":0,"max_hp_loss":0,"event_name":"Duplicator","floor":39,"gold_loss":0,"cards_obtained":["Ghostly"]},{"cards_removed":["Heel Hook"],"damage_healed":25,"gold_gain":0,"player_choice":"Offered Uncommon","damage_taken":0,"max_hp_gain":0,"max_hp_loss":0,"event_name":"Bonfire Elementals","floor":45,"gold_loss":0}],"is_beta":false,"boss_relics":[{"not_picked":["Sozu","Ring of the Serpent"],"picked":"WristBlade"},{"not_picked":["Calling Bell","Black Star"],"picked":"Tiny House"}],"items_purged_floors":[21,27],"is_endless":false,"potions_floor_spawned":[4,6,14,18,30,31,33,41,47],"killed_by":"Awakened One","ascension_level":0}