{"gold_per_floor":[118,137,156,168,187,214,69,94,94,94,109,127,127],"floor_reached":13,"playtime":560,"items_purged":[],"score":144,"play_id":"36ee4b1b-bcf8-46d4-8d59-21e9eb5f7d53","local_time":"20190119015339","is_ascension_mode":true,"campfire_choices":[],"neow_cost":"NONE","seed_source_timestamp":701878993914854,"circlet_count":0,"master_deck":["Strike_B","Strike_B","Strike_B","Strike_B","Defend_B","Defend_B","Defend_B","Defend_B","Zap","Dualcast+1","Conserve Battery","Capacitor","Storm","White Noise","Defragment"],"relics":["Cracked Core","Mango","Singing Bowl","Matryoshka","Potion Belt"],"potions_floor_usage":[6,12],"damage_taken":[{"damage":1,"enemies":"Cultist","floor":1,"turns":4},{"damage":2,"enemies":"2 Louse","floor":2,"turns":2},{"damage":5,"enemies":"Jaw Worm","floor":3,"turns":4},{"damage":8,"enemies":"Large Slime","floor":4,"turns":6},{"damage":0,"enemies":"3 Louse","floor":5,"turns":3},{"damage":32,"enemies":"Lagavulin","floor":6,"turns":9},{"damage":17,"enemies":"Gremlin Nob","floor":8,"turns":4},{"damage":7,"enemies":"Looter","floor":11,"turns":4},{"damage":8,"enemies":"Red Slaver","floor":12,"turns":5},{"damage":13,"enemies":"Lagavulin","floor":13,"turns":4}],"seed_played":"3874083434774552522","potions_obtained":[{"floor":3,"key":"SpeedPotion"},{"floor":5,"key":"SkillPotion"},{"floor":8,"key":"Ancient Potion"}],"is_trial":false,"path_per_floor":["M","M","M","M","M","E","$","E","T","?","M","M","E"],"character_chosen":"DEFECT","items_purchased":["White Noise","Defragment"],"campfire_rested":0,"item_purchase_floors":[7,7],"current_hp_per_floor":[74,72,67,59,59,41,41,26,26,23,18,12,0],"gold":127,"neow_bonus":"UPGRADE_CARD","is_prod":false,"is_daily":false,"chose_seed":false,"campfire_upgraded":0,"win_rate":0,"timestamp":1547875419,"path_taken":["M","?","?","M","M","E","$","E","T","?","M","M","E"],"build_version":"2019-01-17v2","purchased_purges":0,"victory":false,"max_hp_per_floor":[75,75,75,75,75,89,89,91,91,91,93,95,95],"card_choices":[{"not_picked":["Steam Power","Hologram"],"picked":"Conserve Battery","floor":1},{"not_picked":["Go for the Eyes","Gash"],"picked":"Capacitor","floor":2},{"not_picked":["Stack","Genetic Algorithm","Rebound"],"picked":"SKIP","floor":3},{"not_picked":["Genetic Algorithm","Reinforced Body","Recycle"],"picked":"SKIP","floor":4},{"not_picked":["Stack","Double Energy"],"picked":"Storm","floor":5},{"not_picked":["Genetic Algorithm","Rebound","Echo Form"],"picked":"SKIP","floor":6},{"not_picked":["Consume","Undo","FTL"],"picked":"Singing Bowl","floor":8},{"not_picked":["Glacier","Rebound","Go for the Eyes"],"picked":"Singing Bowl","floor":11},{"not_picked":["Glacier","Beam Cell","BootSequence"],"picked":"Singing Bowl","floor":12}],"player_experience":175240,"relics_obtained":[{"floor":6,"key":"Mango"},{"floor":8,"key":"Singing Bowl"},{"floor":9,"key":"Matryoshka"}],"event_choices":[{"damage_healed":0,"gold_gain":0,"player_choice":"Success","damage_taken":3,"relics_obtained":["Potion Belt"],"max_hp_gain":0,"max_hp_loss":0,"event_name":"Scrap Ooze","floor":10,"gold_loss":0}],"is_beta":false,"boss_relics":[],"items_purged_floors":[],"is_endless":false,"potions_floor_spawned":[3,5,8],"killed_by":"Lagavulin","ascension_level":4}