{"gold_per_floor":[109,109,109,129,54,89,89,89,112,112,112,128,28,48,48,173,236,259,274,118,133,147,147,188,208,208,208,232,253,271,271],"floor_reached":31,"playtime":1962,"items_purged":["Zap","Defend_B"],"score":312,"play_id":"4d4e09e5-59a9-41f2-a59a-8dced65a7ca1","local_time":"20181229133542","is_ascension_mode":true,"campfire_choices":[{"data":"Sweeping Beam","floor":7,"key":"SMITH"},{"data":"Conserve Battery","floor":11,"key":"SMITH"},{"data":"Conserve Battery","floor":15,"key":"SMITH"},{"data":"Go for the Eyes","floor":23,"key":"SMITH"},{"floor":27,"key":"REST"}],"neow_cost":"NONE","seed_source_timestamp":657588259928975,"circlet_count":0,"master_deck":["Strike_B","Strike_B","Strike_B","Strike_B","Defend_B","Defend_B+1","Defend_B","Beam Cell+1","Conserve Battery+1","Sweeping Beam+1","Conserve Battery+1","Go for the Eyes+1","Coolheaded","Gash","Cold Snap","Hologram+1","Ball Lightning","Gash"],"relics":["Cracked Core","NeowsBlessing","Golden Idol","Pocketwatch","Centennial Puzzle","Tiny House","Oddly Smooth Stone","Orichalcum","Sundial"],"potions_floor_usage":[16,24,25,31,31,31],"damage_taken":[{"damage":0,"enemies":"2 Louse","floor":1,"turns":1},{"damage":0,"enemies":"Jaw Worm","floor":4,"turns":1},{"damage":0,"enemies":"Gremlin Nob","floor":6,"turns":1},{"damage":0,"enemies":"Cultist","floor":12,"turns":2},{"damage":4,"enemies":"Red Slaver","floor":14,"turns":2},{"damage":20,"enemies":"Hexaghost","floor":16,"turns":10},{"damage":3,"enemies":"3 Byrds","floor":18,"turns":5},{"damage":0,"enemies":"Chosen","floor":19,"turns":4},{"damage":14,"enemies":"3 Cultists","floor":21,"turns":6},{"damage":11,"enemies":"Centurion and Healer","floor":22,"turns":8},{"damage":18,"enemies":"Book of Stabbing","floor":24,"turns":8},{"damage":16,"enemies":"Snake Plant","floor":25,"turns":6},{"damage":7,"enemies":"3 Cultists","floor":28,"turns":5},{"damage":16,"enemies":"Cultist and Chosen","floor":29,"turns":7},{"damage":14,"enemies":"Sentry and Sphere","floor":30,"turns":7},{"damage":7,"enemies":"Slavers","floor":31,"turns":1}],"seed_played":"-2134506295657103030","potions_obtained":[{"floor":1,"key":"FocusPotion"},{"floor":6,"key":"Block Potion"},{"floor":14,"key":"Poison Potion"},{"floor":17,"key":"Energy Potion"},{"floor":24,"key":"SkillPotion"},{"floor":28,"key":"AttackPotion"}],"is_trial":false,"path_per_floor":["M","?","?","M","$","E","R","$","T","?","R","M","$","M","R","B",null,"M","M","$","M","M","R","E","M","T","R","M","M","M","E"],"character_chosen":"DEFECT","items_purchased":["Oddly Smooth Stone"],"campfire_rested":1,"item_purchase_floors":[20],"current_hp_per_floor":[75,57,57,57,57,57,57,57,57,57,57,57,57,53,53,33,80,77,77,77,63,52,52,34,18,18,42,35,19,5,0],"gold":271,"neow_bonus":"THREE_ENEMY_KILL","is_prod":false,"is_daily":false,"chose_seed":false,"campfire_upgraded":4,"win_rate":0,"timestamp":1546103142,"path_taken":["M","?","?","?","$","E","R","?","T","?","R","M","$","M","R","BOSS","M","M","$","?","?","R","E","M","T","R","M","M","M","E"],"build_version":"2018-12-20","purchased_purges":2,"victory":false,"max_hp_per_floor":[75,75,75,75,75,75,75,75,75,75,75,75,75,75,75,75,80,80,80,80,80,80,80,80,80,80,80,80,80,80,80],"card_choices":[{"not_picked":["Capacitor","Sunder"],"picked":"Beam Cell","floor":1},{"not_picked":["Melter","Ball Lightning"],"picked":"Conserve Battery","floor":4},{"not_picked":["Barrage","Rebound"],"picked":"Sweeping Beam","floor":6},{"not_picked":["Stack","FTL","Chaos"],"picked":"SKIP","floor":12},{"not_picked":["Scrape","Turbo"],"picked":"Conserve Battery","floor":14},{"not_picked":["Turbo","Hologram"],"picked":"Go for the Eyes","floor":17},{"not_picked":["Barrage","Tempest+1","Steam"],"picked":"SKIP","floor":18},{"not_picked":["Storm","Turbo"],"picked":"Coolheaded","floor":19},{"not_picked":["Steam","Scrape+1"],"picked":"Gash","floor":21},{"not_picked":["Conserve Battery","Undo","Heatsinks+1"],"picked":"SKIP","floor":22},{"not_picked":["Machine Learning","Thunder Strike"],"picked":"Cold Snap","floor":24},{"not_picked":["Rebound","FTL+1","BootSequence"],"picked":"SKIP","floor":25},{"not_picked":["Blizzard","Defragment+1"],"picked":"Hologram+1","floor":28},{"not_picked":["Compile Driver","Coolheaded"],"picked":"Ball Lightning","floor":29},{"not_picked":["Sunder","Streamline"],"picked":"Gash","floor":30}],"player_experience":96583,"relics_obtained":[{"floor":6,"key":"Pocketwatch"},{"floor":9,"key":"Centennial Puzzle"},{"floor":24,"key":"Orichalcum"},{"floor":26,"key":"Sundial"}],"event_choices":[{"damage_healed":0,"gold_gain":0,"player_choice":"Take Damage","damage_taken":18,"relics_obtained":["Golden Idol"],"max_hp_gain":0,"max_hp_loss":0,"event_name":"Golden Idol","floor":2,"gold_loss":0},{"damage_healed":0,"gold_gain":0,"player_choice":"Upgraded","damage_taken":0,"max_hp_gain":0,"max_hp_loss":0,"event_name":"Upgrade Shrine","floor":3,"gold_loss":0,"cards_upgraded":["Beam Cell"]},{"cards_removed":["Dualcast"],"damage_healed":0,"gold_gain":0,"player_choice":"Purged","damage_taken":0,"max_hp_gain":0,"max_hp_loss":0,"event_name":"Purifier","floor":10,"gold_loss":0}],"is_beta":false,"boss_relics":[{"not_picked":["Inserter","Astrolabe"],"picked":"Tiny House"}],"items_purged_floors":[5,13],"is_endless":false,"potions_floor_spawned":[1,6,14,19,21,24,28],"killed_by":"Slavers","ascension_level":2}