{"gold_per_floor":[109,34,52,52,52,77,77,108,132,148,208,208,237,210,210,315,315,334,346,175,193,209,209,309,309,359,371,416,428,107,119,119,119],"floor_reached":33,"playtime":2065,"items_purged":["Defend_G","Strike_G"],"score":291,"play_id":"cc4388a4-dbed-4165-8d6d-635c445ad9ae","local_time":"20190125170544","is_ascension_mode":false,"campfire_choices":[{"floor":7,"key":"REST"},{"floor":12,"key":"REST"},{"floor":15,"key":"REST"},{"data":"Outmaneuver","floor":23,"key":"SMITH"},{"floor":25,"key":"REST"},{"floor":27,"key":"REST"},{"floor":29,"key":"REST"},{"floor":32,"key":"REST"}],"neow_cost":"NONE","seed_source_timestamp":431999727760407,"circlet_count":0,"master_deck":["Defend_G","Defend_G","Defend_G","Strike_G","Strike_G","Strike_G","Strike_G","Survivor","Neutralize","Heel Hook","Outmaneuver","Sucker Punch","Outmaneuver+1","Dagger Throw","Heel Hook","Slice","Adrenaline","Sucker Punch","Deflect","Dagger Throw","Prepared","Dagger Throw","Prepared+1","Underhanded Strike","Doppelganger","Predator+1","Heel Hook+1"],"relics":["Ring of the Snake","Bronze Scales","Blood Vial","PreservedInsect","Pantograph","Centennial Puzzle","Tiny Chest","Boot","Black Star","WingedGreaves","Shuriken","MawBank","Bag of Preparation","Torii","Molten Egg 2"],"potions_floor_usage":[10,16,24,24,24,28],"damage_taken":[{"damage":0,"enemies":"Jaw Worm","floor":1,"turns":4},{"damage":0,"enemies":"2 Louse","floor":3,"turns":2},{"damage":55,"enemies":"3 Sentries","floor":6,"turns":10},{"damage":25,"enemies":"Lagavulin","floor":8,"turns":7},{"damage":0,"enemies":"Small Slimes","floor":10,"turns":3},{"damage":2,"enemies":"3 Sentries","floor":11,"turns":8},{"damage":1,"enemies":"Gremlin Nob","floor":13,"turns":3},{"damage":46,"enemies":"Hexaghost","floor":16,"turns":10},{"damage":5,"enemies":"Chosen","floor":18,"turns":4},{"damage":13,"enemies":"Spheric Guardian","floor":19,"turns":4},{"damage":24,"enemies":"Snake Plant","floor":21,"turns":4},{"damage":10,"enemies":"Centurion and Healer","floor":22,"turns":7},{"damage":15,"enemies":"Colosseum Slavers","floor":24,"turns":6},{"damage":8,"enemies":"Colosseum Nobs","floor":24,"turns":4},{"damage":33,"enemies":"Slavers","floor":28,"turns":3},{"damage":7,"enemies":"Chosen and Byrds","floor":31,"turns":3},{"damage":87,"enemies":"Collector","floor":33,"turns":8}],"seed_played":"-5047512285653597004","potions_obtained":[{"floor":1,"key":"Weak Potion"},{"floor":3,"key":"Regen Potion"},{"floor":8,"key":"Explosive Potion"},{"floor":10,"key":"LiquidBronze"},{"floor":18,"key":"PowerPotion"},{"floor":24,"key":"Energy Potion"}],"is_trial":false,"path_per_floor":["M","$","M","?","?","E","R","E","T","M","E","R","E","?","R","B",null,"M","M","$","M","M","R","?","R","T","R","E","R","$","M","R","B"],"character_chosen":"THE_SILENT","items_purchased":["Dagger Throw","Prepared","Molten Egg 2","Predator+1"],"campfire_rested":7,"item_purchase_floors":[20,20,30,30],"current_hp_per_floor":[70,70,70,63,56,3,24,1,1,12,12,33,34,34,55,24,70,65,54,54,32,24,24,5,26,26,47,16,37,37,32,53,0],"gold":119,"neow_bonus":"RANDOM_COMMON_RELIC","is_prod":false,"is_daily":false,"chose_seed":false,"campfire_upgraded":1,"win_rate":0.0,"timestamp":1548457544,"path_taken":["M","$","M","?","?","E","R","E","T","M","E","R","E","?","R","BOSS","M","M","$","M","M","R","?","R","T","R","E","R","$","M","R","BOSS"],"build_version":"2019-01-23","purchased_purges":2,"victory":false,"max_hp_per_floor":[70,70,70,70,70,70,70,70,70,70,70,70,70,70,70,70,70,70,70,70,70,70,70,70,70,70,70,70,70,70,70,70,70],"card_choices":[{"not_picked":["Sucker Punch","Eviscerate"],"picked":"Heel Hook","floor":1},{"not_picked":["Backflip","Blade Dance"],"picked":"Outmaneuver","floor":3},{"not_picked":["Masterful Stab","Envenom"],"picked":"Sucker Punch","floor":6},{"not_picked":["Reflex","Bouncing Flask"],"picked":"Outmaneuver","floor":8},{"not_picked":["Calculated Gamble","Prepared"],"picked":"Dagger Throw","floor":10},{"not_picked":["Calculated Gamble","Underhanded Strike"],"picked":"Heel Hook","floor":11},{"not_picked":["Acrobatics","Tactician"],"picked":"Slice","floor":13},{"not_picked":["Die Die Die","Tools of the Trade"],"picked":"Adrenaline","floor":16},{"not_picked":["Deflect","Bane+1"],"picked":"Sucker Punch","floor":18},{"not_picked":["Choke","Dash"],"picked":"Deflect","floor":19},{"not_picked":["Acrobatics","Distraction"],"picked":"Dagger Throw","floor":21},{"not_picked":["Catalyst","Flying Knee"],"picked":"Prepared+1","floor":22},{"not_picked":["Poisoned Stab","Riddle With Holes+1"],"picked":"Underhanded Strike","floor":24},{"not_picked":["Noxious Fumes","Blade Dance+1"],"picked":"Doppelganger","floor":28},{"not_picked":["Sucker Punch+1","Backflip"],"picked":"Heel Hook+1","floor":31}],"player_experience":176120,"relics_obtained":[{"floor":6,"key":"PreservedInsect"},{"floor":8,"key":"Pantograph"},{"floor":9,"key":"Centennial Puzzle"},{"floor":11,"key":"Tiny Chest"},{"floor":13,"key":"Boot"},{"floor":24,"key":"WingedGreaves"},{"floor":24,"key":"Shuriken"},{"floor":26,"key":"MawBank"},{"floor":28,"key":"Bag of Preparation"},{"floor":28,"key":"Torii"}],"event_choices":[{"damage_healed":0,"gold_gain":0,"player_choice":"Success","damage_taken":7,"relics_obtained":["Blood Vial"],"max_hp_gain":0,"max_hp_loss":0,"event_name":"Scrap Ooze","floor":4,"gold_loss":0},{"cards_removed":["Defend_G"],"damage_healed":0,"gold_gain":0,"player_choice":"Card Removal","damage_taken":7,"max_hp_gain":0,"max_hp_loss":0,"event_name":"Golden Wing","floor":5,"gold_loss":0},{"damage_healed":0,"gold_gain":0,"player_choice":"Left Gold","damage_taken":0,"max_hp_gain":0,"max_hp_loss":0,"event_name":"World of Goop","floor":14,"gold_loss":27},{"damage_healed":0,"gold_gain":0,"player_choice":"Fight","damage_taken":0,"max_hp_gain":0,"max_hp_loss":0,"event_name":"Colosseum","floor":24,"gold_loss":0},{"damage_healed":0,"gold_gain":0,"player_choice":"Fought Nobs","damage_taken":0,"max_hp_gain":0,"max_hp_loss":0,"event_name":"Colosseum","floor":24,"gold_loss":0}],"is_beta":false,"boss_relics":[{"not_picked":["White Beast Statue","Empty Cage"],"picked":"Black Star"}],"items_purged_floors":[2,20],"is_endless":false,"potions_floor_spawned":[1,3,8,10,18,19,24],"killed_by":"Collector","ascension_level":0}