{"gold_per_floor":[118,118,118,118,132,132,173,173,173,173,186,186,186,204,204,325,325,308,107,307,57,80,80,115,115,115,115,115,115,140,140,140,266,266,291,305,46,46,379,379,389,444,444,444,473,485,511,539,551,563],"floor_reached":51,"playtime":1363,"items_purged":["Bash"],"score":936,"play_id":"35785e5f-f016-4447-b469-e90025ccc09e","local_time":"20181228122433","is_ascension_mode":true,"campfire_choices":[{"floor":6,"key":"REST"},{"floor":8,"key":"REST"},{"data":"Uppercut","floor":10,"key":"SMITH"},{"data":"Perfected Strike","floor":15,"key":"SMITH"},{"data":"Perfected Strike","floor":23,"key":"SMITH"},{"floor":25,"key":"REST"},{"floor":28,"key":"REST"},{"data":"Perfected Strike","floor":29,"key":"SMITH"},{"floor":32,"key":"REST"},{"data":"Immolate","floor":40,"key":"SMITH"},{"floor":44,"key":"REST"},{"floor":46,"key":"REST"},{"floor":49,"key":"REST"}],"neow_cost":"NONE","seed_source_timestamp":609126765625035,"circlet_count":0,"master_deck":["Strike_R","Strike_R","Strike_R","Strike_R","Strike_R","Defend_R","Defend_R+1","Defend_R","Defend_R+1","Berserk","Infernal Blade+1","Uppercut+1","Perfected Strike+1","Carnage","Immolate+1","Perfected Strike+1","Pommel Strike","Twin Strike","Perfected Strike+1","Inflame","Perfected Strike+1","Flame Barrier+1","Necronomicurse","Perfected Strike+1","Limit Break","Twin Strike+1","Parasite"],"relics":["Burning Blood","WingedGreaves","Singing Bowl","Orrery","Shuriken","Red Mask","War Paint","Necronomicon","Black Star","Kunai","Calipers","The Courier","MawBank","Paper Frog"],"potions_floor_usage":[7,16,41,42,42,47,50],"damage_taken":[{"damage":12,"enemies":"Small Slimes","floor":1,"turns":4},{"damage":9,"enemies":"Jaw Worm","floor":5,"turns":4},{"damage":60,"enemies":"3 Sentries","floor":7,"turns":13},{"damage":1,"enemies":"Cultist","floor":11,"turns":3},{"damage":0,"enemies":"Large Slime","floor":14,"turns":3},{"damage":7,"enemies":"Slime Boss","floor":16,"turns":9},{"damage":15,"enemies":"2 Thieves","floor":18,"turns":4},{"damage":22,"enemies":"Shell Parasite","floor":22,"turns":4},{"damage":35,"enemies":"Masked Bandits","floor":24,"turns":4},{"damage":8,"enemies":"Cultist and Chosen","floor":30,"turns":3},{"damage":28,"enemies":"Automaton","floor":33,"turns":4},{"damage":3,"enemies":"Orb Walker","floor":35,"turns":2},{"damage":26,"enemies":"3 Darklings","floor":36,"turns":3},{"damage":18,"enemies":"Transient","floor":41,"turns":5},{"damage":21,"enemies":"2 Orb Walkers","floor":42,"turns":3},{"damage":47,"enemies":"Nemesis","floor":45,"turns":3},{"damage":28,"enemies":"4 Shapes","floor":47,"turns":6},{"damage":0,"enemies":"Writhing Mass","floor":48,"turns":2},{"damage":40,"enemies":"Time Eater","floor":50,"turns":3}],"seed_played":"4863877158356489727","potions_obtained":[{"floor":5,"key":"Weak Potion"},{"floor":14,"key":"Block Potion"},{"floor":24,"key":"Poison Potion"},{"floor":30,"key":"Swift Potion"},{"floor":33,"key":"Weak Potion"},{"floor":45,"key":"EssenceOfSteel"},{"floor":48,"key":"FearPotion"}],"is_trial":false,"path_per_floor":["M","?","?","$","M","R","E","R","T","R","M","?","$","M","R","B",null,"M","$","?","$","M","R","?","R","T","?","R","R","M","$","R","B",null,"M","M","$","?","?","R","M","?","T","R","E","R","M","M","R","B",null],"character_chosen":"IRONCLAD","items_purchased":["Inflame","Perfected Strike","Shuriken","Kunai"],"campfire_rested":8,"item_purchase_floors":[19,19,21,37],"current_hp_per_floor":[66,46,46,46,43,67,13,37,37,37,42,42,42,48,48,47,76,67,67,67,67,51,51,24,49,49,33,58,58,56,56,81,59,79,84,66,66,66,66,66,54,41,41,67,28,54,34,42,69,35],"gold":575,"neow_bonus":"ONE_RANDOM_RARE_CARD","is_prod":false,"is_daily":false,"chose_seed":false,"campfire_upgraded":5,"win_rate":0,"timestamp":1545996273,"path_taken":["M","?","?","$","M","R","E","R","T","R","?","?","$","M","R","BOSS","M","$","?","?","M","R","?","R","T","?","R","R","M","$","R","BOSS","M","M","$","?","?","R","M","?","T","R","E","R","M","M","R","BOSS"],"build_version":"2018-12-20","purchased_purges":1,"victory":true,"max_hp_per_floor":[80,80,80,80,80,80,80,80,80,80,80,80,80,80,80,80,84,84,84,84,84,84,84,86,86,86,86,86,86,86,86,86,86,86,88,90,90,85,85,85,85,87,87,87,89,89,91,93,93,93],"card_choices":[{"not_picked":["Pommel Strike","Sword Boomerang"],"picked":"Infernal Blade","floor":1},{"not_picked":["Rage","Cleave","Rupture"],"picked":"SKIP","floor":5},{"not_picked":["Armaments","Hemokinesis"],"picked":"Uppercut","floor":7},{"not_picked":["Fiend Fire","Fire Breathing"],"picked":"Perfected Strike","floor":11},{"not_picked":["Anger","Sword Boomerang"],"picked":"Carnage","floor":14},{"not_picked":["Fiend Fire","Feed"],"picked":"Immolate","floor":16},{"not_picked":["Anger","Heavy Blade"],"picked":"Perfected Strike","floor":17},{"not_picked":["Whirlwind","Battle Trance"],"picked":"Pommel Strike","floor":17},{"not_picked":["Havoc","Rupture","Flex"],"picked":"Singing Bowl","floor":17},{"not_picked":["Thunderclap","Ghostly Armor"],"picked":"Twin Strike","floor":17},{"not_picked":["Havoc","Sword Boomerang","Body Slam"],"picked":"Singing Bowl","floor":17},{"not_picked":["Warcry","Iron Wave"],"picked":"Perfected Strike+1","floor":18},{"not_picked":["Exhume","Clash+1"],"picked":"Flame Barrier+1","floor":22},{"not_picked":["Havoc+1","Dropkick+1","Clothesline"],"picked":"Singing Bowl","floor":24},{"not_picked":["True Grit","Iron Wave+1"],"picked":"Perfected Strike+1","floor":30},{"not_picked":["Feed","Brutality"],"picked":"Limit Break","floor":33},{"not_picked":["Clothesline","Iron Wave","Battle Trance+1"],"picked":"Singing Bowl","floor":35},{"not_picked":["Headbutt","Anger","Intimidate+1"],"picked":"Singing Bowl","floor":36},{"not_picked":["Sword Boomerang","Power Through+1"],"picked":"Twin Strike+1","floor":41},{"not_picked":["Thunderclap","Cleave+1","Armaments"],"picked":"Singing Bowl","floor":42},{"not_picked":["Battle Trance","Iron Wave","Body Slam+1"],"picked":"Singing Bowl","floor":45},{"not_picked":["Carnage+1","Barricade","Flex"],"picked":"Singing Bowl","floor":47},{"not_picked":["Clash+1","Sever Soul","Combust+1"],"picked":"Singing Bowl","floor":48}],"player_experience":236609,"relics_obtained":[{"floor":7,"key":"WingedGreaves"},{"floor":9,"key":"Singing Bowl"},{"floor":24,"key":"Red Mask"},{"floor":26,"key":"War Paint"},{"floor":27,"key":"Necronomicon"},{"floor":42,"key":"Calipers"},{"floor":43,"key":"The Courier"},{"floor":45,"key":"MawBank"},{"floor":45,"key":"Paper Frog"}],"event_choices":[{"damage_healed":0,"gold_gain":0,"player_choice":"Take Damage","damage_taken":20,"relics_obtained":["Golden Idol"],"max_hp_gain":0,"max_hp_loss":0,"event_name":"Golden Idol","floor":2,"gold_loss":0},{"damage_healed":0,"gold_gain":0,"player_choice":"Upgraded","damage_taken":0,"max_hp_gain":0,"max_hp_loss":0,"event_name":"Upgrade Shrine","floor":3,"gold_loss":0,"cards_upgraded":["Infernal Blade"]},{"damage_healed":0,"gold_gain":0,"player_choice":"Ignored","damage_taken":0,"max_hp_gain":0,"max_hp_loss":0,"event_name":"Shining Light","floor":12,"gold_loss":0},{"damage_healed":0,"gold_gain":200,"player_choice":"Gold","damage_taken":0,"max_hp_gain":0,"max_hp_loss":0,"event_name":"Wheel of Change","floor":20,"gold_loss":0},{"damage_healed":0,"gold_gain":0,"player_choice":"Fought Bandits","damage_taken":0,"max_hp_gain":0,"max_hp_loss":0,"event_name":"Masked Bandits","floor":24,"gold_loss":0},{"damage_healed":0,"gold_gain":0,"player_choice":"Obtained Book","damage_taken":16,"max_hp_gain":0,"max_hp_loss":0,"event_name":"Cursed Tome","floor":27,"gold_loss":0},{"damage_healed":0,"gold_gain":0,"player_choice":"Max HP","damage_taken":0,"max_hp_gain":0,"max_hp_loss":5,"event_name":"Winding Halls","floor":38,"gold_loss":0},{"damage_healed":0,"gold_gain":333,"player_choice":"Gave Idol","damage_taken":0,"max_hp_gain":0,"max_hp_loss":0,"event_name":"The Moai Head","floor":39,"relics_lost":["Golden Idol"],"gold_loss":0},{"damage_healed":0,"gold_gain":0,"player_choice":"Fight","damage_taken":0,"max_hp_gain":0,"max_hp_loss":0,"event_name":"Mysterious Sphere","floor":42,"gold_loss":0}],"is_beta":false,"boss_relics":[{"not_picked":["Astrolabe","Tiny House"],"picked":"Orrery"},{"not_picked":["Sozu","Pandora\u0027s Box"],"picked":"Black Star"}],"items_purged_floors":[19],"is_endless":false,"potions_floor_spawned":[5,14,24,30,33,45,48],"ascension_level":7}