{"gold_per_floor":[114,127,140,155,167,167,55,55,55,89,164,164,164,174,174,279,279,269,269,286,297,316,316,366,1,1,12,12,27,39,49,49,49],"floor_reached":33,"playtime":2300,"items_purged":["Strike_R"],"score":278,"play_id":"8485789d-4741-4b4d-a4a7-72dc55bf4a8f","local_time":"20190104132212","is_ascension_mode":false,"campfire_choices":[{"data":"Armaments","floor":6,"key":"SMITH"},{"data":"Bash","floor":8,"key":"SMITH"},{"floor":15,"key":"REST"},{"floor":23,"key":"REST"},{"floor":28,"key":"REST"},{"floor":32,"key":"REST"}],"neow_cost":"NONE","seed_source_timestamp":259122864986100,"circlet_count":0,"master_deck":["Defend_R","Defend_R","Defend_R","Bash+1","Dropkick","Armaments+1","Spot Weakness","Sword Boomerang","Heavy Blade","Burning Pact","Headbutt","Limit Break","Whirlwind+1","Brutality+1","Entrench+1","Battle Trance","Spot Weakness","Inflame","Body Slam+1","Ghostly Armor+1"],"relics":["Burning Blood","Incense Burner","Shuriken","Astrolabe","Self Forming Clay","FossilizedHelix"],"potions_floor_usage":[16,22,33,33,33],"damage_taken":[{"damage":15,"enemies":"Cultist","floor":1,"turns":4},{"damage":5,"enemies":"Jaw Worm","floor":2,"turns":4},{"damage":7,"enemies":"2 Louse","floor":3,"turns":2},{"damage":24,"enemies":"Gremlin Gang","floor":4,"turns":5},{"damage":0,"enemies":"3 Louse","floor":5,"turns":2},{"damage":42,"enemies":"Gremlin Nob","floor":10,"turns":5},{"damage":1,"enemies":"2 Fungi Beasts","floor":14,"turns":2},{"damage":19,"enemies":"The Guardian","floor":16,"turns":9},{"damage":10,"enemies":"2 Thieves","floor":18,"turns":4},{"damage":12,"enemies":"Chosen","floor":20,"turns":6},{"damage":33,"enemies":"Shelled Parasite and Fungi","floor":21,"turns":5},{"damage":26,"enemies":"Snake Plant","floor":22,"turns":6},{"damage":8,"enemies":"Snecko","floor":27,"turns":6},{"damage":13,"enemies":"Cultist and Chosen","floor":29,"turns":6},{"damage":32,"enemies":"Snake Plant","floor":30,"turns":4},{"damage":8,"enemies":"Centurion and Healer","floor":31,"turns":5},{"damage":58,"enemies":"Collector","floor":33,"turns":6}],"seed_played":"-5399509562007618439","potions_obtained":[{"floor":1,"key":"Poison Potion"},{"floor":2,"key":"Energy Potion"},{"floor":4,"key":"GamblersBrew"},{"floor":10,"key":"Strength Potion"},{"floor":16,"key":"SpeedPotion"},{"floor":20,"key":"AttackPotion"},{"floor":27,"key":"AttackPotion"}],"is_trial":false,"path_per_floor":["M","M","M","M","M","R","$","R","T","E","?","?","?","M","R","B",null,"M","?","M","M","M","R","?","$","T","M","R","M","M","M","R","B"],"character_chosen":"IRONCLAD","items_purchased":["Burning Pact","Spot Weakness","Inflame","Self Forming Clay"],"campfire_rested":4,"item_purchase_floors":[7,25,25,25],"current_hp_per_floor":[71,72,71,53,59,59,59,59,59,23,12,12,12,17,41,28,80,76,61,55,28,8,33,33,33,33,31,56,49,23,21,46,0],"gold":49,"neow_bonus":"REMOVE_CARD","is_prod":false,"is_daily":false,"chose_seed":false,"campfire_upgraded":2,"win_rate":0.0,"timestamp":1546608132,"path_taken":["M","M","?","M","M","R","$","R","T","E","?","?","?","?","R","BOSS","M","?","M","M","M","R","?","$","T","?","R","M","M","M","R","BOSS"],"build_version":"2019-01-03v3","purchased_purges":1,"victory":false,"max_hp_per_floor":[80,80,80,80,80,80,80,80,80,80,80,80,80,80,80,80,80,80,85,85,85,85,85,85,85,85,85,85,85,85,85,85,85],"card_choices":[{"not_picked":["Pummel","Burning Pact"],"picked":"Dropkick","floor":1},{"not_picked":["Cleave","Clash"],"picked":"Armaments","floor":2},{"not_picked":["Rupture","Headbutt"],"picked":"Spot Weakness","floor":3},{"not_picked":["Clothesline","Warcry"],"picked":"Sword Boomerang","floor":4},{"not_picked":["Flex","Barricade"],"picked":"Heavy Blade","floor":5},{"not_picked":["Pommel Strike","Juggernaut","Clothesline"],"picked":"SKIP","floor":10},{"not_picked":["Burning Pact","Feel No Pain"],"picked":"Headbutt","floor":14},{"not_picked":["Fiend Fire","Barricade"],"picked":"Limit Break","floor":16},{"not_picked":["Twin Strike","Shockwave","Flex+1"],"picked":"SKIP","floor":18},{"not_picked":["Second Wind","Flex","Twin Strike"],"picked":"SKIP","floor":20},{"not_picked":["Corruption+1","Flex"],"picked":"Battle Trance","floor":21},{"not_picked":["Warcry","True Grit","Anger"],"picked":"SKIP","floor":22},{"not_picked":["Bludgeon","Clash","Headbutt+1"],"picked":"SKIP","floor":27},{"not_picked":["Combust","Shockwave+1"],"picked":"Body Slam+1","floor":29},{"not_picked":["Feel No Pain+1","Clash"],"picked":"Ghostly Armor+1","floor":30},{"not_picked":["Blood for Blood","Clothesline","Armaments"],"picked":"SKIP","floor":31}],"player_experience":28724,"relics_obtained":[{"floor":9,"key":"Incense Burner"},{"floor":10,"key":"Shuriken"},{"floor":26,"key":"FossilizedHelix"}],"event_choices":[{"damage_healed":0,"gold_gain":75,"player_choice":"Gather Gold","damage_taken":11,"max_hp_gain":0,"max_hp_loss":0,"event_name":"World of Goop","floor":11,"gold_loss":0},{"damage_healed":0,"gold_gain":0,"player_choice":"Ignored","damage_taken":0,"max_hp_gain":0,"max_hp_loss":0,"event_name":"Shining Light","floor":12,"gold_loss":0},{"cards_removed":["Strike_R"],"damage_healed":0,"gold_gain":0,"player_choice":"Purged","damage_taken":0,"max_hp_gain":0,"max_hp_loss":0,"event_name":"Purifier","floor":13,"gold_loss":0},{"damage_healed":0,"gold_gain":0,"player_choice":"Shed Blood","damage_taken":20,"max_hp_gain":5,"max_hp_loss":0,"event_name":"Forgotten Altar","floor":19,"gold_loss":0},{"damage_healed":0,"gold_gain":100,"player_choice":"Bet on Murderer","damage_taken":0,"max_hp_gain":0,"max_hp_loss":0,"event_name":"The Joust","floor":24,"gold_loss":50}],"is_beta":false,"boss_relics":[{"not_picked":["Black Blood","Empty Cage"],"picked":"Astrolabe"}],"items_purged_floors":[7],"is_endless":false,"potions_floor_spawned":[1,2,4,10,16,20,27,30,31],"killed_by":"Collector","ascension_level":0}