{"gold_per_floor":[20,38,38,50,61,93,93,120,120,148,148,161,161,174,174,278,278,296,296,296,308,37,37,53,88,140,174,4,16,16,27,27,126,126,145,22,22,42,56,56,76,95,95,105,105,122,135,0,0,0],"floor_reached":51,"playtime":5739,"items_purged":["Strike_G+1","Defend_G+1"],"score":866,"play_id":"d0ef23be-98d2-4795-942d-21e8bb3cbc86","local_time":"20190130002633","is_ascension_mode":true,"campfire_choices":[{"floor":7.0,"key":"REST"},{"floor":11.0,"key":"REST"},{"data":"Tools of the Trade","floor":13.0,"key":"SMITH"},{"data":"Neutralize","floor":15.0,"key":"SMITH"},{"data":"Footwork","floor":23.0,"key":"SMITH"},{"data":"After Image","floor":32.0,"key":"SMITH"},{"data":"A Thousand Cuts","floor":40.0,"key":"SMITH"},{"data":"Footwork","floor":49,"key":"SMITH"}],"neow_cost":"NO_GOLD","seed_source_timestamp":177024005410372,"circlet_count":0,"master_deck":["Defend_G+1","Defend_G+1","Defend_G+1","Strike_G+1","Strike_G+1","Strike_G+1","Strike_G+1","Survivor","Neutralize+1","Tools of the Trade+1","Dagger Throw","Predator","Doppelganger","Expertise","Backflip","Backflip","Underhanded Strike","Dagger Throw+1","Slice+1","Slice+1","After Image+1","Dagger Throw+1","Dagger Throw+1","Reflex","Finesse","Footwork+1","Caltrops","Backflip","All Out Attack+1","Acrobatics+1","Well Laid Plans","Slice+1","Escape Plan","A Thousand Cuts+1","Slice+1","Footwork+1","Acrobatics","Backstab+1","Slice+1","Underhanded Strike+1","Dramatic Entrance+1","Parasite","Tactician+1"],"special_seed":0,"relics":["Ring of the Snake","Centennial Puzzle","Meat on the Bone","Molten Egg 2","Bottled Tornado","Coffee Dripper","Juzu Bracelet","Smiling Mask","Singing Bowl","Sozu","Frozen Egg 2","Red Mask"],"potions_floor_usage":[50,50],"damage_taken":[{"damage":4.0,"enemies":"Small Slimes","floor":1.0,"turns":5.0},{"damage":0.0,"enemies":"Cultist","floor":2.0,"turns":4.0},{"damage":11.0,"enemies":"Jaw Worm","floor":4.0,"turns":5.0},{"damage":4.0,"enemies":"Blue Slaver","floor":5.0,"turns":3.0},{"damage":38.0,"enemies":"Gremlin Nob","floor":6.0,"turns":5.0},{"damage":22.0,"enemies":"3 Sentries","floor":8.0,"turns":13.0},{"damage":26.0,"enemies":"Lagavulin","floor":10.0,"turns":11.0},{"damage":20.0,"enemies":"Gremlin Gang","floor":12.0,"turns":8.0},{"damage":1.0,"enemies":"Looter","floor":14.0,"turns":2.0},{"damage":16.0,"enemies":"Hexaghost","floor":16.0,"turns":11.0},{"damage":6.0,"enemies":"Shell Parasite","floor":18.0,"turns":5.0},{"damage":1.0,"enemies":"Chosen","floor":21.0,"turns":3.0},{"damage":4.0,"enemies":"Snecko","floor":24.0,"turns":4.0},{"damage":30.0,"enemies":"Slavers","floor":25.0,"turns":7.0},{"damage":0.0,"enemies":"Book of Stabbing","floor":27.0,"turns":5.0},{"damage":15.0,"enemies":"Snake Plant","floor":29.0,"turns":5.0},{"damage":1.0,"enemies":"Centurion and Healer","floor":31.0,"turns":6.0},{"damage":31.0,"enemies":"Automaton","floor":33.0,"turns":11.0},{"damage":20.0,"enemies":"3 Darklings","floor":35.0,"turns":3.0},{"damage":0.0,"enemies":"Orb Walker","floor":38.0,"turns":4.0},{"damage":25.0,"enemies":"3 Darklings","floor":39.0,"turns":5.0},{"damage":1.0,"enemies":"Sphere and 2 Shapes","floor":41.0,"turns":7.0},{"damage":4.0,"enemies":"Spire Growth","floor":42.0,"turns":5.0},{"damage":6.0,"enemies":"3 Darklings","floor":44.0,"turns":3.0},{"damage":14,"enemies":"Writhing Mass","floor":46,"turns":5},{"damage":0,"enemies":"Transient","floor":47,"turns":5},{"damage":15,"enemies":"Donu and Deca","floor":50,"turns":6}],"seed_played":"-4702641106625350601","potions_obtained":[{"floor":2.0,"key":"SteroidPotion"},{"floor":4.0,"key":"AttackPotion"},{"floor":6.0,"key":"FairyPotion"},{"floor":8.0,"key":"GhostInAJar"},{"floor":12.0,"key":"LiquidBronze"},{"floor":24.0,"key":"SkillPotion"},{"floor":25.0,"key":"Energy Potion"}],"is_trial":false,"path_per_floor":["M","M","?","M","M","E","R","E","T","E","R","M","R","M","R","B",null,"M","?","?","M","$","R","M","E","T","E","$","M","?","M","R","B",null,"M","$","?","M","M","R","M","M","T","M","?","M","M","?","R","B",null],"character_chosen":"THE_SILENT","items_purchased":["Reflex","Finesse","Footwork","Acrobatics","Well Laid Plans","Footwork","Acrobatics"],"campfire_rested":2,"item_purchase_floors":[22,22,22,28,28,36,36],"current_hp_per_floor":[66,66,66,55,51,13,34,12,12,19,40,32,32,43,43,39,70,64,64,64,63,63,63,59,41,41,41,41,38,38,37,37,18,70,50,50,50,50,39,39,40,36,36,42,42,42,42,42,42,39],"gold":0,"neow_bonus":"THREE_RARE_CARDS","is_prod":false,"is_daily":false,"chose_seed":false,"campfire_upgraded":6,"win_rate":0,"timestamp":1548829593,"path_taken":["M","M","?","M","?","E","R","E","T","E","R","M","R","M","R","BOSS","M","?","?","M","$","R","M","E","T","E","$","M","?","M","R","BOSS","M","$","?","M","M","R","M","M","T","M","?","M","M","?","R","BOSS"],"build_version":"2019-01-23","purchased_purges":2,"victory":true,"max_hp_per_floor":[70,70,70,70,70,70,70,70,70,70,70,70,70,70,70,70,70,70,70,70,70,70,70,70,70,70,70,70,70,70,70,70,70,70,70,70,66,66,68,68,70,70,70,70,70,72,72,72,72,72],"card_choices":[{"not_picked":["Glass Knife","Venomology"],"picked":"Tools of the Trade","floor":0.0},{"not_picked":["Underhanded Strike","Dagger Spray"],"picked":"Dagger Throw","floor":1.0},{"not_picked":["Flying Knee","Deflect"],"picked":"Predator","floor":2.0},{"not_picked":["Dodge and Roll","Deflect"],"picked":"Expertise","floor":4.0},{"not_picked":["Underhanded Strike","Expertise"],"picked":"Backflip","floor":5.0},{"not_picked":["Caltrops","Quick Slash"],"picked":"Backflip","floor":6.0},{"not_picked":["Caltrops","Skewer"],"picked":"Underhanded Strike","floor":8.0},{"not_picked":["Flying Knee+1","Endless Agony+1"],"picked":"Dagger Throw+1","floor":10.0},{"not_picked":["Infinite Blades","Bane+1"],"picked":"Slice+1","floor":12.0},{"not_picked":["Eviscerate+1","Leg Sweep"],"picked":"Slice+1","floor":14.0},{"not_picked":["Tools of the Trade","Venomology"],"picked":"After Image","floor":16.0},{"not_picked":["Dodge and Roll","Backflip"],"picked":"Dagger Throw+1","floor":18.0},{"not_picked":["Dash+1","Choke+1"],"picked":"Dagger Throw+1","floor":21.0},{"not_picked":["Cloak And Dagger","Finisher+1"],"picked":"Caltrops","floor":24.0},{"not_picked":["Choke+1","Noxious Fumes"],"picked":"Backflip","floor":25.0},{"not_picked":["Infinite Blades+1","Outmaneuver"],"picked":"All Out Attack+1","floor":27.0},{"not_picked":["Acrobatics","Cloak And Dagger"],"picked":"Slice+1","floor":29.0},{"not_picked":["Dagger Throw+1","Heel Hook+1"],"picked":"Escape Plan","floor":31.0},{"not_picked":["After Image","Malaise"],"picked":"A Thousand Cuts","floor":33.0},{"not_picked":["Blade Dance","Cloak And Dagger+1"],"picked":"Slice+1","floor":35.0},{"not_picked":["Backflip+1","Eviscerate+1"],"picked":"Backstab+1","floor":38.0},{"not_picked":["Sucker Punch+1","Poisoned Stab+1","Blur"],"picked":"Singing Bowl","floor":39.0},{"not_picked":["Accuracy","Quick Slash+1","Masterful Stab+1"],"picked":"Singing Bowl","floor":41.0},{"not_picked":["Infinite Blades+1","Poisoned Stab+1"],"picked":"Slice+1","floor":42.0},{"not_picked":["Flechettes+1","Poisoned Stab+1"],"picked":"Underhanded Strike+1","floor":44.0},{"not_picked":["Panacea","Enlightenment"],"picked":"Dramatic Entrance+1","floor":45.0},{"not_picked":["Backflip","Catalyst+1","Skewer+1"],"picked":"Singing Bowl","floor":46},{"not_picked":["Prepared+1","Bullet Time"],"picked":"Tactician+1","floor":47}],"player_experience":265987,"relics_obtained":[{"floor":6.0,"key":"Centennial Puzzle"},{"floor":8.0,"key":"Meat on the Bone"},{"floor":9.0,"key":"Molten Egg 2"},{"floor":10.0,"key":"Bottled Tornado"},{"floor":25.0,"key":"Juzu Bracelet"},{"floor":26.0,"key":"Smiling Mask"},{"floor":27.0,"key":"Singing Bowl"},{"floor":43.0,"key":"Frozen Egg 2"}],"event_choices":[{"damage_healed":0.0,"max_hp_gain":0.0,"max_hp_loss":0.0,"gold_gain":0.0,"cards_transformed":["Defend_G"],"event_name":"Transmorgrifier","player_choice":"Transformed","floor":3.0,"gold_loss":0.0,"damage_taken":0.0,"cards_obtained":["Doppelganger"]},{"damage_healed":0.0,"max_hp_gain":0.0,"max_hp_loss":0.0,"gold_gain":0.0,"event_name":"Back to Basics","player_choice":"Simplicity","floor":19.0,"gold_loss":0.0,"damage_taken":0.0,"cards_upgraded":["Defend_G","Defend_G","Defend_G","Defend_G","Strike_G","Strike_G","Strike_G","Strike_G","Strike_G"]},{"damage_healed":0.0,"max_hp_gain":0.0,"max_hp_loss":0.0,"gold_gain":0.0,"event_name":"Ghosts","player_choice":"Ignored","floor":20.0,"gold_loss":0.0,"damage_taken":0.0},{"damage_healed":0.0,"max_hp_gain":0.0,"max_hp_loss":0.0,"gold_gain":0.0,"event_name":"Accursed Blacksmith","player_choice":"Forge","floor":30.0,"gold_loss":0.0,"damage_taken":0.0,"cards_upgraded":["Acrobatics"]},{"damage_healed":0.0,"max_hp_gain":0.0,"max_hp_loss":4.0,"gold_gain":0.0,"event_name":"Winding Halls","player_choice":"Max HP","floor":37.0,"gold_loss":0.0,"damage_taken":0.0},{"damage_healed":0.0,"max_hp_gain":0.0,"max_hp_loss":0.0,"gold_gain":0.0,"event_name":"SensoryStone","player_choice":"Memory 1","floor":45.0,"gold_loss":0.0,"damage_taken":0.0},{"damage_healed":0,"gold_gain":0,"player_choice":"Paid","damage_taken":0,"relics_obtained":["Red Mask"],"max_hp_gain":0,"max_hp_loss":0,"event_name":"Tomb of Lord Red Mask","floor":48,"gold_loss":135}],"is_beta":false,"boss_relics":[{"not_picked":["Busted Crown","HoveringKite"],"picked":"Coffee Dripper"},{"not_picked":["Runic Pyramid","Fusion Hammer"],"picked":"Sozu"}],"items_purged_floors":[22,28],"is_endless":false,"potions_floor_spawned":[2,4,6,8,12,24,25,29,35,38,41,44,46],"ascension_level":3}