{"gold_per_floor":[113,113,123,123,123,123,152,166,211,231,231,247,247,280,280,280],"floor_reached":16,"playtime":408,"items_purged":[],"score":236,"play_id":"71bd3786-a51a-465d-92c0-70e61055b962","local_time":"20190202182225","is_ascension_mode":true,"campfire_choices":[{"data":"Neutralize","floor":6,"key":"SMITH"},{"data":"Footwork","floor":11,"key":"SMITH"},{"floor":13,"key":"REST"},{"data":"Catalyst","floor":15,"key":"SMITH"}],"neow_cost":"NONE","seed_source_timestamp":15038718799700,"circlet_count":0,"master_deck":["AscendersBane","Defend_G","Defend_G","Defend_G","Defend_G+1","Defend_G","Strike_G","Strike_G+1","Strike_G+1","Strike_G+1","Survivor","Neutralize+1","Poisoned Stab+1","PiercingWail","PiercingWail","Footwork+1","Catalyst+1","Backstab","All Out Attack"],"relics":["Ring of the Snake","NeowsBlessing","Whetstone","Ancient Tea Set","Turnip"],"potions_floor_usage":[14,16],"damage_taken":[{"damage":0,"enemies":"2 Louse","floor":1,"turns":1},{"damage":0,"enemies":"Cultist","floor":3,"turns":1},{"damage":0,"enemies":"Gremlin Nob","floor":7,"turns":1},{"damage":2,"enemies":"Jaw Worm","floor":8,"turns":4},{"damage":5,"enemies":"Exordium Thugs","floor":10,"turns":7},{"damage":10,"enemies":"Exordium Wildlife","floor":12,"turns":6},{"damage":10,"enemies":"3 Sentries","floor":14,"turns":6},{"damage":34,"enemies":"Hexaghost","floor":16,"turns":14}],"seed_played":"2008355216882675502","potions_obtained":[{"floor":10,"key":"Fire Potion"},{"floor":12,"key":"Block Potion"},{"floor":14,"key":"SpeedPotion"}],"is_trial":false,"path_per_floor":["M","?","M","?","?","R","E","M","T","M","R","M","R","E","R","B"],"character_chosen":"THE_SILENT","items_purchased":[],"campfire_rested":1,"item_purchase_floors":[],"current_hp_per_floor":[59,59,59,59,39,39,39,37,37,32,32,22,41,31,31,0],"gold":280,"neow_bonus":"THREE_ENEMY_KILL","is_prod":false,"is_daily":false,"chose_seed":false,"campfire_upgraded":3,"win_rate":0,"timestamp":1549124545,"path_taken":["M","?","?","?","?","R","E","M","T","M","R","?","R","E","R","BOSS"],"build_version":"2019-01-23","purchased_purges":0,"victory":false,"max_hp_per_floor":[66,66,66,66,66,66,66,66,66,66,66,66,66,66,66,66],"card_choices":[{"not_picked":["Dodge and Roll","Backflip"],"picked":"Poisoned Stab","floor":1},{"not_picked":["Accuracy","Slice"],"picked":"PiercingWail","floor":3},{"not_picked":["Backflip","Sucker Punch"],"picked":"Footwork","floor":7},{"not_picked":["Dagger Throw","Slice"],"picked":"Catalyst","floor":8},{"not_picked":["All Out Attack","Backflip"],"picked":"Backstab","floor":10},{"not_picked":["Outmaneuver","Escape Plan"],"picked":"All Out Attack","floor":12},{"not_picked":["Underhanded Strike","Masterful Stab","Cloak And Dagger"],"picked":"SKIP","floor":14}],"player_experience":579293,"relics_obtained":[{"floor":7,"key":"Whetstone"},{"floor":9,"key":"Ancient Tea Set"},{"floor":14,"key":"Turnip"}],"event_choices":[{"damage_healed":0,"gold_gain":0,"cards_transformed":["Strike_G"],"player_choice":"Transformed","damage_taken":0,"max_hp_gain":0,"max_hp_loss":0,"event_name":"Transmorgrifier","floor":2,"gold_loss":0,"cards_obtained":["PiercingWail"]},{"damage_healed":0,"gold_gain":0,"player_choice":"Grow","damage_taken":0,"max_hp_gain":0,"max_hp_loss":0,"event_name":"Living Wall","floor":4,"gold_loss":0,"cards_upgraded":["Poisoned Stab"]},{"damage_healed":0,"gold_gain":0,"player_choice":"Entered Light","damage_taken":20,"max_hp_gain":0,"max_hp_loss":0,"event_name":"Shining Light","floor":5,"gold_loss":0,"cards_upgraded":["Strike_G","Defend_G"]}],"is_beta":false,"boss_relics":[],"items_purged_floors":[],"is_endless":false,"potions_floor_spawned":[10,12,14],"killed_by":"Hexaghost","ascension_level":15}