{"gold_per_floor":[109,109,122,139,150,150,150,167,194,207,2,20,20,36,36,136,136,147,159,159,159,259,259,278,295,371,385,405,405,424,88,88,207,207,243,243,292,392,411,411,135,151,222,242,253,267,282,300,300,300],"floor_reached":51,"playtime":6790,"items_purged":["Strike_G"],"score":701,"play_id":"25395137-68c6-430b-bab0-0b5811db270d","local_time":"20190126204353","is_ascension_mode":false,"campfire_choices":[{"data":"Acrobatics","floor":6,"key":"SMITH"},{"data":"Adrenaline","floor":13,"key":"SMITH"},{"data":"Well Laid Plans","floor":15,"key":"SMITH"},{"data":"Adrenaline","floor":23,"key":"SMITH"},{"floor":29,"key":"REST"},{"floor":32,"key":"REST"},{"floor":40,"key":"REST"},{"floor":49,"key":"REST"}],"neow_cost":"NONE","seed_source_timestamp":137685131596399,"circlet_count":0,"master_deck":["Defend_G","Defend_G","Defend_G","Defend_G","Defend_G","Survivor","Neutralize","Slice","Endless Agony","Acrobatics+1","Slice","Adrenaline+1","Impatience","Flying Knee","Slice","Cloak And Dagger","Well Laid Plans+1","Adrenaline+1","Footwork+1","Cloak And Dagger+1","Doppelganger+1","Dagger Throw","Backstab+1","Acrobatics","Unload","Terror","Backflip","Backstab","Predator+1","Quick Slash+1","Cloak And Dagger","Jack Of All Trades","Adrenaline","Prepared","Prepared+1","Swift Strike","Choke+1","Footwork+1","Distraction+1","Slice+1","Finisher+1","Deflect+1","Tactician+1","A Thousand Cuts+1","Quick Slash+1"],"relics":["Ring of the Snake","NeowsBlessing","Boot","Frozen Eye","Astrolabe","Vajra","Shuriken","Prayer Wheel","Letter Opener","Bottled Lightning","Fusion Hammer","Ice Cream","Du-Vu Doll","TwistedFunnel","Frozen Egg 2"],"potions_floor_usage":[14,14,16,22,25,27,33,33,33,38,50,50,50],"damage_taken":[{"damage":0,"enemies":"Jaw Worm","floor":1,"turns":1},{"damage":0,"enemies":"Small Slimes","floor":3,"turns":1},{"damage":0,"enemies":"Cultist","floor":4,"turns":1},{"damage":6,"enemies":"Lots of Slimes","floor":5,"turns":7},{"damage":0,"enemies":"Looter","floor":8,"turns":2},{"damage":0,"enemies":"2 Fungi Beasts","floor":10,"turns":3},{"damage":0,"enemies":"3 Louse","floor":12,"turns":2},{"damage":0,"enemies":"Large Slime","floor":14,"turns":4},{"damage":42,"enemies":"The Guardian","floor":16,"turns":16},{"damage":1,"enemies":"2 Thieves","floor":18,"turns":4},{"damage":0,"enemies":"3 Byrds","floor":19,"turns":4},{"damage":6,"enemies":"Colosseum Slavers","floor":22,"turns":2},{"damage":15,"enemies":"Colosseum Nobs","floor":22,"turns":4},{"damage":0,"enemies":"Cultist and Chosen","floor":24,"turns":3},{"damage":3,"enemies":"Snake Plant","floor":25,"turns":3},{"damage":8,"enemies":"Centurion and Healer","floor":27,"turns":3},{"damage":0,"enemies":"Chosen and Byrds","floor":28,"turns":2},{"damage":13,"enemies":"Snake Plant","floor":30,"turns":2},{"damage":26,"enemies":"Champ","floor":33,"turns":7},{"damage":0,"enemies":"Orb Walker","floor":35,"turns":2},{"damage":6,"enemies":"2 Orb Walkers","floor":37,"turns":3},{"damage":4,"enemies":"Mind Bloom Boss Battle","floor":38,"turns":4},{"damage":7,"enemies":"3 Shapes","floor":39,"turns":2},{"damage":0,"enemies":"Jaw Worm Horde","floor":42,"turns":2},{"damage":0,"enemies":"4 Shapes","floor":44,"turns":2},{"damage":0,"enemies":"Maw","floor":45,"turns":3},{"damage":0,"enemies":"Jaw Worm Horde","floor":46,"turns":2},{"damage":0,"enemies":"Writhing Mass","floor":47,"turns":2},{"damage":0,"enemies":"Sphere and 2 Shapes","floor":48,"turns":2},{"damage":35,"enemies":"Awakened One","floor":50,"turns":10}],"seed_played":"-219551831407144664","potions_obtained":[{"floor":3,"key":"PowerPotion"},{"floor":5,"key":"Swift Potion"},{"floor":8,"key":"Block Potion"},{"floor":14,"key":"Ancient Potion"},{"floor":18,"key":"Ancient Potion"},{"floor":22,"key":"PowerPotion"},{"floor":24,"key":"GhostInAJar"},{"floor":25,"key":"SkillPotion"},{"floor":30,"key":"GhostInAJar"},{"floor":33,"key":"Dexterity Potion"},{"floor":37,"key":"PowerPotion"},{"floor":38,"key":"Strength Potion"},{"floor":42,"key":"Block Potion"}],"is_trial":false,"path_per_floor":["M","?","M","M","M","R","?","M","T","M","$","M","R","M","R","B",null,"M","M","?","?","?","R","M","M","T","M","M","R","M","$","R","B",null,"M","?","?","?","M","R","$","M","T","M","M","M","M","M","R","B",null],"character_chosen":"THE_SILENT","items_purchased":["Frozen Eye","Bottled Lightning","Jack Of All Trades","TwistedFunnel"],"campfire_rested":4,"item_purchase_floors":[11,31,31,41],"current_hp_per_floor":[70,63,63,63,57,57,57,57,57,57,57,57,57,57,57,15,70,69,69,69,56,35,35,35,32,32,24,24,46,33,33,55,29,75,75,75,69,65,58,75,75,75,75,75,75,75,75,75,75,40],"gold":300,"neow_bonus":"THREE_ENEMY_KILL","is_prod":false,"is_daily":false,"chose_seed":false,"campfire_upgraded":4,"win_rate":0,"timestamp":1548553433,"path_taken":["M","?","M","M","M","R","?","?","T","?","$","M","R","M","R","BOSS","M","M","?","?","?","R","M","M","T","M","M","R","M","$","R","BOSS","M","?","?","?","M","R","$","M","T","?","M","?","M","M","R","BOSS"],"build_version":"2019-01-23","purchased_purges":1,"victory":true,"max_hp_per_floor":[70,70,70,70,70,70,70,70,70,70,70,70,70,70,70,70,70,70,70,70,75,75,75,75,75,75,75,75,75,75,75,75,75,75,75,75,75,75,75,75,75,75,75,75,75,75,75,75,75,75],"card_choices":[{"not_picked":["Deadly Poison","Deflect"],"picked":"Slice","floor":1},{"not_picked":["Terror","Flechettes"],"picked":"Endless Agony","floor":3},{"not_picked":["Dodge and Roll","Escape Plan"],"picked":"Acrobatics","floor":4},{"not_picked":["PiercingWail","Backstab"],"picked":"Slice","floor":5},{"not_picked":["Reflex","Outmaneuver"],"picked":"Flying Knee","floor":8},{"not_picked":["Heel Hook","Quick Slash"],"picked":"Slice","floor":10},{"not_picked":["Bouncing Flask","Skewer"],"picked":"Cloak And Dagger","floor":12},{"not_picked":["Tactician","Outmaneuver"],"picked":"Well Laid Plans","floor":14},{"not_picked":["Night Terror","Storm of Steel"],"picked":"Adrenaline","floor":16},{"not_picked":["Dodge and Roll+1","Outmaneuver"],"picked":"Dagger Throw","floor":18},{"not_picked":["Bane","Catalyst"],"picked":"Backstab+1","floor":19},{"not_picked":["Well Laid Plans","Flechettes"],"picked":"Acrobatics","floor":24},{"not_picked":["Bane+1","Escape Plan+1","Sucker Punch"],"picked":"SKIP","floor":24},{"not_picked":["Blade Dance","Dagger Spray+1"],"picked":"Unload","floor":25},{"not_picked":["PiercingWail","Acrobatics+1"],"picked":"Terror","floor":25},{"not_picked":["Reflex","Flying Knee"],"picked":"Backflip","floor":27},{"not_picked":["Cloak And Dagger","Blur"],"picked":"Backstab","floor":27},{"not_picked":["Dash","Dagger Throw"],"picked":"Predator+1","floor":28},{"not_picked":["Dagger Throw+1","Acrobatics","Skewer+1"],"picked":"SKIP","floor":28},{"not_picked":["Deadly Poison+1","Sucker Punch"],"picked":"Quick Slash+1","floor":30},{"not_picked":["Tactician","Poisoned Stab+1"],"picked":"Cloak And Dagger","floor":30},{"not_picked":["After Image","Venomology"],"picked":"Adrenaline","floor":33},{"not_picked":["Sucker Punch+1","Masterful Stab+1"],"picked":"Prepared","floor":35},{"not_picked":["Poisoned Stab+1","Quick Slash+1"],"picked":"Prepared+1","floor":35},{"not_picked":["Trip","Forethought"],"picked":"Swift Strike","floor":36},{"not_picked":["Underhanded Strike","Flying Knee"],"picked":"Choke+1","floor":37},{"not_picked":["Slice+1","Escape Plan"],"picked":"Footwork+1","floor":38},{"not_picked":["Quick Slash+1","Dodge and Roll"],"picked":"Distraction+1","floor":39},{"not_picked":["A Thousand Cuts","Poisoned Stab+1","Prepared+1"],"picked":"SKIP","floor":39},{"not_picked":["Riddle With Holes+1","PiercingWail+1","Distraction"],"picked":"SKIP","floor":42},{"not_picked":["Dagger Throw+1","Flying Knee","Bouncing Flask+1"],"picked":"SKIP","floor":42},{"not_picked":["Heel Hook","Noxious Fumes+1","Dagger Spray"],"picked":"SKIP","floor":44},{"not_picked":["Underhanded Strike+1","Prepared","Crippling Poison+1"],"picked":"SKIP","floor":44},{"not_picked":["Escape Plan","Dodge and Roll+1"],"picked":"Slice+1","floor":45},{"not_picked":["Dodge and Roll","Dagger Spray+1","Backflip"],"picked":"SKIP","floor":45},{"not_picked":["Backflip","Caltrops+1"],"picked":"Finisher+1","floor":46},{"not_picked":["Finisher+1","Prepared"],"picked":"Deflect+1","floor":46},{"not_picked":["Footwork+1","Deadly Poison+1"],"picked":"Tactician+1","floor":47},{"not_picked":["Dagger Spray","Poisoned Stab+1","Underhanded Strike"],"picked":"SKIP","floor":47},{"not_picked":["Flying Knee","Poisoned Stab+1"],"picked":"A Thousand Cuts+1","floor":48},{"not_picked":["Sucker Punch+1","Footwork+1"],"picked":"Quick Slash+1","floor":48}],"player_experience":51996,"relics_obtained":[{"floor":9,"key":"Boot"},{"floor":22,"key":"Shuriken"},{"floor":22,"key":"Prayer Wheel"},{"floor":26,"key":"Letter Opener"},{"floor":37,"key":"Ice Cream"},{"floor":38,"key":"Du-Vu Doll"},{"floor":43,"key":"Frozen Egg 2"}],"event_choices":[{"cards_removed":["Strike_G"],"damage_healed":0,"gold_gain":0,"player_choice":"Card Removal","damage_taken":7,"max_hp_gain":0,"max_hp_loss":0,"event_name":"Golden Wing","floor":2,"gold_loss":0},{"damage_healed":0,"gold_gain":0,"player_choice":"2 cards matched","damage_taken":0,"max_hp_gain":0,"max_hp_loss":0,"event_name":"Match and Keep!","floor":7,"gold_loss":0,"cards_obtained":["Adrenaline","Impatience"]},{"damage_healed":0,"gold_gain":0,"player_choice":"Opened","damage_taken":0,"relics_obtained":["Vajra"],"max_hp_gain":0,"max_hp_loss":0,"event_name":"The Mausoleum","floor":20,"gold_loss":0},{"damage_healed":0,"gold_gain":0,"player_choice":"Shed Blood","damage_taken":18,"max_hp_gain":5,"max_hp_loss":0,"event_name":"Forgotten Altar","floor":21,"gold_loss":0},{"damage_healed":0,"gold_gain":0,"player_choice":"Fight","damage_taken":0,"max_hp_gain":0,"max_hp_loss":0,"event_name":"Colosseum","floor":22,"gold_loss":0},{"damage_healed":0,"gold_gain":0,"player_choice":"Fought Nobs","damage_taken":0,"max_hp_gain":0,"max_hp_loss":0,"event_name":"Colosseum","floor":22,"gold_loss":0},{"damage_healed":0,"gold_gain":0,"player_choice":"Memory 1","damage_taken":0,"max_hp_gain":0,"max_hp_loss":0,"event_name":"SensoryStone","floor":36,"gold_loss":0},{"damage_healed":0,"gold_gain":0,"player_choice":"Fight","damage_taken":0,"max_hp_gain":0,"max_hp_loss":0,"event_name":"Mysterious Sphere","floor":37,"gold_loss":0},{"damage_healed":0,"gold_gain":0,"player_choice":"Fight","damage_taken":0,"max_hp_gain":0,"max_hp_loss":0,"event_name":"MindBloom","floor":38,"gold_loss":0}],"is_beta":false,"boss_relics":[{"not_picked":["Tiny House","Lizard Tail"],"picked":"Astrolabe"},{"not_picked":["Runic Dome","Snecko Eye"],"picked":"Fusion Hammer"}],"items_purged_floors":[41],"is_endless":false,"potions_floor_spawned":[3,5,8,10,12,14,18,22,24,25,30,33,37,38,42,48],"ascension_level":0}