{"gold_per_floor":[118,118,118,118,129,154,164,176,203,231,231,251,251,267,267,365,365,381,306,361,379,379,389,424,349,400,420,420,273,273,289,289,385,385,405,423,103,118,118,118,129,144,144,161,36,47,47,64,64,64,64,64,16,48,48],"floor_reached":56,"playtime":2279,"items_purged":["Strike_G","Strike_G","Defend_G"],"score":1208,"play_id":"4e51a1e1-8116-4fb6-b2f5-ec3b35db29fb","local_time":"20190125161406","is_ascension_mode":false,"campfire_choices":[{"data":"Poisoned Stab","floor":11.0,"key":"SMITH"},{"data":"Caltrops","floor":13.0,"key":"SMITH"},{"data":"Terror","floor":15.0,"key":"SMITH"},{"data":"Survivor","floor":28.0,"key":"SMITH"},{"data":"Dagger Throw","floor":30.0,"key":"SMITH"},{"data":"Dash","floor":32.0,"key":"SMITH"},{"floor":40.0,"key":"RECALL"},{"data":"Footwork","floor":47.0,"key":"SMITH"},{"floor":49.0,"key":"REST"},{"data":"Neutralize","floor":52,"key":"SMITH"}],"neow_cost":"NONE","seed_source_timestamp":0,"circlet_count":0,"master_deck":["Defend_G","Defend_G","Defend_G","Defend_G","Strike_G+1","Survivor+1","Neutralize+1","Dodge and Roll+1","Caltrops+1","Backstab+1","Dagger Spray","Poisoned Stab+1","Terror+1","Dagger Throw+1","Quick Slash","Sucker Punch+1","Corpse Explosion","Dodge and Roll+1","Backflip","Dash+1","Dash+1","Die Die Die","Sucker Punch+1","Night Terror","Footwork+1","Caltrops"],"special_seed":0,"relics":["Ring of the Snake","NeowsBlessing","Bronze Scales","Bag of Marbles","Velvet Choker","Whetstone","MutagenicStrength","Oddly Smooth Stone","Vajra","Lizard Tail","Paper Crane","Shuriken","Blue Candle"],"potions_floor_usage":[55,55,55],"damage_taken":[{"damage":0.0,"enemies":"Jaw Worm","floor":1.0,"turns":1.0},{"damage":0.0,"enemies":"2 Louse","floor":5.0,"turns":1.0},{"damage":0.0,"enemies":"Lagavulin","floor":6.0,"turns":1.0},{"damage":0.0,"enemies":"Cultist","floor":7.0,"turns":3.0},{"damage":0.0,"enemies":"2 Fungi Beasts","floor":8.0,"turns":3.0},{"damage":18.0,"enemies":"Gremlin Nob","floor":10.0,"turns":4.0},{"damage":5.0,"enemies":"Exordium Thugs","floor":12.0,"turns":4.0},{"damage":1.0,"enemies":"Exordium Wildlife","floor":14.0,"turns":3.0},{"damage":19.0,"enemies":"Hexaghost","floor":16.0,"turns":7.0},{"damage":0.0,"enemies":"Chosen","floor":18.0,"turns":4.0},{"damage":0.0,"enemies":"3 Byrds","floor":21.0,"turns":2.0},{"damage":1.0,"enemies":"Shelled Parasite and Fungi","floor":23.0,"turns":4.0},{"damage":9.0,"enemies":"Slavers","floor":24.0,"turns":4.0},{"damage":1.0,"enemies":"Centurion and Healer","floor":27.0,"turns":2.0},{"damage":0.0,"enemies":"3 Cultists","floor":31.0,"turns":3.0},{"damage":40.0,"enemies":"Collector","floor":33.0,"turns":11.0},{"damage":0.0,"enemies":"3 Darklings","floor":35.0,"turns":3.0},{"damage":0.0,"enemies":"3 Shapes","floor":36.0,"turns":2.0},{"damage":0.0,"enemies":"3 Darklings","floor":38.0,"turns":1.0},{"damage":12.0,"enemies":"Writhing Mass","floor":41.0,"turns":8.0},{"damage":3.0,"enemies":"Maw","floor":42.0,"turns":6.0},{"damage":1.0,"enemies":"Jaw Worm Horde","floor":44.0,"turns":3.0},{"damage":1.0,"enemies":"4 Shapes","floor":46.0,"turns":3.0},{"damage":0.0,"enemies":"Maw","floor":48.0,"turns":7.0},{"damage":19.0,"enemies":"Awakened One","floor":50.0,"turns":19.0},{"damage":8,"enemies":"Shield and Spear","floor":54,"turns":5},{"damage":79,"enemies":"The Heart","floor":55,"turns":9}],"seed_played":"-6986059640807245000","potions_obtained":[{"floor":6.0,"key":"LiquidBronze"},{"floor":7.0,"key":"GamblersBrew"},{"floor":8.0,"key":"Strength Potion"},{"floor":41.0,"key":"Fruit Juice"},{"floor":44.0,"key":"GamblersBrew"}],"is_trial":false,"path_per_floor":["M","$","?","?","M","E","M","M","T","E","R","M","R","M","R","B",null,"M","?","T","M","?","M","E","$","T","M","R","$","R","M","R","B",null,"M","M","$","M","?","R","M","M","T","M","$","M","R","M","R","B",null,"R","$","E","B",null],"character_chosen":"THE_SILENT","items_purchased":["Backflip","Paper Crane","Die Die Die","Weak Potion"],"campfire_rested":1,"item_purchase_floors":[29,37,37,53],"current_hp_per_floor":[70,70,70,70,70,70,70,70,70,52,52,47,47,46,46,27,70,70,70,70,70,70,69,60,60,60,59,59,59,59,59,59,19,70,70,70,70,70,70,70,63,60,60,59,59,58,58,58,75,56,75,75,75,67,25],"gold":48,"neow_bonus":"THREE_ENEMY_KILL","is_prod":false,"is_daily":false,"chose_seed":false,"campfire_upgraded":8,"win_rate":0,"timestamp":1548404046,"path_taken":["M","$","?","?","M","E","M","M","T","E","R","M","R","M","R","BOSS","M","?","?","M","?","M","E","$","T","?","R","$","R","M","R","BOSS","M","M","$","?","?","R","M","M","T","M","?","M","R","M","R","BOSS","R","$","E","BOSS"],"build_version":"2019-01-23","purchased_purges":3,"victory":true,"max_hp_per_floor":[70,70,70,70,70,70,70,70,70,70,70,70,70,70,70,70,70,70,70,70,70,70,70,70,70,70,70,70,70,70,70,70,70,70,70,70,70,70,70,70,75,75,75,75,75,75,75,75,75,75,75,75,75,75,75],"card_choices":[{"not_picked":["Cloak And Dagger","Crippling Poison"],"picked":"Dodge and Roll","floor":1.0},{"not_picked":["Prepared","Bane"],"picked":"Caltrops","floor":5.0},{"not_picked":["Dodge and Roll","Bullet Time"],"picked":"Backstab","floor":6.0},{"not_picked":["Sucker Punch","Expertise"],"picked":"Dagger Spray","floor":7.0},{"not_picked":["Eviscerate","Escape Plan"],"picked":"Poisoned Stab","floor":8.0},{"not_picked":["Bane","Finisher"],"picked":"Terror","floor":10.0},{"not_picked":["Backflip","Deflect"],"picked":"Dagger Throw","floor":12.0},{"not_picked":["Underhanded Strike","Expertise"],"picked":"Quick Slash","floor":14.0},{"not_picked":["PiercingWail+1","Crippling Poison"],"picked":"Sucker Punch+1","floor":18.0},{"not_picked":["Dagger Throw","Dagger Spray+1"],"picked":"Corpse Explosion","floor":21.0},{"not_picked":["Dagger Spray","Slice"],"picked":"Dodge and Roll+1","floor":23.0},{"not_picked":["Expertise","Choke+1","Wraith Form v2"],"picked":"SKIP","floor":24.0},{"not_picked":["Concentrate","Dodge and Roll","Deflect"],"picked":"SKIP","floor":27.0},{"not_picked":["Sucker Punch","Slice"],"picked":"Dash","floor":31.0},{"not_picked":["Cloak And Dagger+1","PiercingWail","Flying Knee"],"picked":"SKIP","floor":35.0},{"not_picked":["Dodge and Roll+1","Quick Slash+1"],"picked":"Dash+1","floor":36.0},{"not_picked":["Skewer+1","After Image"],"picked":"Sucker Punch+1","floor":38.0},{"not_picked":["Bane","Quick Slash+1","Endless Agony+1"],"picked":"SKIP","floor":41.0},{"not_picked":["Skewer+1","Bane+1","Dagger Spray+1"],"picked":"SKIP","floor":42.0},{"not_picked":["Prepared","Adrenaline"],"picked":"Footwork","floor":44.0},{"not_picked":["Acrobatics+1","Masterful Stab+1","All Out Attack+1"],"picked":"SKIP","floor":46.0},{"not_picked":["Expertise+1","Outmaneuver+1","Flechettes"],"picked":"SKIP","floor":48.0},{"not_picked":["Outmaneuver+1","Terror+1"],"picked":"Caltrops","floor":54}],"player_experience":603291,"relics_obtained":[{"floor":6.0,"key":"Bronze Scales"},{"floor":10.0,"key":"Bag of Marbles"},{"floor":20.0,"key":"Whetstone"},{"floor":24.0,"key":"Oddly Smooth Stone"},{"floor":26.0,"key":"Vajra"},{"floor":43.0,"key":"Shuriken"},{"floor":54,"key":"Blue Candle"}],"event_choices":[{"damage_healed":0.0,"max_hp_gain":0.0,"max_hp_loss":0.0,"gold_gain":0.0,"event_name":"Liars Game","player_choice":"Ignored","floor":3.0,"gold_loss":0.0,"damage_taken":0.0},{"damage_healed":0.0,"max_hp_gain":0.0,"max_hp_loss":0.0,"gold_gain":0.0,"event_name":"Living Wall","player_choice":"Grow","floor":4.0,"gold_loss":0.0,"damage_taken":0.0,"cards_upgraded":["Dodge and Roll"]},{"cards_removed":["Strike_G"],"damage_healed":0.0,"max_hp_gain":0.0,"max_hp_loss":0.0,"gold_gain":0.0,"event_name":"Beggar","player_choice":"Gave Gold","floor":19.0,"gold_loss":75.0,"damage_taken":0.0},{"damage_healed":0.0,"max_hp_gain":0.0,"max_hp_loss":0.0,"gold_gain":0.0,"event_name":"Drug Dealer","player_choice":"Inject Mutagens","floor":22.0,"gold_loss":0.0,"damage_taken":0.0,"relics_obtained":["MutagenicStrength"]},{"damage_healed":0.0,"max_hp_gain":0.0,"max_hp_loss":0.0,"gold_gain":0.0,"cards_transformed":["Strike_G"],"event_name":"Transmorgrifier","player_choice":"Transformed","floor":39.0,"gold_loss":0.0,"damage_taken":0.0,"cards_obtained":["Night Terror"]}],"is_beta":false,"boss_relics":[{"not_picked":["HoveringKite","Black Star"],"picked":"Velvet Choker"},{"not_picked":["Busted Crown","Coffee Dripper"],"picked":"Lizard Tail"}],"items_purged_floors":[25,29,45],"is_endless":false,"potions_floor_spawned":[6,7,8,14,16,18,24,38,41,44,46],"ascension_level":0}