{"gold_per_floor":[115,115,40,40,40,40,74,74,123,123,137,151,151,169,169,297,297,310,331,297,317,317,317,357,357,357,376,130,130,130,229,229,360,360,379,5,130,130,146,146,167,182,182,182,182,197,530,549,549,549],"floor_reached":51,"playtime":2643,"items_purged":["Regret","Doubt","Strike_R"],"score":1093,"play_id":"8731a201-16eb-4cbc-b7d1-077a4a9c3b63","local_time":"20190105173331","is_ascension_mode":true,"campfire_choices":[{"data":"Bash","floor":6,"key":"SMITH"},{"data":"Metallicize","floor":8,"key":"SMITH"},{"data":"Armaments","floor":10,"key":"SMITH"},{"data":"Shrug It Off","floor":15,"key":"SMITH"},{"floor":23,"key":"REST"},{"floor":29,"key":"REST"},{"floor":32,"key":"REST"},{"floor":40,"key":"REST"},{"floor":45,"key":"REST"},{"floor":49,"key":"REST"}],"neow_cost":"CURSE","seed_source_timestamp":1317610366707402,"circlet_count":0,"master_deck":["Strike_R","Strike_R","Strike_R","Strike_R","Defend_R","Defend_R","Defend_R","Defend_R","Bash+1","Metallicize+1","Armaments+1","Battle Trance","Shrug It Off+1","Exhume","Body Slam","Ghostly Armor","Iron Wave","Demon Form+1","Shockwave+1","Limit Break","Disarm","Injury"],"relics":["Burning Blood","Paper Frog","Ancient Tea Set","Red Skull","Ice Cream","Cursed Key","Meat on the Bone","Mummified Hand","Anchor","Enchiridion","Runic Pyramid","Self Forming Clay","Prayer Wheel","Ornamental Fan"],"potions_floor_usage":[18,18,22,33],"damage_taken":[{"damage":8,"enemies":"2 Louse","floor":1,"turns":4},{"damage":37,"enemies":"3 Sentries","floor":7,"turns":12},{"damage":0,"enemies":"Small Slimes","floor":11,"turns":4},{"damage":0,"enemies":"Jaw Worm","floor":12,"turns":5},{"damage":8,"enemies":"Blue Slaver","floor":14,"turns":4},{"damage":12,"enemies":"The Guardian","floor":16,"turns":12},{"damage":8,"enemies":"2 Thieves","floor":18,"turns":5},{"damage":13,"enemies":"Shell Parasite","floor":19,"turns":5},{"damage":23,"enemies":"Shelled Parasite and Fungi","floor":21,"turns":9},{"damage":24,"enemies":"Colosseum Slavers","floor":22,"turns":6},{"damage":27,"enemies":"Gremlin Leader","floor":24,"turns":9},{"damage":25,"enemies":"3 Cultists","floor":27,"turns":7},{"damage":16,"enemies":"Champ","floor":33,"turns":10},{"damage":11,"enemies":"3 Shapes","floor":35,"turns":6},{"damage":4,"enemies":"Mind Bloom Boss Battle","floor":37,"turns":6},{"damage":14,"enemies":"3 Darklings","floor":39,"turns":5},{"damage":30,"enemies":"Writhing Mass","floor":41,"turns":5},{"damage":3,"enemies":"4 Shapes","floor":42,"turns":5},{"damage":14,"enemies":"Sphere and 2 Shapes","floor":46,"turns":4},{"damage":7,"enemies":"Maw","floor":48,"turns":7},{"damage":37,"enemies":"Awakened One","floor":50,"turns":9}],"seed_played":"-4279937811615707772","potions_obtained":[{"floor":12,"key":"Fruit Juice"},{"floor":14,"key":"Fire Potion"},{"floor":21,"key":"PowerPotion"},{"floor":27,"key":"LiquidBronze"},{"floor":41,"key":"SpeedPotion"},{"floor":42,"key":"GamblersBrew"},{"floor":46,"key":"Swift Potion"}],"is_trial":false,"path_per_floor":["M","?","$","?","?","R","E","R","T","R","M","M","?","M","R","B",null,"M","M","$","M","?","R","E","?","T","M","$","R","?","?","R","B",null,"M","$","?","?","M","R","M","M","T","?","R","M","?","M","R","B",null],"character_chosen":"IRONCLAD","items_purchased":["Ghostly Armor","Anchor","Self Forming Clay"],"campfire_rested":6,"item_purchase_floors":[20,28,36],"current_hp_per_floor":[86,86,86,86,79,79,48,48,48,48,54,60,60,58,58,52,80,83,76,76,59,41,69,48,48,48,41,41,69,53,53,81,71,88,83,83,85,85,77,94,70,73,73,73,94,86,86,85,94,63],"gold":549,"neow_bonus":"TWENTY_PERCENT_HP_BONUS","is_prod":false,"is_daily":false,"chose_seed":false,"campfire_upgraded":4,"win_rate":0,"timestamp":1546706011,"path_taken":["M","?","$","?","?","R","E","R","T","R","M","?","?","M","R","BOSS","M","M","$","M","?","R","E","?","T","?","$","R","?","?","R","BOSS","M","$","?","?","M","R","M","M","T","?","R","?","?","M","R","BOSS"],"build_version":"2019-01-03v4","purchased_purges":3,"victory":true,"max_hp_per_floor":[96,96,96,89,89,89,89,89,89,89,89,89,89,89,89,89,89,94,94,94,94,94,94,94,94,94,94,94,94,94,94,94,94,94,94,94,94,94,94,94,94,94,94,94,94,94,94,94,94,94],"card_choices":[{"not_picked":["Warcry","Cleave"],"picked":"Metallicize","floor":1},{"not_picked":["Hemokinesis","Flex"],"picked":"Armaments","floor":7},{"not_picked":["Armaments","Twin Strike"],"picked":"Battle Trance","floor":11},{"not_picked":["Flame Barrier","Body Slam"],"picked":"Shrug It Off","floor":12},{"not_picked":["Anger","Sword Boomerang","Warcry"],"picked":"SKIP","floor":14},{"not_picked":["Brutality","Limit Break"],"picked":"Exhume","floor":16},{"not_picked":["Flex","Warcry"],"picked":"Body Slam","floor":18},{"not_picked":["Wild Strike","Searing Blow","Dual Wield"],"picked":"SKIP","floor":19},{"not_picked":["Anger+1","Clash"],"picked":"Iron Wave","floor":21},{"not_picked":["Fire Breathing","Ghostly Armor"],"picked":"Demon Form","floor":24},{"not_picked":["Seeing Red","Thunderclap"],"picked":"Shockwave+1","floor":27},{"not_picked":["Double Tap","Offering"],"picked":"Limit Break","floor":33},{"not_picked":["Inflame","Twin Strike","Sentinel"],"picked":"SKIP","floor":35},{"not_picked":["Shrug It Off","Clothesline+1","Cleave+1"],"picked":"SKIP","floor":39},{"not_picked":["Twin Strike+1","Perfected Strike+1","Sword Boomerang+1"],"picked":"SKIP","floor":39},{"not_picked":["Cleave+1","Flex"],"picked":"Disarm","floor":41},{"not_picked":["Reckless Charge+1","Cleave+1","Flex+1"],"picked":"SKIP","floor":41},{"not_picked":["Offering","Twin Strike+1","Flex"],"picked":"SKIP","floor":42},{"not_picked":["Uppercut+1","Sever Soul+1","True Grit"],"picked":"SKIP","floor":42},{"not_picked":["Twin Strike","True Grit","Feed"],"picked":"SKIP","floor":46},{"not_picked":["Fire Breathing","Anger+1","Body Slam"],"picked":"SKIP","floor":46},{"not_picked":["Cleave+1","Sentinel","Warcry"],"picked":"SKIP","floor":48},{"not_picked":["Combust+1","Anger","Body Slam"],"picked":"SKIP","floor":48}],"player_experience":255427,"relics_obtained":[{"floor":7,"key":"Ancient Tea Set"},{"floor":9,"key":"Red Skull"},{"floor":24,"key":"Meat on the Bone"},{"floor":26,"key":"Mummified Hand"},{"floor":30,"key":"Enchiridion"},{"floor":37,"key":"Prayer Wheel"},{"floor":43,"key":"Ornamental Fan"}],"event_choices":[{"damage_healed":0,"gold_gain":0,"player_choice":"Box","damage_taken":0,"relics_obtained":["Paper Frog"],"max_hp_gain":0,"max_hp_loss":0,"event_name":"Big Fish","floor":2,"gold_loss":0,"cards_obtained":["Regret"]},{"damage_healed":0,"gold_gain":0,"player_choice":"Lose Max HP","damage_taken":0,"relics_obtained":["Golden Idol"],"max_hp_gain":0,"max_hp_loss":7,"event_name":"Golden Idol","floor":4,"gold_loss":0},{"cards_removed":["Clumsy"],"damage_healed":0,"gold_gain":0,"player_choice":"Card Removal","damage_taken":7,"max_hp_gain":0,"max_hp_loss":0,"event_name":"Golden Wing","floor":5,"gold_loss":0},{"damage_healed":0,"gold_gain":0,"player_choice":"Searched \u00271\u0027 times","damage_taken":0,"relics_obtained":["Ice Cream"],"max_hp_gain":0,"max_hp_loss":0,"event_name":"Dead Adventurer","floor":13,"gold_loss":0},{"damage_healed":0,"gold_gain":0,"player_choice":"Fight","damage_taken":0,"max_hp_gain":0,"max_hp_loss":0,"event_name":"Colosseum","floor":22,"gold_loss":0},{"damage_healed":0,"gold_gain":0,"player_choice":"Fled From Nobs","damage_taken":0,"max_hp_gain":0,"max_hp_loss":0,"event_name":"Colosseum","floor":22,"gold_loss":0},{"damage_healed":0,"gold_gain":0,"player_choice":"Upgraded","damage_taken":0,"max_hp_gain":0,"max_hp_loss":0,"event_name":"Upgrade Shrine","floor":25,"gold_loss":0,"cards_upgraded":["Demon Form"]},{"damage_healed":0,"gold_gain":0,"player_choice":"Obtained Book","damage_taken":16,"max_hp_gain":0,"max_hp_loss":0,"event_name":"Cursed Tome","floor":30,"gold_loss":0},{"damage_healed":0,"gold_gain":99,"player_choice":"Stole From Cult","damage_taken":0,"max_hp_gain":0,"max_hp_loss":0,"event_name":"Nest","floor":31,"gold_loss":0},{"damage_healed":0,"gold_gain":0,"player_choice":"Fight","damage_taken":0,"max_hp_gain":0,"max_hp_loss":0,"event_name":"MindBloom","floor":37,"gold_loss":0},{"damage_healed":0,"gold_gain":0,"player_choice":"Ignored","damage_taken":0,"max_hp_gain":0,"max_hp_loss":0,"event_name":"Mysterious Sphere","floor":38,"gold_loss":0},{"damage_healed":0,"gold_gain":0,"player_choice":"Ignored","damage_taken":0,"max_hp_gain":0,"max_hp_loss":0,"event_name":"Tomb of Lord Red Mask","floor":44,"gold_loss":0},{"damage_healed":0,"gold_gain":333,"player_choice":"Gave Idol","damage_taken":0,"max_hp_gain":0,"max_hp_loss":0,"event_name":"The Moai Head","floor":47,"relics_lost":["Golden Idol"],"gold_loss":0}],"is_beta":false,"boss_relics":[{"not_picked":["Runic Cube","Black Blood"],"picked":"Cursed Key"},{"not_picked":["Empty Cage","Philosopher\u0027s Stone"],"picked":"Runic Pyramid"}],"items_purged_floors":[3,28,36],"is_endless":false,"potions_floor_spawned":[12,14,21,22,27,41,42,46],"ascension_level":8}