{"gold_per_floor":[114,129,129,144,69,69,84,84,84,99,99,129,29,44,44,144,144,159,84,84,99,64,64,64,94,94,109,124,0,0,30,30,30],"floor_reached":33,"playtime":1337,"items_purged":["Tempest","Go for the Eyes"],"score":310,"play_id":"d0789332-c2b8-4e7a-915a-7a775a16be5e","local_time":"20190107213114","daily_mods":["Draft","Red Cards","Elite Swarm"],"is_ascension_mode":false,"campfire_choices":[{"data":"Intimidate","floor":6,"key":"SMITH"},{"data":"Go for the Eyes","floor":11,"key":"SMITH"},{"data":"Reaper","floor":15,"key":"SMITH"},{"data":"Hyperbeam","floor":23,"key":"SMITH"},{"floor":30,"key":"REST"},{"floor":32,"key":"REST"}],"neow_cost":"","seed_source_timestamp":34683567613339,"circlet_count":0,"master_deck":["Beam Cell","Ball Lightning","Whirlwind","Armaments+1","Scrape","Leap","Flame Barrier","Pommel Strike","Gash","Turbo","Go for the Eyes+1","Rage","Consume","Intimidate+1","Reaper+1","BootSequence","Double Tap","Conserve Battery","Electrodynamics","Stack","Hyperbeam+1","Leap","Static Discharge","Bite","Bite","Bite","Bite","Bite","Parasite","Redo","Steam","Juggernaut"],"special_seed":17903,"relics":["Cracked Core","Cables","Darkstone Periapt","Cursed Key","Bottled Tornado","Mummified Hand","Potion Belt"],"potions_floor_usage":[16,33,33],"damage_taken":[{"damage":0,"enemies":"2 Louse","floor":1,"turns":2},{"damage":0,"enemies":"Cultist","floor":2,"turns":3},{"damage":0,"enemies":"Jaw Worm","floor":4,"turns":2},{"damage":5,"enemies":"Looter","floor":7,"turns":2},{"damage":0,"enemies":"Large Slime","floor":10,"turns":4},{"damage":20,"enemies":"Lagavulin","floor":12,"turns":4},{"damage":4,"enemies":"Exordium Thugs","floor":14,"turns":3},{"damage":14,"enemies":"Hexaghost","floor":16,"turns":9},{"damage":24,"enemies":"Spheric Guardian","floor":18,"turns":4},{"damage":0,"enemies":"2 Thieves","floor":21,"turns":3},{"damage":53,"enemies":"Slavers","floor":25,"turns":5},{"damage":10,"enemies":"Shelled Parasite and Fungi","floor":27,"turns":7},{"damage":24,"enemies":"Cultist and Chosen","floor":28,"turns":6},{"damage":21,"enemies":"Gremlin Leader","floor":31,"turns":5},{"damage":62,"enemies":"Champ","floor":33,"turns":8}],"seed_played":"8694291460791302925","potions_obtained":[{"floor":4,"key":"Poison Potion"},{"floor":7,"key":"LiquidBronze"},{"floor":10,"key":"AttackPotion"},{"floor":16,"key":"Strength Potion"}],"is_trial":false,"path_per_floor":["M","M","?","M","$","R","M","$","T","M","R","E","$","M","R","B",null,"M","?","?","M","$","R","?","E","T","M","M","?","R","E","R","B"],"character_chosen":"DEFECT","items_purchased":["Static Discharge"],"campfire_rested":2,"item_purchase_floors":[22],"current_hp_per_floor":[75,75,75,75,75,75,70,70,70,75,75,61,61,57,57,50,75,56,56,56,63,63,63,52,7,13,17,21,21,38,31,48,0],"gold":30,"neow_bonus":"","is_prod":false,"is_daily":true,"chose_seed":false,"campfire_upgraded":4,"win_rate":0,"timestamp":1546893074,"path_taken":["M","M","?","M","$","R","M","$","T","?","R","E","?","?","R","BOSS","M","?","?","?","?","R","?","E","T","M","M","?","R","E","R","BOSS"],"build_version":"2019-01-03v4","purchased_purges":2,"victory":false,"max_hp_per_floor":[75,75,75,75,75,75,75,75,75,75,75,75,75,75,75,75,75,75,75,75,75,75,75,52,52,58,58,58,58,58,58,58,58],"card_choices":[{"not_picked":["Sweeping Beam","Flex"],"picked":"Beam Cell","floor":0},{"not_picked":["Steam","Clothesline"],"picked":"Ball Lightning","floor":0},{"not_picked":["Headbutt","Anger"],"picked":"Whirlwind","floor":0},{"not_picked":["Compile Driver","Sentinel"],"picked":"Armaments","floor":0},{"not_picked":["Warcry","True Grit"],"picked":"Scrape","floor":0},{"not_picked":["Sever Soul","Rebound"],"picked":"Tempest","floor":0},{"not_picked":["Headbutt","True Grit"],"picked":"Leap","floor":0},{"not_picked":["Rebound","Perfected Strike"],"picked":"Flame Barrier","floor":0},{"not_picked":["Cleave","Turbo"],"picked":"Pommel Strike","floor":0},{"not_picked":["Burning Pact","Body Slam"],"picked":"Gash","floor":0},{"not_picked":["Hello World","Pommel Strike"],"picked":"Thunderclap","floor":0},{"not_picked":["Armaments","Glacier"],"picked":"Turbo","floor":0},{"not_picked":["Twin Strike","Turbo"],"picked":"Go for the Eyes","floor":0},{"not_picked":["Disarm","Thunderclap"],"picked":"Rage","floor":0},{"not_picked":["Perfected Strike","Rampage"],"picked":"Consume","floor":0},{"not_picked":["Metallicize","Wild Strike"],"picked":"Twin Strike","floor":1},{"not_picked":["Clothesline","Clash"],"picked":"Intimidate","floor":2},{"not_picked":["Fusion","Feel No Pain"],"picked":"Go for the Eyes","floor":4},{"not_picked":["Cleave","Whirlwind"],"picked":"Reaper","floor":7},{"not_picked":["Cleave","Second Wind"],"picked":"BootSequence","floor":10},{"not_picked":["Berserk","Reboot"],"picked":"Double Tap","floor":12},{"not_picked":["Beam Cell","Anger"],"picked":"Conserve Battery","floor":14},{"not_picked":["Exhume","Offering"],"picked":"Electrodynamics","floor":16},{"not_picked":["Intimidate+1","Flex"],"picked":"Stack","floor":18},{"not_picked":["Go for the Eyes+1","FTL"],"picked":"Leap","floor":21},{"not_picked":["Fission","Berserk","Machine Learning"],"picked":"SKIP","floor":25},{"not_picked":["Heavy Blade+1","Consume"],"picked":"Redo","floor":27},{"not_picked":["Stack","Redo"],"picked":"Steam","floor":28},{"not_picked":["Core Surge","Bludgeon"],"picked":"Juggernaut","floor":31}],"player_experience":140072,"relics_obtained":[{"floor":9,"key":"Cables"},{"floor":12,"key":"Darkstone Periapt"},{"floor":25,"key":"Bottled Tornado"},{"floor":26,"key":"Mummified Hand"},{"floor":31,"key":"Potion Belt"}],"event_choices":[{"damage_healed":0,"gold_gain":0,"player_choice":"Forge","damage_taken":0,"max_hp_gain":0,"max_hp_loss":0,"event_name":"Accursed Blacksmith","floor":3,"gold_loss":0,"cards_upgraded":["Armaments"]},{"cards_removed":["Twin Strike"],"damage_healed":0,"gold_gain":0,"player_choice":"Gave Gold","damage_taken":0,"max_hp_gain":0,"max_hp_loss":0,"event_name":"Beggar","floor":19,"gold_loss":75},{"damage_healed":0,"gold_gain":0,"cards_transformed":["Thunderclap"],"player_choice":"Transformed","damage_taken":0,"max_hp_gain":0,"max_hp_loss":0,"event_name":"Transmorgrifier","floor":20,"gold_loss":0,"cards_obtained":["Hyperbeam"]},{"damage_healed":0,"gold_gain":0,"player_choice":"Became a vampire","damage_taken":0,"max_hp_gain":0,"max_hp_loss":23,"event_name":"Vampires","floor":24,"gold_loss":0,"cards_obtained":["Bite","Bite","Bite","Bite","Bite"]},{"damage_healed":0,"gold_gain":0,"player_choice":"Paid Fearfully","damage_taken":0,"max_hp_gain":0,"max_hp_loss":0,"event_name":"Masked Bandits","floor":29,"gold_loss":124}],"is_beta":false,"boss_relics":[{"not_picked":["Velvet Choker","Runic Pyramid"],"picked":"Cursed Key"}],"items_purged_floors":[5,13],"is_endless":false,"potions_floor_spawned":[4,7,10,12,16,18,21,25,27],"killed_by":"Champ","ascension_level":0}