{"gold_per_floor":[114,45,45,57,57,57,86,86,86,86,103,117,127,17,17,112,112,130,147,71,89,101,136,136,155,155,21,21,36,62,62,62,165,165,180,195,70,82,98,98,126,126,202,221,0,12,12,12,12,12,12,12,12,40,40],"floor_reached":55,"playtime":3604,"items_purged":["Strike_G","Strike_G"],"score":893,"play_id":"e2ae2264-f033-49eb-b178-09cb2d7b7022","local_time":"20190101034617","is_ascension_mode":true,"campfire_choices":[{"data":"Blade Dance","floor":6,"key":"SMITH"},{"data":"Footwork","floor":10,"key":"SMITH"},{"data":"Cloak And Dagger","floor":15,"key":"SMITH"},{"floor":24,"key":"REST"},{"floor":32,"key":"REST"},{"floor":40,"key":"REST"},{"floor":42,"key":"RECALL"},{"data":"Accuracy","floor":47,"key":"SMITH"},{"floor":49,"key":"REST"},{"data":"Adrenaline","floor":52,"key":"SMITH"}],"neow_cost":"NONE","seed_source_timestamp":2085443086031448,"circlet_count":0,"master_deck":["Defend_G","Defend_G","Defend_G","Defend_G","Defend_G","Strike_G","Survivor","Neutralize","Blade Dance+1","Footwork+1","Accuracy+1","Blur","Cloak And Dagger+1","Accuracy","Storm of Steel","A Thousand Cuts","PiercingWail","Dodge and Roll","Terror","Infinite Blades","Well Laid Plans","Adrenaline+1","Acrobatics+1","Footwork+1","Cloak And Dagger+1","After Image","Calculated Gamble+1","Parasite","Deflect+1"],"relics":["Ring of the Snake","NeowsBlessing","Oddly Smooth Stone","Paper Crane","Matryoshka","WristBlade","Nunchaku","Art of War","Bottled Tornado","Snake Skull","Orrery","Bird Faced Urn","Red Mask","Bag of Preparation"],"potions_floor_usage":[8,21,23,30,38,41,41],"damage_taken":[{"damage":0,"enemies":"2 Louse","floor":1,"turns":1},{"damage":0,"enemies":"Jaw Worm","floor":4,"turns":1},{"damage":0,"enemies":"3 Sentries","floor":7,"turns":2},{"damage":0,"enemies":"Small Slimes","floor":11,"turns":5},{"damage":0,"enemies":"Red Slaver","floor":12,"turns":5},{"damage":6,"enemies":"Large Slime","floor":13,"turns":6},{"damage":28,"enemies":"Slime Boss","floor":16,"turns":12},{"damage":2,"enemies":"Shell Parasite","floor":18,"turns":4},{"damage":9,"enemies":"Spheric Guardian","floor":19,"turns":5},{"damage":10,"enemies":"Shelled Parasite and Fungi","floor":21,"turns":6},{"damage":16,"enemies":"3 Cultists","floor":22,"turns":6},{"damage":20,"enemies":"Slavers","floor":23,"turns":8},{"damage":0,"enemies":"Centurion and Healer","floor":25,"turns":5},{"damage":14,"enemies":"Colosseum Slavers","floor":28,"turns":7},{"damage":3,"enemies":"Shelled Parasite and Fungi","floor":29,"turns":6},{"damage":7,"enemies":"Book of Stabbing","floor":30,"turns":5},{"damage":38,"enemies":"Champ","floor":33,"turns":9},{"damage":12,"enemies":"Orb Walker","floor":35,"turns":5},{"damage":20,"enemies":"3 Shapes","floor":36,"turns":8},{"damage":16,"enemies":"Jaw Worm Horde","floor":38,"turns":6},{"damage":3,"enemies":"Writhing Mass","floor":39,"turns":6},{"damage":8,"enemies":"Reptomancer","floor":41,"turns":5},{"damage":0,"enemies":"4 Shapes","floor":44,"turns":6},{"damage":21,"enemies":"Sphere and 2 Shapes","floor":46,"turns":7},{"damage":30,"enemies":"Donu and Deca","floor":50,"turns":13},{"damage":19,"enemies":"Shield and Spear","floor":54,"turns":10},{"damage":85,"enemies":"The Heart","floor":55,"turns":5}],"seed_played":"7713468086752905035","potions_obtained":[{"floor":7,"key":"Fruit Juice"},{"floor":12,"key":"Regen Potion"},{"floor":22,"key":"SkillPotion"},{"floor":23,"key":"EssenceOfSteel"},{"floor":25,"key":"GhostInAJar"},{"floor":36,"key":"FearPotion"},{"floor":38,"key":"FearPotion"}],"is_trial":false,"path_per_floor":["M","$","?","M","?","R","E","?","T","R","M","M","M","$","R","B",null,"M","M","$","M","M","E","R","M","T","$","?","M","E","?","R","B",null,"M","M","$","M","M","R","E","R","T","M","?","M","R","?","R","B",null,"R","$","E","B"],"character_chosen":"THE_SILENT","items_purchased":["Footwork","Accuracy","A Thousand Cuts","Infinite Blades","After Image","PowerPotion"],"campfire_rested":4,"item_purchase_floors":[2,14,20,27,37,37],"current_hp_per_floor":[70,70,70,70,67,67,67,72,72,72,72,72,66,66,66,38,75,73,64,64,68,52,32,54,54,54,54,40,37,30,16,40,2,80,68,48,48,32,29,53,45,45,45,61,61,56,56,56,80,60,80,80,80,71,0],"gold":40,"neow_bonus":"THREE_ENEMY_KILL","is_prod":false,"is_daily":false,"chose_seed":false,"campfire_upgraded":5,"win_rate":0,"timestamp":1546310777,"path_taken":["M","$","?","M","?","R","E","?","T","R","M","M","M","$","R","BOSS","M","?","?","M","M","E","R","M","T","$","?","M","E","?","R","BOSS","M","M","$","M","M","R","E","R","T","M","?","M","R","?","R","BOSS","R","$","E","BOSS"],"build_version":"2018-12-20","purchased_purges":2,"victory":false,"max_hp_per_floor":[70,70,70,70,70,70,70,75,75,75,75,75,75,75,75,75,75,75,75,75,75,75,75,75,75,75,75,75,75,75,80,80,80,80,80,80,80,80,80,80,80,80,80,80,80,80,80,80,80,80,80,80,80,80,80],"card_choices":[{"not_picked":["Flying Knee","PiercingWail"],"picked":"Blade Dance","floor":1},{"not_picked":["Cloak And Dagger","Acrobatics"],"picked":"Accuracy","floor":4},{"not_picked":["Underhanded Strike","Dagger Spray","Acrobatics"],"picked":"SKIP","floor":7},{"not_picked":["Backstab","Dagger Throw"],"picked":"Blur","floor":11},{"not_picked":["Prepared","Choke"],"picked":"Cloak And Dagger","floor":12},{"not_picked":["Acrobatics","Calculated Gamble","PiercingWail"],"picked":"SKIP","floor":13},{"not_picked":["Corpse Explosion","Grand Finale"],"picked":"Storm of Steel","floor":16},{"not_picked":["Flechettes","Quick Slash","Dagger Throw+1"],"picked":"SKIP","floor":18},{"not_picked":["Dagger Spray","Quick Slash","Crippling Poison+1"],"picked":"SKIP","floor":19},{"not_picked":["Flying Knee","Deadly Poison","Flechettes"],"picked":"SKIP","floor":21},{"not_picked":["Eviscerate","Reflex"],"picked":"PiercingWail","floor":22},{"not_picked":["Setup","Skewer+1"],"picked":"Dodge and Roll","floor":23},{"not_picked":["Dodge and Roll+1","Accuracy"],"picked":"Terror","floor":25},{"not_picked":["Expertise+1","Acrobatics"],"picked":"Well Laid Plans","floor":29},{"not_picked":["Underhanded Strike","Bane","Masterful Stab+1"],"picked":"SKIP","floor":30},{"not_picked":["Envenom","Storm of Steel"],"picked":"Adrenaline","floor":33},{"not_picked":["PiercingWail+1","Crippling Poison"],"picked":"Acrobatics+1","floor":34},{"not_picked":["Calculated Gamble","Dagger Throw+1"],"picked":"Footwork+1","floor":35},{"not_picked":["Well Laid Plans","Outmaneuver+1"],"picked":"Cloak And Dagger+1","floor":36},{"not_picked":["Dagger Throw","Outmaneuver"],"picked":"Calculated Gamble+1","floor":38},{"not_picked":["Leg Sweep","Venomology","Reflex"],"picked":"SKIP","floor":39},{"not_picked":["Backflip+1","Flechettes+1"],"picked":"Deflect+1","floor":41},{"not_picked":["Dodge and Roll","Flying Knee","Acrobatics+1"],"picked":"SKIP","floor":44},{"not_picked":["Deadly Poison+1","Slice","Poisoned Stab+1"],"picked":"SKIP","floor":46},{"not_picked":["Leg Sweep","Deflect+1","PiercingWail"],"picked":"SKIP","floor":54}],"player_experience":641018,"relics_obtained":[{"floor":7,"key":"Paper Crane"},{"floor":9,"key":"Matryoshka"},{"floor":23,"key":"Nunchaku"},{"floor":26,"key":"Art of War"},{"floor":26,"key":"Bottled Tornado"},{"floor":30,"key":"Snake Skull"},{"floor":41,"key":"Bird Faced Urn"},{"floor":54,"key":"Bag of Preparation"}],"event_choices":[{"cards_removed":["Strike_G"],"damage_healed":0,"gold_gain":0,"player_choice":"Forget","damage_taken":0,"max_hp_gain":0,"max_hp_loss":0,"event_name":"Living Wall","floor":3,"gold_loss":0},{"damage_healed":0,"gold_gain":0,"player_choice":"Success","damage_taken":3,"relics_obtained":["Oddly Smooth Stone"],"max_hp_gain":0,"max_hp_loss":0,"event_name":"Scrap Ooze","floor":5,"gold_loss":0},{"cards_removed":["Strike_G"],"damage_healed":0,"gold_gain":0,"player_choice":"Purged","damage_taken":0,"max_hp_gain":0,"max_hp_loss":0,"event_name":"Purifier","floor":8,"gold_loss":0},{"damage_healed":0,"gold_gain":0,"player_choice":"Fight","damage_taken":0,"max_hp_gain":0,"max_hp_loss":0,"event_name":"Colosseum","floor":28,"gold_loss":0},{"damage_healed":0,"gold_gain":0,"player_choice":"Fled From Nobs","damage_taken":0,"max_hp_gain":0,"max_hp_loss":0,"event_name":"Colosseum","floor":28,"gold_loss":0},{"damage_healed":0,"gold_gain":0,"player_choice":"Shed Blood","damage_taken":19,"max_hp_gain":5,"max_hp_loss":0,"event_name":"Forgotten Altar","floor":31,"gold_loss":0},{"damage_healed":0,"gold_gain":0,"player_choice":"Paid","damage_taken":0,"relics_obtained":["Red Mask"],"max_hp_gain":0,"max_hp_loss":0,"event_name":"Tomb of Lord Red Mask","floor":45,"gold_loss":221},{"damage_healed":0,"gold_gain":0,"player_choice":"Memory 1","damage_taken":0,"max_hp_gain":0,"max_hp_loss":0,"event_name":"SensoryStone","floor":48,"gold_loss":0}],"is_beta":false,"boss_relics":[{"not_picked":["Astrolabe","White Beast Statue"],"picked":"WristBlade"},{"not_picked":["Calling Bell","Runic Dome"],"picked":"Orrery"}],"items_purged_floors":[14,27],"is_endless":false,"potions_floor_spawned":[7,12,22,23,25,36,38,39],"killed_by":"The Heart","ascension_level":4}