{"gold_per_floor":[118,134,146,0,18,52,52,68,68,68,101,101,1,1,1,106,106,120,140,163,173,190,190,224,224],"floor_reached":25,"playtime":1293,"items_purged":["Strike_B","Strike_B"],"score":268,"play_id":"5a5194d5-7579-4ed7-a5fb-685dd1fda5cc","local_time":"20180827190049","is_ascension_mode":true,"campfire_choices":[{"data":"Zap","floor":7,"key":"SMITH"},{"floor":12,"key":"REST"},{"data":"Auto Shields","floor":15,"key":"SMITH"},{"floor":23,"key":"REST"}],"neow_cost":"NONE","seed_source_timestamp":987192339017900,"circlet_count":0,"master_deck":["Strike_B","Defend_B","Defend_B","Defend_B","Defend_B+1","Zap+1","Dualcast","Genetic Algorithm","Streamline","FTL","Auto Shields+1","Hologram","Coolheaded+1","Leap","Parasite","All For One","Gash","Go for the Eyes","Conserve Battery+1","BootSequence"],"relics":["Cracked Core","Oddly Smooth Stone","Strawberry","Meat on the Bone","Regal Pillow","Inserter","War Paint","Frozen Egg 2"],"potions_floor_usage":[11,16,24,24,25],"damage_taken":[{"damage":0,"enemies":"Cultist","floor":1,"turns":3},{"damage":0,"enemies":"Jaw Worm","floor":2,"turns":4},{"damage":0,"enemies":"2 Louse","floor":3,"turns":2},{"damage":9,"enemies":"Exordium Thugs","floor":5,"turns":4},{"damage":14,"enemies":"3 Sentries","floor":6,"turns":8},{"damage":2,"enemies":"Blue Slaver","floor":8,"turns":3},{"damage":35,"enemies":"Gremlin Nob","floor":11,"turns":5},{"damage":32,"enemies":"Hexaghost","floor":16,"turns":13},{"damage":0,"enemies":"Chosen","floor":18,"turns":6},{"damage":34,"enemies":"2 Thieves","floor":19,"turns":4},{"damage":11,"enemies":"Cultist and Chosen","floor":21,"turns":7},{"damage":23,"enemies":"Snake Plant","floor":22,"turns":6},{"damage":74,"enemies":"Slavers","floor":24,"turns":8},{"damage":26,"enemies":"Snecko","floor":25,"turns":3}],"seed_played":"5543125409641338165","potions_obtained":[{"floor":3,"key":"EssenceOfSteel"},{"floor":8,"key":"AttackPotion"},{"floor":11,"key":"AttackPotion"},{"floor":21,"key":"Poison Potion"},{"floor":22,"key":"FocusPotion"}],"is_trial":false,"path_per_floor":["M","M","M","$","M","E","R","M","T","?","E","R","$","?","R","B",null,"M","M","T","M","M","R","E"],"character_chosen":"DEFECT","items_purchased":["Auto Shields"],"campfire_rested":2,"item_purchase_floors":[4],"current_hp_per_floor":[75,75,75,75,66,59,59,57,57,77,42,81,81,74,74,42,82,82,48,48,49,38,77,15,0],"gold":224,"neow_bonus":"RANDOM_COMMON_RELIC","is_prod":false,"is_daily":false,"chose_seed":false,"campfire_upgraded":2,"win_rate":0,"timestamp":1535367649,"path_taken":["M","?","M","$","M","E","R","M","T","?","E","R","$","?","R","BOSS","M","M","?","M","M","R","E","M"],"build_version":"2018-08-23v2","purchased_purges":2,"victory":false,"max_hp_per_floor":[75,75,75,75,75,82,82,82,82,82,82,82,82,82,82,82,82,82,82,82,82,82,82,82,82],"card_choices":[{"not_picked":["Steam","Lockon"],"picked":"Genetic Algorithm","floor":1},{"not_picked":["Turbo","Rebound"],"picked":"Streamline","floor":2},{"not_picked":["Sweeping Beam","Capacitor"],"picked":"FTL","floor":3},{"not_picked":["Go for the Eyes","Turbo"],"picked":"Hologram","floor":5},{"not_picked":["Redo","Multi-Cast"],"picked":"Coolheaded","floor":6},{"not_picked":["Turbo","Steam Power"],"picked":"Leap","floor":8},{"not_picked":["Turbo","Ball Lightning","Doom and Gloom"],"picked":"SKIP","floor":11},{"not_picked":["Buffer","Core Surge"],"picked":"All For One","floor":16},{"not_picked":["Ball Lightning","Conserve Battery"],"picked":"Gash","floor":18},{"not_picked":["Turbo","Beam Cell"],"picked":"Go for the Eyes","floor":19},{"not_picked":["Stack","Rebound"],"picked":"Conserve Battery+1","floor":21},{"not_picked":["Streamline","Compile Driver"],"picked":"BootSequence","floor":22},{"not_picked":["Barrage","Heatsinks","Redo"],"picked":"SKIP","floor":24}],"player_experience":306312,"relics_obtained":[{"floor":6,"key":"Strawberry"},{"floor":9,"key":"Meat on the Bone"},{"floor":11,"key":"Regal Pillow"},{"floor":20,"key":"War Paint"},{"floor":24,"key":"Frozen Egg 2"}],"event_choices":[{"event_name":"Mushrooms","player_choice":"Healed and dodged fight","floor":10,"damage_taken":0},{"event_name":"Golden Wing","player_choice":"Card Removal","floor":14,"damage_taken":0}],"is_beta":false,"boss_relics":[{"not_picked":["Velvet Choker","Cursed Key"],"picked":"Inserter"}],"items_purged_floors":[4,13],"is_endless":false,"potions_floor_spawned":[3,8,11,21,22],"killed_by":"Snecko","ascension_level":3}