{"gold_per_floor":[110,110,129,145,70,105,105,55,55,75,75,75,75,85,85,190,190,202,219,119,131,149,149,208,208,208,226,251,74,74,74],"floor_reached":31,"playtime":1612,"items_purged":["Strike_B","Strike_B","Parasite"],"score":314,"play_id":"9898dd64-6786-4c3a-8a1f-6e79a7e647d4","local_time":"20180730184625","is_ascension_mode":true,"campfire_choices":[{"floor":7,"key":"REST"},{"data":"Zap","floor":11,"key":"SMITH"},{"data":"Thunder Strike","floor":15,"key":"SMITH"},{"floor":23,"key":"REST"},{"floor":25,"key":"REST"}],"neow_cost":"","seed_source_timestamp":29788040841314,"circlet_count":0,"master_deck":["Strike_B","Defend_B+1","Defend_B","Defend_B","Defend_B","Zap+1","Dualcast+1","Go for the Eyes","Thunder Strike+1","Beam Cell","All For One+1","Go for the Eyes+1","Skim+1","BootSequence","Coolheaded"],"relics":["Cracked Core","Vajra","Molten Egg 2","Mango","Eternal Feather","Tiny Chest","Singing Bowl","StoneCalendar"],"potions_floor_usage":[28,28],"damage_taken":[{"damage":3,"enemies":"Jaw Worm","floor":1,"turns":4},{"damage":0,"enemies":"2 Louse","floor":3,"turns":2},{"damage":0,"enemies":"Cultist","floor":4,"turns":3},{"damage":23,"enemies":"3 Sentries","floor":6,"turns":11},{"damage":4,"enemies":"Blue Slaver","floor":10,"turns":3},{"damage":5,"enemies":"Looter","floor":14,"turns":3},{"damage":32,"enemies":"The Guardian","floor":16,"turns":12},{"damage":21,"enemies":"3 Byrds","floor":18,"turns":6},{"damage":14,"enemies":"2 Thieves","floor":19,"turns":4},{"damage":22,"enemies":"Snecko","floor":21,"turns":4},{"damage":21,"enemies":"Chosen and Byrds","floor":22,"turns":5},{"damage":9,"enemies":"Book of Stabbing","floor":24,"turns":5},{"damage":27,"enemies":"Cultist and Chosen","floor":27,"turns":7},{"damage":31,"enemies":"Slavers","floor":28,"turns":7},{"damage":16,"enemies":"Slaver and Parasite","floor":31,"turns":3}],"seed_played":"-1623788549388676112","potions_obtained":[{"floor":1,"key":"EssenceOfSteel"},{"floor":6,"key":"Dexterity Potion"},{"floor":16,"key":"Strength Potion"},{"floor":24,"key":"Weak Potion"}],"is_trial":false,"path_per_floor":["M","?","M","M","$","E","R","?","T","M","R","T","?","M","R","B",null,"M","M","$","M","M","R","E","R","T","M","E","$","?"],"character_chosen":"DEFECT","items_purchased":["Coolheaded"],"campfire_rested":3,"item_purchase_floors":[29],"current_hp_per_floor":[72,57,57,57,57,34,56,56,56,52,52,66,88,83,83,51,89,68,54,54,32,11,43,34,69,69,44,15,15,15,0],"gold":74,"neow_bonus":"","is_prod":false,"is_daily":false,"chose_seed":false,"campfire_upgraded":2,"win_rate":0,"timestamp":1532947585,"path_taken":["M","?","?","M","$","E","R","?","T","M","R","?","?","?","R","BOSS","M","M","$","M","M","R","E","R","T","M","E","$","?","?"],"build_version":"2018-07-26","purchased_purges":3,"victory":false,"max_hp_per_floor":[75,75,75,75,75,75,75,75,75,75,75,89,89,89,89,89,89,89,89,89,89,89,89,89,89,89,91,93,90,90,90],"card_choices":[{"not_picked":["Sunder","Rebound"],"picked":"Go for the Eyes","floor":1},{"not_picked":["Cold Snap","Steam Power","Reprogram"],"picked":"SKIP","floor":3},{"not_picked":["Leap","Streamline"],"picked":"Thunder Strike","floor":4},{"not_picked":["Stack","Creative AI"],"picked":"Beam Cell","floor":6},{"not_picked":["Hologram","Double Energy","Loop"],"picked":"SKIP","floor":10},{"not_picked":["Turbo","Rebound+1","Steam Power"],"picked":"SKIP","floor":14},{"not_picked":["Hyperbeam+1","Seek"],"picked":"All For One+1","floor":16},{"not_picked":["Compile Driver+1","Turbo+1"],"picked":"Go for the Eyes+1","floor":18},{"not_picked":["Stack+1","Rebound+1","Steam"],"picked":"SKIP","floor":19},{"not_picked":["Steam Power","Barrage+1"],"picked":"Skim+1","floor":21},{"not_picked":["Hologram","Steam","Sweeping Beam+1"],"picked":"SKIP","floor":22},{"not_picked":["Rip and Tear+1","Sweeping Beam+1"],"picked":"BootSequence","floor":24},{"not_picked":["Meteor Strike+1","Cold Snap+1","Sunder+1"],"picked":"Singing Bowl","floor":27},{"not_picked":["Hello World","Hologram","Turbo+1"],"picked":"Singing Bowl","floor":28}],"player_experience":131207,"relics_obtained":[{"floor":6,"key":"Vajra"},{"floor":9,"key":"Molten Egg 2"},{"floor":12,"key":"Mango"},{"floor":24,"key":"Tiny Chest"},{"floor":26,"key":"Singing Bowl"},{"floor":28,"key":"StoneCalendar"}],"event_choices":[{"event_name":"Shining Light","player_choice":"Entered Light","floor":2,"damage_taken":0},{"event_name":"The Cleric","player_choice":"Card Removal","floor":8,"damage_taken":0},{"event_name":"Mushrooms","player_choice":"Healed and dodged fight","floor":13,"damage_taken":0},{"event_name":"Cursed Tome","player_choice":"Ignored","floor":30,"damage_taken":0}],"is_beta":false,"boss_relics":[{"not_picked":["Snecko Eye","Pandora\u0027s Box"],"picked":"Eternal Feather"}],"items_purged_floors":[5,20,29],"is_endless":false,"potions_floor_spawned":[1,6,16,21,22,24],"killed_by":"Slaver and Parasite","ascension_level":1}