{"gold_per_floor":[113,130,20,20,20,20,43,43,43,55,88,88,117,117,117,222,222,236,254,271,291,304,304,304],"floor_reached":24,"playtime":1902,"items_purged":["Strike_G"],"score":313,"play_id":"60b373b7-9c29-42c0-beb2-d0a51837268c","local_time":"20190113125155","is_ascension_mode":true,"campfire_choices":[{"data":"Cloak And Dagger","floor":6.0,"key":"SMITH"},{"data":"Neutralize","floor":8.0,"key":"SMITH"},{"data":"Cloak And Dagger","floor":15.0,"key":"SMITH"},{"data":"Envenom","floor":23.0,"key":"SMITH"}],"neow_cost":"NONE","seed_source_timestamp":3156528956200967,"circlet_count":0,"master_deck":["Defend_G","Defend_G","Defend_G","Defend_G","Defend_G","Strike_G","Strike_G","Survivor","Neutralize+1","Cloak And Dagger+1","Well Laid Plans","Accuracy","Cloak And Dagger+1","Flechettes","Cloak And Dagger","A Thousand Cuts","Cloak And Dagger+1","Infinite Blades+1","Envenom+1","Dodge and Roll+1","Infinite Blades","Cloak And Dagger","PiercingWail+1","Accuracy","Footwork"],"special_seed":0,"relics":["Ring of the Snake","Bronze Scales","Bottled Tornado","Omamori","Prayer Wheel","WristBlade"],"potions_floor_usage":[],"damage_taken":[{"damage":18.0,"enemies":"Jaw Worm","floor":1.0,"turns":5.0},{"damage":0.0,"enemies":"Small Slimes","floor":2.0,"turns":5.0},{"damage":2.0,"enemies":"Cultist","floor":10.0,"turns":4.0},{"damage":28.0,"enemies":"Gremlin Nob","floor":11.0,"turns":5.0},{"damage":8.0,"enemies":"Lagavulin","floor":13.0,"turns":6.0},{"damage":5.0,"enemies":"Hexaghost","floor":16.0,"turns":9.0},{"damage":3.0,"enemies":"Shell Parasite","floor":18.0,"turns":5.0},{"damage":0.0,"enemies":"Spheric Guardian","floor":19.0,"turns":3.0},{"damage":4.0,"enemies":"Snake Plant","floor":20.0,"turns":4.0},{"damage":17.0,"enemies":"Shelled Parasite and Fungi","floor":21.0,"turns":5.0},{"damage":11.0,"enemies":"Centurion and Healer","floor":22.0,"turns":5.0},{"damage":32,"enemies":"Slavers","floor":24,"turns":2}],"seed_played":"6058929803957982231","potions_obtained":[{"floor":2.0,"key":"SkillPotion"},{"floor":13.0,"key":"Regen Potion"},{"floor":19.0,"key":"Block Potion"},{"floor":20.0,"key":"LiquidBronze"}],"is_trial":false,"path_per_floor":["M","M","$","?","?","R","T","R","T","M","E","$","E","?","R","B",null,"M","M","M","M","M","R","E"],"character_chosen":"THE_SILENT","items_purchased":["Accuracy"],"campfire_rested":0,"item_purchase_floors":[3],"current_hp_per_floor":[45,45,45,45,68,68,68,68,68,66,38,38,30,30,30,40,63,60,60,56,39,28,28,0],"gold":304,"neow_bonus":"REMOVE_CARD","is_prod":false,"is_daily":false,"chose_seed":false,"campfire_upgraded":4,"win_rate":0,"timestamp":1547380315,"path_taken":["M","M","$","?","?","R","?","R","T","M","E","$","E","?","R","BOSS","M","M","M","M","M","R","E"],"build_version":"2019-01-10","purchased_purges":1,"victory":false,"max_hp_per_floor":[70,70,70,70,70,70,70,70,70,70,70,70,70,70,70,70,70,70,70,70,70,70,70,70],"card_choices":[{"not_picked":["Expertise","Quick Slash"],"picked":"Cloak And Dagger","floor":1.0},{"not_picked":["Dodge and Roll","Flying Knee"],"picked":"Well Laid Plans","floor":2.0},{"not_picked":["Predator","Blur"],"picked":"Cloak And Dagger","floor":10.0},{"not_picked":["Masterful Stab","Dagger Throw"],"picked":"Flechettes","floor":11.0},{"not_picked":["Deflect","PiercingWail"],"picked":"Cloak And Dagger","floor":13.0},{"not_picked":["Malaise","Storm of Steel"],"picked":"A Thousand Cuts","floor":16.0},{"not_picked":["Infinite Blades","Dash"],"picked":"Cloak And Dagger+1","floor":18.0},{"not_picked":["Blade Dance","Bane"],"picked":"Infinite Blades+1","floor":18.0},{"not_picked":["Deflect","Dagger Spray+1"],"picked":"Envenom","floor":19.0},{"not_picked":["Flying Knee","Dagger Spray+1","Well Laid Plans"],"picked":"SKIP","floor":19.0},{"not_picked":["Distraction","Outmaneuver+1"],"picked":"Dodge and Roll+1","floor":20.0},{"not_picked":["Distraction","Acrobatics"],"picked":"Infinite Blades","floor":20.0},{"not_picked":["Slice","Backflip"],"picked":"Cloak And Dagger","floor":21.0},{"not_picked":["Prepared","Underhanded Strike"],"picked":"PiercingWail+1","floor":21.0},{"not_picked":["Dagger Spray","All Out Attack"],"picked":"Accuracy","floor":22.0},{"not_picked":["Tools of the Trade","Tactician+1"],"picked":"Footwork","floor":22.0}],"player_experience":724062,"relics_obtained":[{"floor":7.0,"key":"Bronze Scales"},{"floor":9.0,"key":"Bottled Tornado"},{"floor":11.0,"key":"Omamori"},{"floor":13.0,"key":"Prayer Wheel"}],"event_choices":[{"damage_healed":0.0,"max_hp_gain":0.0,"max_hp_loss":0.0,"gold_gain":0.0,"event_name":"The Cleric","player_choice":"Leave","floor":4.0,"gold_loss":0.0,"damage_taken":0.0},{"damage_healed":23.0,"max_hp_gain":0.0,"max_hp_loss":0.0,"gold_gain":0.0,"event_name":"Big Fish","player_choice":"Banana","floor":5.0,"gold_loss":0.0,"damage_taken":0.0},{"cards_removed":["Strike_G"],"damage_healed":0.0,"max_hp_gain":0.0,"max_hp_loss":0.0,"gold_gain":0.0,"event_name":"Wheel of Change","player_choice":"Card Removal","floor":14.0,"gold_loss":0.0,"damage_taken":0.0}],"is_beta":false,"boss_relics":[{"not_picked":["Coffee Dripper","Runic Dome"],"picked":"WristBlade"}],"items_purged_floors":[3],"is_endless":false,"potions_floor_spawned":[2,13,19,20],"killed_by":"Slavers","ascension_level":8}