{"gold_per_floor":[10,23,23,41,58,58,89,89,141,156,188,199,225,21,21,126,176,187,197,197,217,230,230,264,264,264,274,274,302,17,48,48,48],"floor_reached":33,"playtime":1264,"items_purged":[],"score":372,"play_id":"a5e7f380-2d09-44ec-84d1-f495ae41d2ba","local_time":"20181214153341","is_ascension_mode":true,"campfire_choices":[{"data":"Perfected Strike","floor":6,"key":"SMITH"},{"floor":15,"key":"REST"},{"data":"Heavy Blade","floor":23,"key":"SMITH"},{"floor":25,"key":"REST"},{"data":"Immolate","floor":28,"key":"SMITH"},{"data":"Apotheosis","floor":32,"key":"SMITH"}],"neow_cost":"NO_GOLD","seed_source_timestamp":15624645996593,"circlet_count":0,"master_deck":["Strike_R","Strike_R+1","Strike_R+1","Strike_R+1","Strike_R","Defend_R","Defend_R","Defend_R","Defend_R","Infernal Blade+1","Ghostly Armor","Seeing Red","Perfected Strike+1","Inflame+1","Wild Strike","Immolate+1","Heavy Blade+1","Armaments+1","Apotheosis+1"],"relics":["Burning Blood","Gremlin Horn","Bag of Marbles","Regal Pillow","Pear","Membership Card","Tiny House","Shuriken","Whetstone","Anchor","Boot","Molten Egg 2","Red Mask"],"potions_floor_usage":[7,11,19,24,24,29,33,33,33],"damage_taken":[{"damage":3,"enemies":"Small Slimes","floor":1,"turns":3},{"damage":0,"enemies":"2 Louse","floor":2,"turns":2},{"damage":0,"enemies":"Cultist","floor":4,"turns":4},{"damage":5,"enemies":"Looter","floor":5,"turns":4},{"damage":16,"enemies":"Gremlin Nob","floor":7,"turns":3},{"damage":2,"enemies":"Blue Slaver","floor":10,"turns":3},{"damage":17,"enemies":"3 Sentries","floor":11,"turns":5},{"damage":2,"enemies":"Exordium Thugs","floor":12,"turns":4},{"damage":21,"enemies":"Lagavulin","floor":13,"turns":7},{"damage":84,"enemies":"Slime Boss","floor":16,"turns":15},{"damage":5,"enemies":"2 Thieves","floor":18,"turns":2},{"damage":5,"enemies":"3 Byrds","floor":19,"turns":3},{"damage":0,"enemies":"Snake Plant","floor":21,"turns":2},{"damage":5,"enemies":"Cultist and Chosen","floor":22,"turns":4},{"damage":52,"enemies":"Book of Stabbing","floor":24,"turns":6},{"damage":33,"enemies":"Chosen and Byrds","floor":27,"turns":5},{"damage":10,"enemies":"Gremlin Leader","floor":29,"turns":5},{"damage":0,"enemies":"Masked Bandits","floor":31,"turns":1},{"damage":118,"enemies":"Champ","floor":33,"turns":12}],"seed_played":"-1329462499378951618","potions_obtained":[{"floor":4,"key":"EssenceOfSteel"},{"floor":5,"key":"FearPotion"},{"floor":7,"key":"Poison Potion"},{"floor":13,"key":"Poison Potion"},{"floor":17,"key":"SpeedPotion"},{"floor":21,"key":"Swift Potion"},{"floor":27,"key":"Explosive Potion"},{"floor":29,"key":"Energy Potion"},{"floor":31,"key":"Fire Potion"}],"is_trial":false,"path_per_floor":["M","M","?","M","M","R","E","?","T","M","E","M","E","$","R","B",null,"M","M","?","M","M","R","E","R","T","M","R","E","$","?","R","B"],"character_chosen":"IRONCLAD","items_purchased":["Membership Card","Apotheosis","Boot","Molten Egg 2"],"campfire_rested":2,"item_purchase_floors":[14,30,30,30],"current_hp_per_floor":[96,96,96,96,96,96,86,67,67,71,60,64,59,59,105,27,111,111,111,111,111,111,111,65,111,111,84,84,80,80,86,86,0],"gold":48,"neow_bonus":"TWENTY_PERCENT_HP_BONUS","is_prod":false,"is_daily":false,"chose_seed":false,"campfire_upgraded":4,"win_rate":0,"timestamp":1544798021,"path_taken":["M","M","?","M","M","R","E","?","T","M","E","M","E","$","R","BOSS","M","M","?","?","M","R","E","R","T","M","R","E","$","?","R","BOSS"],"build_version":"2018-12-13","purchased_purges":0,"victory":false,"max_hp_per_floor":[96,96,96,96,96,96,96,96,96,96,96,96,106,106,106,106,111,111,111,111,111,111,111,111,111,111,111,111,111,111,111,111,111],"card_choices":[{"not_picked":["Clash","Entrench"],"picked":"Infernal Blade","floor":1},{"not_picked":["Seeing Red","Thunderclap"],"picked":"Ghostly Armor","floor":2},{"not_picked":["Clash","Anger"],"picked":"Perfected Strike","floor":4},{"not_picked":["Infernal Blade","Headbutt","Combust"],"picked":"SKIP","floor":5},{"not_picked":["Infernal Blade","Body Slam"],"picked":"Inflame","floor":7},{"not_picked":["Dropkick","Rupture","Sword Boomerang"],"picked":"SKIP","floor":10},{"not_picked":["Uppercut","Body Slam","Burning Pact"],"picked":"SKIP","floor":11},{"not_picked":["Sever Soul","Bloodletting"],"picked":"Wild Strike","floor":12},{"not_picked":["Flex","Feel No Pain","Heavy Blade"],"picked":"SKIP","floor":13},{"not_picked":["Reaper","Feed"],"picked":"Immolate","floor":16},{"not_picked":["Pommel Strike","Clothesline"],"picked":"Heavy Blade","floor":18},{"not_picked":["Entrench","Whirlwind","Warcry"],"picked":"SKIP","floor":19},{"not_picked":["Dual Wield","Rage","Searing Blow+1"],"picked":"SKIP","floor":21},{"not_picked":["Clothesline+1","Pummel"],"picked":"Armaments+1","floor":22},{"not_picked":["Clash+1","Combust","True Grit+1"],"picked":"SKIP","floor":24},{"not_picked":["Evolve","Sword Boomerang+1","Shockwave"],"picked":"SKIP","floor":27},{"not_picked":["Havoc","Corruption","Clash+1"],"picked":"SKIP","floor":29}],"player_experience":173852,"relics_obtained":[{"floor":7,"key":"Gremlin Horn"},{"floor":9,"key":"Bag of Marbles"},{"floor":11,"key":"Regal Pillow"},{"floor":13,"key":"Pear"},{"floor":24,"key":"Shuriken"},{"floor":26,"key":"Whetstone"},{"floor":29,"key":"Anchor"},{"floor":31,"key":"Red Mask"}],"event_choices":[{"damage_healed":0,"gold_gain":0,"cards_transformed":["Bash"],"player_choice":"Change","damage_taken":0,"max_hp_gain":0,"max_hp_loss":0,"event_name":"Living Wall","floor":3,"gold_loss":0,"cards_obtained":["Seeing Red"]},{"damage_healed":0,"gold_gain":0,"player_choice":"Entered Light","damage_taken":19,"max_hp_gain":0,"max_hp_loss":0,"event_name":"Shining Light","floor":8,"gold_loss":0,"cards_upgraded":["Strike_R","Infernal Blade"]},{"damage_healed":0,"gold_gain":0,"player_choice":"Ignored","damage_taken":0,"max_hp_gain":0,"max_hp_loss":0,"event_name":"Purifier","floor":20,"gold_loss":0},{"damage_healed":0,"gold_gain":0,"player_choice":"Fought Bandits","damage_taken":0,"max_hp_gain":0,"max_hp_loss":0,"event_name":"Masked Bandits","floor":31,"gold_loss":0}],"is_beta":false,"boss_relics":[{"not_picked":["Philosopher\u0027s Stone","Ectoplasm"],"picked":"Tiny House"}],"items_purged_floors":[],"is_endless":false,"potions_floor_spawned":[4,5,7,13,21,27,29,31],"killed_by":"Champ","ascension_level":1}