{"gold_per_floor":[113,128,143,68,82,82,101,101,172,172,186,186,186,203,203,308,308,328,253,153,153,100,100,114,114,114,213,213,17,32,51,51,51],"floor_reached":33,"playtime":1376,"items_purged":["Strike_R","Strike_R","Bash"],"score":237,"play_id":"4ec77223-9e34-4218-890f-be1605122c23","local_time":"20180722082612","is_ascension_mode":false,"campfire_choices":[{"data":"Shrug It Off","floor":6,"key":"SMITH"},{"data":"Combust","floor":8,"key":"SMITH"},{"data":"Combust","floor":10,"key":"SMITH"},{"data":"Flex","floor":13,"key":"SMITH"},{"floor":15,"key":"REST"},{"floor":23,"key":"REST"},{"data":"Cleave","floor":25,"key":"SMITH"},{"data":"Warcry","floor":28,"key":"SMITH"},{"floor":32,"key":"REST"}],"neow_cost":"NONE","seed_source_timestamp":593822995872152,"circlet_count":0,"master_deck":["Defend_R","Defend_R","Defend_R","Defend_R","Combust+1","Thunderclap","Shrug It Off+1","Combust+1","Flex+1","Bloodletting","Warcry+1","Bludgeon","Armaments+1","Cleave+1","Clothesline+1","Hemokinesis"],"relics":["Burning Blood","Bottled Tornado","Eternal Feather","Kunai"],"potions_floor_usage":[16,33,33],"damage_taken":[{"damage":4,"enemies":"Cultist","floor":1,"turns":3},{"damage":7,"enemies":"Jaw Worm","floor":2,"turns":4},{"damage":8,"enemies":"Small Slimes","floor":3,"turns":3},{"damage":10,"enemies":"Red Slaver","floor":5,"turns":4},{"damage":7,"enemies":"Blue Slaver","floor":7,"turns":4},{"damage":2,"enemies":"2 Fungi Beasts","floor":11,"turns":3},{"damage":10,"enemies":"Looter","floor":14,"turns":2},{"damage":73,"enemies":"Hexaghost","floor":16,"turns":10},{"damage":48,"enemies":"Shell Parasite","floor":18,"turns":6},{"damage":13,"enemies":"Chosen","floor":24,"turns":5},{"damage":26,"enemies":"Centurion and Healer","floor":30,"turns":6},{"damage":17,"enemies":"3 Cultists","floor":31,"turns":4},{"damage":98,"enemies":"Champ","floor":33,"turns":9}],"seed_played":"-287636303456918124","potions_obtained":[{"floor":5,"key":"EssenceOfSteel"},{"floor":11,"key":"Explosive Potion"},{"floor":14,"key":"Block Potion"},{"floor":16,"key":"SkillPotion"},{"floor":30,"key":"Regen Potion"}],"is_trial":false,"path_per_floor":["M","M","M","$","M","R","M","R","T","R","M","?","R","M","R","B",null,"M","?","$","?","$","R","M","R","T","?","R","$","M","M","R"],"character_chosen":"IRONCLAD","items_purchased":["Cleave","Hemokinesis"],"campfire_rested":3,"item_purchase_floors":[22,29],"current_hp_per_floor":[80,79,77,77,73,73,72,72,72,72,76,69,69,65,80,13,80,38,38,38,38,38,71,64,73,73,73,80,80,60,49,80,0],"gold":51,"neow_bonus":"TRANSFORM_CARD","is_prod":false,"is_daily":false,"chose_seed":false,"campfire_upgraded":6,"win_rate":0.0,"timestamp":1532219172,"path_taken":["M","?","M","$","M","R","M","R","T","R","M","?","R","M","R","BOSS","M","?","$","?","?","R","M","R","T","?","R","$","M","?","R","BOSS"],"build_version":"2018-07-19v2","purchased_purges":3,"victory":false,"max_hp_per_floor":[80,80,80,80,80,80,80,80,80,80,80,80,80,80,80,80,80,80,80,80,80,80,80,80,80,80,80,80,80,80,80,80,80],"card_choices":[{"not_picked":["Clash","Flame Barrier"],"picked":"Thunderclap","floor":1},{"not_picked":["Heavy Blade","Anger"],"picked":"Shrug It Off","floor":2},{"not_picked":["Disarm","Armaments"],"picked":"Combust","floor":3},{"not_picked":["Corruption","Fire Breathing"],"picked":"Flex","floor":5},{"not_picked":["Power Through","Sever Soul","Juggernaut"],"picked":"SKIP","floor":7},{"not_picked":["Anger","Perfected Strike"],"picked":"Bloodletting","floor":11},{"not_picked":["Armaments","Whirlwind"],"picked":"Warcry","floor":14},{"not_picked":["Limit Break","Juggernaut"],"picked":"Bludgeon","floor":16},{"not_picked":["Shockwave","Inflame"],"picked":"Armaments+1","floor":18},{"not_picked":["Twin Strike","Body Slam+1"],"picked":"Clothesline+1","floor":24},{"not_picked":["Clash","Warcry","Armaments"],"picked":"SKIP","floor":30},{"not_picked":["Body Slam","Infernal Blade+1","Headbutt"],"picked":"SKIP","floor":31}],"player_experience":42979,"relics_obtained":[{"floor":9,"key":"Bottled Tornado"},{"floor":26,"key":"Kunai"}],"event_choices":[{"event_name":"Golden Wing","player_choice":"Card Removal","floor":12,"damage_taken":0},{"event_name":"Beggar","player_choice":"Gave Gold","floor":19,"damage_taken":0},{"event_name":"Vampires","player_choice":"Ignored","floor":21,"damage_taken":0},{"event_name":"Nest","player_choice":"Stole From Cult","floor":27,"damage_taken":0}],"is_beta":false,"boss_relics":[{"not_picked":["Fusion Hammer","Mark of Pain"],"picked":"Eternal Feather"}],"items_purged_floors":[4,20,29],"is_endless":false,"potions_floor_spawned":[5,11,14,16,18,30],"killed_by":"Champ","ascension_level":0}