{"gold_per_floor":[111,111,25,25,42,74,74,92,116,128,228,248,248],"floor_reached":13,"playtime":742,"items_purged":[],"score":85,"play_id":"2af7d3ac-05c9-436c-a410-85afad026f6d","local_time":"20190125151658","is_ascension_mode":false,"campfire_choices":[{"data":"Doppelganger","floor":7,"key":"SMITH"}],"neow_cost":"NONE","seed_source_timestamp":426797063698337,"circlet_count":0,"master_deck":["Defend_G","Defend_G","Defend_G","Defend_G","Strike_G","Strike_G","Strike_G","Strike_G","Survivor","Neutralize","Doppelganger+1","Deflect","Good Instincts","Choke","Calculated Gamble","Dodge and Roll","Deflect","Outmaneuver"],"relics":["Ring of the Snake","Orichalcum","Snake Skull"],"potions_floor_usage":[],"damage_taken":[{"damage":10,"enemies":"Small Slimes","floor":1,"turns":4},{"damage":0,"enemies":"2 Louse","floor":5,"turns":3},{"damage":15,"enemies":"3 Sentries","floor":6,"turns":15},{"damage":0,"enemies":"Cultist","floor":8,"turns":2},{"damage":0,"enemies":"Blue Slaver","floor":10,"turns":4},{"damage":13,"enemies":"Exordium Thugs","floor":12,"turns":9},{"damage":22,"enemies":"Gremlin Nob","floor":13,"turns":4}],"seed_played":"1811930965531336042","potions_obtained":[{"floor":8,"key":"Fire Potion"},{"floor":10,"key":"Energy Potion"}],"is_trial":false,"path_per_floor":["M","?","$","?","M","E","R","M","T","M","?","M","E"],"character_chosen":"THE_SILENT","items_purchased":["Good Instincts"],"campfire_rested":0,"item_purchase_floors":[3],"current_hp_per_floor":[60,60,60,60,60,45,45,45,45,45,45,32,10],"gold":248,"neow_bonus":"ONE_RANDOM_RARE_CARD","is_prod":false,"is_daily":false,"chose_seed":false,"campfire_upgraded":1,"win_rate":0.0,"timestamp":1548451018,"path_taken":["M","?","$","?","M","E","R","?","T","M","?","M","E"],"build_version":"2019-01-23","purchased_purges":0,"victory":false,"max_hp_per_floor":[70,70,70,70,70,70,70,70,70,70,70,70,70],"card_choices":[{"not_picked":["Eviscerate","Finisher"],"picked":"Deflect","floor":1},{"not_picked":["Footwork","Deadly Poison"],"picked":"Calculated Gamble","floor":5},{"not_picked":["Quick Slash","Crippling Poison"],"picked":"Dodge and Roll","floor":6},{"not_picked":["Tactician","Crippling Poison"],"picked":"Deflect","floor":8},{"not_picked":["Flechettes","PiercingWail","Tactician"],"picked":"SKIP","floor":10},{"not_picked":["Prepared","Slice"],"picked":"Outmaneuver","floor":12}],"player_experience":171058,"relics_obtained":[{"floor":6,"key":"Orichalcum"},{"floor":9,"key":"Snake Skull"}],"event_choices":[{"cards_removed":["Strike_G"],"damage_healed":0,"gold_gain":0,"player_choice":"Forget","damage_taken":0,"max_hp_gain":0,"max_hp_loss":0,"event_name":"Living Wall","floor":2,"gold_loss":0},{"damage_healed":0,"gold_gain":0,"cards_transformed":["Defend_G"],"player_choice":"Transformed","damage_taken":0,"max_hp_gain":0,"max_hp_loss":0,"event_name":"Transmorgrifier","floor":4,"gold_loss":0,"cards_obtained":["Choke"]},{"damage_healed":0,"gold_gain":100,"player_choice":"Pray","damage_taken":0,"max_hp_gain":0,"max_hp_loss":0,"event_name":"Golden Shrine","floor":11,"gold_loss":0}],"is_beta":false,"boss_relics":[],"items_purged_floors":[],"is_endless":false,"potions_floor_spawned":[8,10],"killed_by":"Gremlin Nob","ascension_level":0}