{"gold_per_floor":[112,187,207,207,219,219,230,230,230,59,59,86,103,116,116,217,217,227,227,127,142,69,96,107,107,107,107,119,134,148,163,163,163],"floor_reached":33,"playtime":2209,"items_purged":["Strike_B","Strike_B"],"score":285,"play_id":"14bb69d4-ec64-4d9a-964f-ef1115dcfcd2","local_time":"20180730192327","is_ascension_mode":true,"campfire_choices":[{"data":"Go for the Eyes","floor":6,"key":"SMITH"},{"data":"Redo","floor":8,"key":"SMITH"},{"data":"Defragment","floor":15,"key":"SMITH"},{"floor":25,"key":"REST"},{"floor":27,"key":"REST"},{"floor":32,"key":"REST"}],"neow_cost":"NONE","seed_source_timestamp":31412145432037,"circlet_count":0,"master_deck":["Strike_B","Strike_B","Defend_B","Defend_B","Defend_B","Defend_B","Zap+1","Dualcast","Conserve Battery+1","Go for the Eyes+1","Redo+1","Flash of Steel","Parasite","Glacier","Defragment+1","Rebound","Auto Shields","Coolheaded+1","Defragment","Streamline","Creative AI+1"],"relics":["Cracked Core","Dodecahedron","Kunai","Orrery","Frozen Egg 2","Bottled Flame"],"potions_floor_usage":[16,30,30],"damage_taken":[{"damage":1,"enemies":"2 Louse","floor":1,"turns":2},{"damage":6,"enemies":"Jaw Worm","floor":3,"turns":4},{"damage":1,"enemies":"Cultist","floor":5,"turns":4},{"damage":0,"enemies":"Blue Slaver","floor":7,"turns":3},{"damage":11,"enemies":"Lagavulin","floor":12,"turns":6},{"damage":0,"enemies":"Large Slime","floor":13,"turns":7},{"damage":0,"enemies":"3 Louse","floor":14,"turns":3},{"damage":50,"enemies":"Hexaghost","floor":16,"turns":15},{"damage":3,"enemies":"Spheric Guardian","floor":18,"turns":6},{"damage":0,"enemies":"Chosen","floor":21,"turns":7},{"damage":48,"enemies":"Slavers","floor":23,"turns":10},{"damage":7,"enemies":"Snake Plant","floor":24,"turns":6},{"damage":27,"enemies":"Cultist and Chosen","floor":28,"turns":8},{"damage":24,"enemies":"3 Cultists","floor":29,"turns":9},{"damage":4,"enemies":"Snake Plant","floor":30,"turns":5},{"damage":0,"enemies":"Centurion and Healer","floor":31,"turns":12},{"damage":61,"enemies":"Collector","floor":33,"turns":5}],"seed_played":"2649944826694969428","potions_obtained":[{"floor":1,"key":"Weak Potion"},{"floor":3,"key":"Ancient Potion"},{"floor":12,"key":"Ancient Potion"},{"floor":16,"key":"SkillPotion"},{"floor":29,"key":"Block Potion"},{"floor":30,"key":"FairyPotion"}],"is_trial":false,"path_per_floor":["M","?","M","?","M","R","M","R","T","$","?","E","M","M","R","B",null,"M","?","$","M","$","E","M","R","T","R","M","M","M","M","R"],"character_chosen":"DEFECT","items_purchased":["Flash of Steel","Defragment"],"campfire_rested":3,"item_purchase_floors":[10,22],"current_hp_per_floor":[74,63,57,57,56,56,56,56,56,56,74,63,63,63,63,13,75,72,72,72,72,72,24,17,39,39,61,34,10,6,6,28,0],"gold":163,"neow_bonus":"UPGRADE_CARD","is_prod":false,"is_daily":false,"chose_seed":false,"campfire_upgraded":3,"win_rate":0,"timestamp":1532949807,"path_taken":["M","?","M","?","M","R","M","R","T","$","?","E","M","?","R","BOSS","M","?","$","M","$","E","M","R","T","R","M","M","M","M","R","BOSS"],"build_version":"2018-07-26","purchased_purges":2,"victory":false,"max_hp_per_floor":[75,75,75,75,75,75,75,75,75,75,75,75,75,75,75,75,75,75,75,75,75,75,75,75,75,75,75,75,75,75,75,75,75],"card_choices":[{"not_picked":["Capacitor","Streamline"],"picked":"Conserve Battery","floor":1},{"not_picked":["Steam","Doom and Gloom","Reinforced Body"],"picked":"SKIP","floor":3},{"not_picked":["Sweeping Beam","Turbo"],"picked":"Go for the Eyes","floor":5},{"not_picked":["Blizzard","Turbo"],"picked":"Redo","floor":7},{"not_picked":["All For One","Aggregate"],"picked":"Glacier","floor":12},{"not_picked":["Sweeping Beam","Compile Driver"],"picked":"Defragment","floor":13},{"not_picked":["Hologram","Steam"],"picked":"Rebound","floor":14},{"not_picked":["Glacier","Seek"],"picked":"Auto Shields","floor":17},{"not_picked":["White Noise","Stack"],"picked":"Coolheaded+1","floor":18},{"not_picked":["Storm","Cold Snap","Redo+1"],"picked":"SKIP","floor":21},{"not_picked":["Redo","Chaos+1","Sweeping Beam"],"picked":"SKIP","floor":23},{"not_picked":["Barrage","Turbo"],"picked":"Streamline","floor":24},{"not_picked":["Beam Cell","Chaos","Steam+1"],"picked":"SKIP","floor":28},{"not_picked":["Coolheaded","Fusion","BootSequence"],"picked":"SKIP","floor":29},{"not_picked":["Recycle","Conserve Battery"],"picked":"Creative AI+1","floor":30},{"not_picked":["Stack+1","Undo","Beam Cell+1"],"picked":"SKIP","floor":31}],"player_experience":132819,"relics_obtained":[{"floor":9,"key":"Dodecahedron"},{"floor":12,"key":"Kunai"},{"floor":23,"key":"Frozen Egg 2"},{"floor":26,"key":"Bottled Flame"}],"event_choices":[{"event_name":"World of Goop","player_choice":"Gather Gold","floor":2,"damage_taken":0},{"event_name":"Accursed Blacksmith","player_choice":"Forge","floor":4,"damage_taken":0},{"event_name":"Mushrooms","player_choice":"Healed and dodged fight","floor":11,"damage_taken":0},{"event_name":"Vampires","player_choice":"Ignored","floor":19,"damage_taken":0}],"is_beta":false,"boss_relics":[{"not_picked":["Runic Pyramid","Snecko Eye"],"picked":"Orrery"}],"items_purged_floors":[10,20],"is_endless":false,"potions_floor_spawned":[1,3,12,13,16,21,28,29,30],"killed_by":"Collector","ascension_level":1}