{"gold_per_floor":[119,130,145,95,95,126,126,161,185,196,196,207,240,253,253,253],"floor_reached":16,"playtime":817,"items_purged":[],"score":128,"play_id":"9ef222d6-d0b4-455f-921c-edd58b96a30d","local_time":"20190123200401","is_ascension_mode":true,"campfire_choices":[{"floor":7,"key":"REST"},{"floor":15,"key":"REST"}],"neow_cost":"NONE","seed_source_timestamp":4737047405600,"circlet_count":0,"master_deck":["Defend_G","Defend_G","Defend_G","Defend_G","Defend_G+1","Strike_G","Strike_G+1","Strike_G+1","Strike_G","Survivor","Neutralize+1","Slice","Setup","Outmaneuver","Outmaneuver","Quick Slash","Prepared","Flying Knee","Outmaneuver","Acrobatics"],"relics":["White Beast Statue","Whetstone","Strawberry","PreservedInsect","Tingsha"],"potions_floor_usage":[6,6,8,8,12,13,13,16,16,16],"damage_taken":[{"damage":10,"enemies":"Small Slimes","floor":1,"turns":4},{"damage":0,"enemies":"Jaw Worm","floor":2,"turns":3},{"damage":4,"enemies":"Cultist","floor":3,"turns":4},{"damage":31,"enemies":"3 Sentries","floor":6,"turns":14},{"damage":9,"enemies":"Lagavulin","floor":8,"turns":9},{"damage":8,"enemies":"Blue Slaver","floor":10,"turns":5},{"damage":0,"enemies":"3 Louse","floor":12,"turns":2},{"damage":4,"enemies":"Gremlin Nob","floor":13,"turns":3},{"damage":12,"enemies":"Exordium Wildlife","floor":14,"turns":10},{"damage":34,"enemies":"Hexaghost","floor":16,"turns":14}],"seed_played":"5169963839033031970","potions_obtained":[{"floor":1,"key":"Block Potion"},{"floor":2,"key":"Fire Potion"},{"floor":3,"key":"Block Potion"},{"floor":6,"key":"SkillPotion"},{"floor":8,"key":"Dexterity Potion"},{"floor":10,"key":"AttackPotion"},{"floor":11,"key":"Fire Potion"},{"floor":12,"key":"AttackPotion"},{"floor":13,"key":"Poison Potion"},{"floor":14,"key":"SkillPotion"}],"is_trial":false,"path_per_floor":["M","M","M","?","?","E","R","E","T","M","?","M","E","M","R","B"],"character_chosen":"THE_SILENT","items_purchased":[],"campfire_rested":2,"item_purchase_floors":[],"current_hp_per_floor":[60,60,56,56,42,11,32,30,30,22,22,22,18,6,29,0],"gold":253,"neow_bonus":"BOSS_RELIC","is_prod":false,"is_daily":false,"chose_seed":false,"campfire_upgraded":0,"win_rate":0,"timestamp":1548302641,"path_taken":["M","M","M","?","?","E","R","E","T","M","?","?","E","M","R","BOSS"],"build_version":"2019-01-23","purchased_purges":0,"victory":false,"max_hp_per_floor":[70,70,70,70,70,70,70,77,77,77,77,77,77,77,77,77],"card_choices":[{"not_picked":["Dodge and Roll","PiercingWail"],"picked":"Slice","floor":1},{"not_picked":["Eviscerate","Crippling Poison"],"picked":"Setup","floor":2},{"not_picked":["Well Laid Plans","Prepared"],"picked":"Outmaneuver","floor":3},{"not_picked":["Bouncing Flask","Prepared"],"picked":"Outmaneuver","floor":6},{"not_picked":["All Out Attack","Leg Sweep"],"picked":"Quick Slash","floor":8},{"not_picked":["Catalyst","Setup"],"picked":"Prepared","floor":10},{"not_picked":["Dagger Spray","Sucker Punch"],"picked":"Flying Knee","floor":12},{"not_picked":["PiercingWail","Reflex"],"picked":"Outmaneuver","floor":13},{"not_picked":["Caltrops","Reflex"],"picked":"Acrobatics","floor":14}],"player_experience":56975,"relics_obtained":[{"floor":6,"key":"Whetstone"},{"floor":8,"key":"Strawberry"},{"floor":9,"key":"PreservedInsect"},{"floor":13,"key":"Tingsha"}],"event_choices":[{"cards_removed":["Strike_G"],"damage_healed":0,"gold_gain":0,"player_choice":"Card Removal","damage_taken":0,"max_hp_gain":0,"max_hp_loss":0,"event_name":"The Cleric","floor":4,"gold_loss":50},{"damage_healed":0,"gold_gain":0,"player_choice":"Entered Light","damage_taken":14,"max_hp_gain":0,"max_hp_loss":0,"event_name":"Shining Light","floor":5,"gold_loss":0,"cards_upgraded":["Defend_G","Neutralize"]},{"damage_healed":0,"gold_gain":0,"player_choice":"Got Potions","damage_taken":0,"max_hp_gain":0,"max_hp_loss":0,"event_name":"Lab","floor":11,"gold_loss":0}],"is_beta":false,"boss_relics":[],"items_purged_floors":[],"is_endless":false,"potions_floor_spawned":[1,2,3,6,8,10,12,13,14],"killed_by":"Hexaghost","ascension_level":1}