{"path_per_floor":["M","?","M","M","$","R","M","E","T","M"],"character_chosen":"DEFECT","items_purchased":["Tempest"],"gold_per_floor":[117,117,134,144,63,63,77,105,105,122,122],"floor_reached":11,"campfire_rested":0,"playtime":615,"item_purchase_floors":[],"current_hp_per_floor":[74,74,74,62,62,62,51,29,29,24,24],"items_purged":[],"gold":122,"score":75,"play_id":"8ab49c24-1406-4464-8930-47533e9fa974","local_time":"20180615163408","is_prod":false,"is_daily":false,"chose_seed":false,"is_ascension_mode":false,"campfire_upgraded":1,"win_rate":0.0,"timestamp":1529073248,"campfire_choices":[{"data":"Zap","floor":6.0,"key":"SMITH"}],"path_taken":["M","?","M","M","$","R","M","E","T","M","E"],"build_version":"2018-06-14v2","seed_source_timestamp":0,"purchased_purges":0,"victory":false,"master_deck":["Strike_B","Strike_B","Strike_B","Strike_B","Defend_B","Defend_B","Defend_B","Zap+1","Dualcast","Ball Lightning","Barrage","Redo","Tempest","Conserve Battery","Double Energy"],"max_hp_per_floor":[75,75,75,75,75,75,75,75,75,75,75],"special_seed":0,"relics":["Cracked Core","Incense Burner","Torii"],"card_choices":[{"not_picked":["Streamline","Hologram"],"picked":"Ball Lightning","floor":1.0},{"not_picked":["Scrape","Blizzard"],"picked":"Barrage","floor":3.0},{"not_picked":["Barrage","Heatsinks"],"picked":"Redo","floor":4.0},{"not_picked":["Stack","Leap"],"picked":"Conserve Battery","floor":7.0},{"not_picked":["Go for the Eyes","Ball Lightning"],"picked":"Double Energy","floor":8.0},{"not_picked":["Coolheaded","Consume","Hologram"],"picked":"SKIP","floor":10},{"not_picked":["Coolheaded","Consume","Hologram"],"picked":"SKIP","floor":10}],"player_experience":16858,"potions_floor_usage":[],"damage_taken":[{"damage":1.0,"enemies":"Jaw Worm","floor":1.0,"turns":4.0},{"damage":0.0,"enemies":"Cultist","floor":3.0,"turns":3.0},{"damage":12.0,"enemies":"Small Slimes","floor":4.0,"turns":3.0},{"damage":11.0,"enemies":"Exordium Thugs","floor":7.0,"turns":4.0},{"damage":22.0,"enemies":"3 Sentries","floor":8.0,"turns":5.0},{"damage":5.0,"enemies":"Lots of Slimes","floor":10.0,"turns":4.0},{"damage":0,"enemies":"Gremlin Nob","floor":11,"turns":1}],"relics_obtained":[{"floor":8.0,"key":"Incense Burner"},{"floor":9.0,"key":"Torii"}],"event_choices":[{"event_name":"Purifier","player_choice":"One Purge","floor":2.0,"damage_taken":0.0}],"boss_relics":[],"items_purged_floors":[],"is_endless":false,"potions_floor_spawned":[4,7,8,10],"seed_played":"-4133424001111103888","killed_by":"Gremlin Nob","ascension_level":0,"potions_obtained":[{"floor":4.0,"key":"Block Potion"},{"floor":7.0,"key":"Ancient Potion"},{"floor":8.0,"key":"Poison Potion"},{"floor":10,"key":"Block Potion"}],"is_trial":false}