{"gold_per_floor":[111,111,128,53,53,84,84,84,111,111,127,144,213,241,241,337,337,349,362,264,264],"floor_reached":21,"playtime":1507,"items_purged":["Strike_R","Strike_R"],"score":223,"play_id":"15e94e62-87bb-4d0a-a3c2-7a81cd70912f","local_time":"20180805223532","is_ascension_mode":true,"campfire_choices":[{"data":"True Grit","floor":7,"key":"SMITH"},{"data":"Warcry","floor":10,"key":"SMITH"},{"data":"True Grit","floor":15,"key":"SMITH"}],"neow_cost":"NONE","seed_source_timestamp":562023254829971,"circlet_count":0,"master_deck":["Strike_R","Strike_R","Strike_R","Defend_R","Defend_R","Defend_R","Defend_R","Bash","Warcry+1","True Grit+1","Evolve","Pommel Strike","True Grit+1","Cleave+1","Shrug It Off"],"relics":["Burning Blood","NeowsBlessing","Dodecahedron","Bag of Marbles","Pear","Smiling Mask"],"potions_floor_usage":[16,19,21],"damage_taken":[{"damage":0,"enemies":"Cultist","floor":1,"turns":1},{"damage":0,"enemies":"2 Louse","floor":3,"turns":1},{"damage":0,"enemies":"Lagavulin","floor":6,"turns":1},{"damage":2,"enemies":"Small Slimes","floor":11,"turns":3},{"damage":0,"enemies":"Looter","floor":12,"turns":3},{"damage":8,"enemies":"3 Sentries","floor":14,"turns":15},{"damage":46,"enemies":"Slime Boss","floor":16,"turns":15},{"damage":55,"enemies":"Shell Parasite","floor":18,"turns":16},{"damage":38,"enemies":"3 Byrds","floor":19,"turns":10},{"damage":15,"enemies":"Sentry and Sphere","floor":21,"turns":4}],"seed_played":"-6734201782419607990","potions_obtained":[{"floor":2,"key":"Strength Potion"},{"floor":2,"key":"Energy Potion"},{"floor":2,"key":"SmokeBomb"},{"floor":3,"key":"PowerPotion"},{"floor":18,"key":"SkillPotion"}],"is_trial":false,"path_per_floor":["M","?","M","$","$","E","R","?","T","R","M","M","T","E","R","B",null,"M","M","$"],"character_chosen":"IRONCLAD","items_purchased":["Shrug It Off"],"campfire_rested":0,"item_purchase_floors":[20],"current_hp_per_floor":[80,80,80,80,80,80,80,80,80,80,80,80,90,88,88,48,90,41,9,9,0],"gold":264,"neow_bonus":"THREE_ENEMY_KILL","is_prod":false,"is_daily":false,"chose_seed":false,"campfire_upgraded":3,"win_rate":0,"timestamp":1533479732,"path_taken":["M","?","M","?","$","E","R","?","T","R","M","M","?","E","R","BOSS","M","M","$","M"],"build_version":"2018-08-02","purchased_purges":2,"victory":false,"max_hp_per_floor":[80,80,80,80,80,80,80,80,80,80,80,80,90,90,90,90,90,90,90,90,90],"card_choices":[{"not_picked":["Clash","Armaments"],"picked":"Warcry","floor":1},{"not_picked":["Clash","Armaments"],"picked":"True Grit","floor":3},{"not_picked":["Reckless Charge","True Grit"],"picked":"Evolve","floor":6},{"not_picked":["Anger","Dual Wield"],"picked":"Pommel Strike","floor":11},{"not_picked":["Reaper","Clash"],"picked":"True Grit","floor":12},{"not_picked":["Havoc","Wild Strike","Corruption"],"picked":"SKIP","floor":14},{"not_picked":["Reckless Charge+1","Warcry+1","Sword Boomerang"],"picked":"SKIP","floor":18},{"not_picked":["Intimidate+1","Flame Barrier"],"picked":"Cleave+1","floor":19}],"player_experience":206200,"relics_obtained":[{"floor":6,"key":"Dodecahedron"},{"floor":9,"key":"Bag of Marbles"},{"floor":13,"key":"Pear"},{"floor":14,"key":"Smiling Mask"}],"event_choices":[{"event_name":"The Lab","player_choice":"Got Potions","floor":2,"damage_taken":0},{"event_name":"Liars Game","player_choice":"disagreed","floor":8,"damage_taken":0}],"is_beta":false,"boss_relics":[{"not_picked":["Philosopher\u0027s Stone","Runic Pyramid","Cursed Key"]}],"items_purged_floors":[4,20],"is_endless":false,"potions_floor_spawned":[3,6,12,18],"killed_by":"Sentry and Sphere","ascension_level":1}