{"gold_per_floor":[118,118,130,147,147,147,159,159,159,177,211,211,136,148,148,243,273,286,299,299,75,92,92,92],"floor_reached":24,"playtime":1015,"items_purged":["Injury","Writhe"],"score":342,"play_id":"ccd96d82-b3e4-41d5-8562-0d17bc733ab2","local_time":"20190123163001","is_ascension_mode":true,"campfire_choices":[{"data":"Spot Weakness","floor":6.0,"key":"SMITH"},{"data":"Body Slam","floor":8.0,"key":"SMITH"},{"data":"Barricade","floor":15.0,"key":"SMITH"}],"neow_cost":"CURSE","seed_source_timestamp":0,"circlet_count":0,"master_deck":["AscendersBane","Defend_R","Defend_R","Defend_R","Defend_R","Bash+1","Pommel Strike","Power Through","Spot Weakness+1","Body Slam+1","Barricade+1","Entrench","Immolate","Parasite","Injury","Heavy Blade+1","Body Slam+1","Bite","Bite","Bite","Bite","Bite","Burning Pact"],"special_seed":0,"relics":["Burning Blood","Dead Branch","Self Forming Clay","Blue Candle","Red Skull","Calling Bell","Tiny Chest","Meat on the Bone","Mango"],"potions_floor_usage":[24,24],"damage_taken":[{"damage":8.0,"enemies":"Small Slimes","floor":1.0,"turns":3.0},{"damage":7.0,"enemies":"Jaw Worm","floor":3.0,"turns":3.0},{"damage":1.0,"enemies":"Cultist","floor":4.0,"turns":3.0},{"damage":0.0,"enemies":"2 Fungi Beasts","floor":7.0,"turns":2.0},{"damage":11.0,"enemies":"Looter","floor":10.0,"turns":2.0},{"damage":15.0,"enemies":"Lagavulin","floor":11.0,"turns":5.0},{"damage":7.0,"enemies":"Large Slime","floor":14.0,"turns":5.0},{"damage":38.0,"enemies":"The Guardian","floor":16.0,"turns":11.0},{"damage":22,"enemies":"Spheric Guardian","floor":18,"turns":6},{"damage":12,"enemies":"Chosen","floor":19,"turns":5},{"damage":47,"enemies":"Centurion and Healer","floor":22,"turns":6},{"damage":32,"enemies":"Colosseum Slavers","floor":23,"turns":5},{"damage":32,"enemies":"Gremlin Leader","floor":24,"turns":2}],"seed_played":"3337605628635153013","potions_obtained":[{"floor":3.0,"key":"AttackPotion"},{"floor":4.0,"key":"LiquidBronze"},{"floor":11.0,"key":"AttackPotion"},{"floor":14.0,"key":"LiquidBronze"}],"is_trial":false,"path_per_floor":["M","?","M","M","?","R","M","R","T","M","E","?","$","M","R","B",null,"M","M","?","$","M","?","E"],"character_chosen":"IRONCLAD","items_purchased":["Burning Pact","Strength Potion"],"campfire_rested":0,"item_purchase_floors":[21,21],"current_hp_per_floor":[70,70,69,74,74,74,80,80,80,75,66,54,54,53,53,21,79,63,57,57,57,36,28,0],"gold":92,"neow_bonus":"ONE_RARE_RELIC","is_prod":false,"is_daily":false,"chose_seed":false,"campfire_upgraded":3,"win_rate":0,"timestamp":1548257401,"path_taken":["M","?","M","M","?","R","M","R","T","?","E","?","$","M","R","BOSS","M","M","?","$","M","?","E"],"build_version":"2019-01-17v2","purchased_purges":2,"victory":false,"max_hp_per_floor":[80,80,80,80,80,80,80,80,80,80,80,80,80,80,80,80,94,94,94,65,65,65,65,65],"card_choices":[{"not_picked":["Hemokinesis","Thunderclap"],"picked":"Pommel Strike","floor":1.0},{"not_picked":["Armaments","True Grit"],"picked":"Power Through","floor":3.0},{"not_picked":["True Grit","Warcry"],"picked":"Spot Weakness","floor":4.0},{"not_picked":["True Grit","Warcry"],"picked":"Body Slam","floor":7.0},{"not_picked":["Anger","Perfected Strike"],"picked":"Barricade","floor":10.0},{"not_picked":["Dual Wield","True Grit","Thunderclap"],"picked":"SKIP","floor":11.0},{"not_picked":["Clash","Warcry"],"picked":"Entrench","floor":14.0},{"not_picked":["Berserk","Double Tap"],"picked":"Immolate","floor":16.0},{"not_picked":["Dual Wield","Warcry"],"picked":"Heavy Blade+1","floor":18},{"not_picked":["Rampage+1","Twin Strike"],"picked":"Body Slam+1","floor":19},{"not_picked":["Burning Pact+1","Rupture+1","Warcry"],"picked":"SKIP","floor":22}],"player_experience":278520,"relics_obtained":[{"floor":9.0,"key":"Self Forming Clay"},{"floor":11.0,"key":"Blue Candle"},{"floor":17,"key":"Tiny Chest"},{"floor":17,"key":"Meat on the Bone"},{"floor":17,"key":"Mango"}],"event_choices":[{"damage_healed":0.0,"max_hp_gain":0.0,"max_hp_loss":0.0,"gold_gain":0.0,"event_name":"Living Wall","player_choice":"Grow","floor":2.0,"gold_loss":0.0,"damage_taken":0.0,"cards_upgraded":["Bash"]},{"damage_healed":0.0,"max_hp_gain":0.0,"max_hp_loss":0.0,"gold_gain":0.0,"event_name":"The Woman in Blue","player_choice":"Bought 0 Potions","floor":5.0,"gold_loss":0.0,"damage_taken":0.0},{"damage_healed":0.0,"max_hp_gain":0.0,"max_hp_loss":0.0,"gold_gain":0.0,"event_name":"Scrap Ooze","player_choice":"Success","floor":12.0,"gold_loss":0.0,"damage_taken":12.0,"relics_obtained":["Red Skull"]},{"damage_healed":0,"gold_gain":0,"player_choice":"Became a vampire","damage_taken":0,"max_hp_gain":0,"max_hp_loss":29,"event_name":"Vampires","floor":20,"gold_loss":0,"cards_obtained":["Bite","Bite","Bite","Bite","Bite"]},{"damage_healed":0,"gold_gain":0,"player_choice":"Fight","damage_taken":0,"max_hp_gain":0,"max_hp_loss":0,"event_name":"Colosseum","floor":23,"gold_loss":0},{"damage_healed":0,"gold_gain":0,"player_choice":"Fled From Nobs","damage_taken":0,"max_hp_gain":0,"max_hp_loss":0,"event_name":"Colosseum","floor":23,"gold_loss":0}],"is_beta":false,"boss_relics":[{"not_picked":["Eternal Feather","Lizard Tail"],"picked":"Calling Bell"}],"items_purged_floors":[13,21],"is_endless":false,"potions_floor_spawned":[3,4,11,14,16,19],"killed_by":"Gremlin Leader","ascension_level":12}