{"gold_per_floor":[114,124,9,23,35,35,49,49,72,85,143,174,174,174,174,270,270,270,230,230,230,230,230,180,180,180,180,180,180,180,180,180,180],"floor_reached":33,"playtime":2099,"items_purged":["Strike_G"],"score":271,"play_id":"48e9e53c-e4e8-420b-aacf-6398d5afdcaf","local_time":"20190105162333","is_ascension_mode":false,"campfire_choices":[{"data":"Noxious Fumes","floor":6,"key":"SMITH"},{"data":"Prepared","floor":8,"key":"SMITH"},{"data":"Backflip","floor":13,"key":"SMITH"},{"data":"Survivor","floor":15,"key":"SMITH"},{"data":"Dash","floor":23,"key":"SMITH"},{"floor":29,"key":"REST"},{"floor":32,"key":"REST"}],"neow_cost":"NONE","seed_source_timestamp":85758219699951,"circlet_count":0,"master_deck":["Defend_G","Defend_G","Defend_G","Defend_G","Defend_G","Strike_G","Strike_G","Strike_G","Strike_G","Survivor+1","Neutralize+1","Dagger Throw","Noxious Fumes+1","Prepared+1","Quick Slash","Underhanded Strike","Slice","Backflip+1","Unload+1","PiercingWail","Eviscerate","Dash+1","Backflip","Burst","Prepared+1","All Out Attack"],"relics":["Ring of the Snake","Lantern","Ectoplasm","Mummified Hand","Centennial Puzzle"],"potions_floor_usage":[27,33,33],"damage_taken":[{"damage":1,"enemies":"Jaw Worm","floor":1,"turns":5},{"damage":4,"enemies":"Small Slimes","floor":2,"turns":5},{"damage":0,"enemies":"Cultist","floor":4,"turns":3},{"damage":5,"enemies":"3 Louse","floor":5,"turns":4},{"damage":7,"enemies":"Gremlin Gang","floor":7,"turns":6},{"damage":5,"enemies":"2 Fungi Beasts","floor":10,"turns":4},{"damage":17,"enemies":"3 Sentries","floor":12,"turns":7},{"damage":13,"enemies":"The Guardian","floor":16,"turns":12},{"damage":16,"enemies":"Shell Parasite","floor":18,"turns":4},{"damage":0,"enemies":"3 Byrds","floor":20,"turns":4},{"damage":7,"enemies":"Centurion and Healer","floor":21,"turns":7},{"damage":8,"enemies":"Sentry and Sphere","floor":25,"turns":6},{"damage":11,"enemies":"Gremlin Leader","floor":27,"turns":10},{"damage":12,"enemies":"Shelled Parasite and Fungi","floor":28,"turns":4},{"damage":11,"enemies":"3 Cultists","floor":30,"turns":5},{"damage":1,"enemies":"Snake Plant","floor":31,"turns":5},{"damage":46,"enemies":"Automaton","floor":33,"turns":8}],"seed_played":"-6628956184823596247","potions_obtained":[{"floor":1,"key":"EntropicBrew"},{"floor":7,"key":"AttackPotion"},{"floor":12,"key":"SteroidPotion"},{"floor":21,"key":"GhostInAJar"},{"floor":27,"key":"Dexterity Potion"}],"is_trial":false,"path_per_floor":["M","M","$","M","M","R","M","R","T","M","?","E","R","?","R","B",null,"M","?","M","M","$","R","?","M","T","E","M","R","M","M","R","B"],"character_chosen":"THE_SILENT","items_purchased":["Noxious Fumes"],"campfire_rested":2,"item_purchase_floors":[3],"current_hp_per_floor":[69,65,65,65,60,60,53,53,53,48,48,31,31,54,54,41,70,54,54,54,47,47,47,47,39,39,28,16,37,26,25,46,0],"gold":180,"neow_bonus":"UPGRADE_CARD","is_prod":false,"is_daily":false,"chose_seed":false,"campfire_upgraded":5,"win_rate":0,"timestamp":1546676613,"path_taken":["M","M","$","M","M","R","M","R","T","M","?","E","R","?","R","BOSS","M","?","?","M","$","R","?","M","T","E","M","R","M","M","R","BOSS"],"build_version":"2019-01-03v4","purchased_purges":1,"victory":false,"max_hp_per_floor":[70,70,70,70,70,70,70,70,70,70,70,70,70,70,70,70,70,70,70,70,70,70,70,70,70,70,70,70,70,70,70,70,70],"card_choices":[{"not_picked":["Skewer","Acrobatics"],"picked":"Dagger Throw","floor":1},{"not_picked":["Deflect","Acrobatics","Concentrate"],"picked":"SKIP","floor":2},{"not_picked":["Acrobatics","Quick Slash"],"picked":"Prepared","floor":4},{"not_picked":["Setup","Well Laid Plans"],"picked":"Quick Slash","floor":5},{"not_picked":["Predator","Outmaneuver"],"picked":"Underhanded Strike","floor":7},{"not_picked":["Outmaneuver","Deadly Poison"],"picked":"Slice","floor":10},{"not_picked":["Deadly Poison","Cloak And Dagger"],"picked":"Backflip","floor":12},{"not_picked":["Phantasmal Killer","After Image"],"picked":"Unload","floor":16},{"not_picked":["Calculated Gamble","Backflip"],"picked":"PiercingWail","floor":18},{"not_picked":["Poisoned Stab+1","Endless Agony"],"picked":"Eviscerate","floor":20},{"not_picked":["Crippling Poison","Slice"],"picked":"Dash","floor":21},{"not_picked":["Slice+1","Distraction+1"],"picked":"Backflip","floor":25},{"not_picked":["Catalyst","Underhanded Strike+1"],"picked":"Burst","floor":27},{"not_picked":["Deflect","Flechettes"],"picked":"Prepared+1","floor":28},{"not_picked":["Flying Knee","Crippling Poison"],"picked":"All Out Attack","floor":30},{"not_picked":["Poisoned Stab","Dodge and Roll","Unload"],"picked":"SKIP","floor":31}],"player_experience":584744,"relics_obtained":[{"floor":12,"key":"Lantern"},{"floor":26,"key":"Mummified Hand"},{"floor":27,"key":"Centennial Puzzle"}],"event_choices":[{"damage_healed":0,"gold_gain":58,"player_choice":"Gained Gold","damage_taken":0,"max_hp_gain":0,"max_hp_loss":0,"event_name":"Golden Wing","floor":11,"gold_loss":0},{"damage_healed":23,"gold_gain":0,"player_choice":"Banana","damage_taken":0,"max_hp_gain":0,"max_hp_loss":0,"event_name":"Big Fish","floor":14,"gold_loss":0},{"damage_healed":0,"gold_gain":0,"player_choice":"Upgrade","damage_taken":0,"max_hp_gain":0,"max_hp_loss":0,"event_name":"Designer","floor":19,"gold_loss":40,"cards_upgraded":["Unload"]},{"damage_healed":0,"gold_gain":100,"player_choice":"Bet on Murderer","damage_taken":0,"max_hp_gain":0,"max_hp_loss":0,"event_name":"The Joust","floor":24,"gold_loss":50}],"is_beta":false,"boss_relics":[{"not_picked":["Velvet Choker","Calling Bell"],"picked":"Ectoplasm"}],"items_purged_floors":[3],"is_endless":false,"potions_floor_spawned":[1,7,12,21,25,27],"killed_by":"Automaton","ascension_level":0}