{"gold_per_floor":[117,134,59,70,82,115,128,146,194,229,229,243,243],"floor_reached":13,"playtime":2375,"items_purged":["Normality"],"score":109,"play_id":"ea262283-2e6d-4673-898d-cf7fdc67fb8e","local_time":"20181229234427","is_ascension_mode":true,"campfire_choices":[],"neow_cost":"CURSE","seed_source_timestamp":693699027652312,"circlet_count":0,"master_deck":["Strike_R","Strike_R","Strike_R","Strike_R","Strike_R","Defend_R","Defend_R","Defend_R","Defend_R","Bash","Flex","Cleave","Cleave","Flex","Clash","Parasite","Immolate","Sword Boomerang"],"relics":["Burning Blood","Thread and Needle","Art of War","Bronze Scales","Du-Vu Doll"],"potions_floor_usage":[6],"damage_taken":[{"damage":2,"enemies":"Cultist","floor":1,"turns":4},{"damage":0,"enemies":"2 Louse","floor":2,"turns":4},{"damage":9,"enemies":"Small Slimes","floor":4,"turns":5},{"damage":5,"enemies":"Looter","floor":5,"turns":3},{"damage":13,"enemies":"Lagavulin","floor":6,"turns":8},{"damage":0,"enemies":"Large Slime","floor":7,"turns":4},{"damage":0,"enemies":"Red Slaver","floor":8,"turns":3},{"damage":14,"enemies":"Gremlin Nob","floor":10,"turns":4},{"damage":0,"enemies":"Lots of Slimes","floor":12,"turns":1}],"seed_played":"-2418321141955604656","potions_obtained":[{"floor":2,"key":"EssenceOfSteel"},{"floor":6,"key":"Strength Potion"},{"floor":8,"key":"Ancient Potion"},{"floor":10,"key":"Regen Potion"}],"is_trial":false,"path_per_floor":["M","M","$","M","M","E","M","M","T","E","?","M","R"],"character_chosen":"IRONCLAD","items_purchased":[],"campfire_rested":0,"item_purchase_floors":[],"current_hp_per_floor":[80,80,80,77,78,71,77,80,80,72,72,78,78],"gold":243,"neow_bonus":"ONE_RARE_RELIC","is_prod":false,"is_daily":false,"chose_seed":false,"campfire_upgraded":0,"win_rate":0,"timestamp":1546139667,"path_taken":["M","M","$","M","?","E","M","?","T","E","?","?","R"],"build_version":"2018-12-20","purchased_purges":1,"victory":false,"max_hp_per_floor":[80,80,80,80,80,80,80,80,80,80,80,80,80],"card_choices":[{"not_picked":["Rage","Wild Strike","Pummel"],"picked":"SKIP","floor":1},{"not_picked":["Twin Strike","Perfected Strike"],"picked":"Flex","floor":2},{"not_picked":["Wild Strike","Body Slam","Shockwave"],"picked":"SKIP","floor":4},{"not_picked":["Blood for Blood","Sentinel"],"picked":"Cleave","floor":5},{"not_picked":["Body Slam","Rupture"],"picked":"Cleave","floor":6},{"not_picked":["Limit Break","Sentinel"],"picked":"Flex","floor":7},{"not_picked":["Clothesline","Power Through"],"picked":"Clash","floor":8},{"not_picked":["Power Through","Body Slam","Havoc"],"picked":"SKIP","floor":10},{"not_picked":["Uppercut","Perfected Strike"],"picked":"Sword Boomerang","floor":12}],"player_experience":112993,"relics_obtained":[{"floor":6,"key":"Art of War"},{"floor":9,"key":"Bronze Scales"},{"floor":10,"key":"Du-Vu Doll"}],"event_choices":[{"damage_healed":0,"gold_gain":0,"player_choice":"2 cards matched","damage_taken":0,"max_hp_gain":0,"max_hp_loss":0,"event_name":"Match and Keep!","floor":11,"gold_loss":0,"cards_obtained":["Parasite","Immolate"]}],"is_beta":false,"boss_relics":[],"items_purged_floors":[3],"is_endless":false,"potions_floor_spawned":[2,6,8,10],"ascension_level":2}