{"gold_per_floor":[118,23,198,273,273,303,303,74,74,108,122,145,165,175,175,280,280,292,391,666,646,5,5,33,47,116,116],"floor_reached":27,"playtime":991,"items_purged":["Regret"],"score":343,"play_id":"3757e7d0-e249-4d53-8a43-af321b996f0f","local_time":"20181205002534","is_ascension_mode":true,"campfire_choices":[{"data":"Inflame","floor":7.0,"key":"SMITH"},{"data":"Shockwave","floor":15.0,"key":"SMITH"},{"floor":23,"key":"REST"}],"neow_cost":"NONE","seed_source_timestamp":0,"circlet_count":0,"master_deck":["Strike_R","Strike_R","Strike_R+1","Strike_R","Strike_R","Defend_R","Defend_R","Defend_R","Defend_R+1","Bash","Clash","Inflame+1","Clothesline","Doubt","Hemokinesis","Thunderclap","Armaments","Shockwave+1","Feel No Pain","Headbutt","Barricade","Iron Wave","Burning Pact","Disarm","Flex","Armaments","Pommel Strike","Pommel Strike","Flex","Pommel Strike","Rupture","Heavy Blade"],"special_seed":0,"relics":["Burning Blood","NeowsBlessing","Bag of Preparation","Blood Vial","Paper Frog","Oddly Smooth Stone","Pen Nib","Orrery","Happy Flower","Pear","Orichalcum","Ornamental Fan"],"potions_floor_usage":[21,21,25,27,27],"damage_taken":[{"damage":0.0,"enemies":"Jaw Worm","floor":1.0,"turns":1.0},{"damage":0.0,"enemies":"3 Sentries","floor":6.0,"turns":2.0},{"damage":0.0,"enemies":"Lagavulin","floor":10.0,"turns":1.0},{"damage":6.0,"enemies":"2 Louse","floor":11.0,"turns":2.0},{"damage":6.0,"enemies":"Small Slimes","floor":13.0,"turns":4.0},{"damage":12.0,"enemies":"Exordium Wildlife","floor":14.0,"turns":3.0},{"damage":24.0,"enemies":"The Guardian","floor":16.0,"turns":7.0},{"damage":15.0,"enemies":"Chosen","floor":18.0,"turns":9.0},{"damage":25,"enemies":"2 Thieves","floor":21,"turns":4},{"damage":59,"enemies":"Slavers","floor":24,"turns":6},{"damage":46,"enemies":"Sentry and Sphere","floor":25,"turns":6},{"damage":26,"enemies":"Book of Stabbing","floor":27,"turns":3}],"seed_played":"-7144155186538499842","potions_obtained":[{"floor":1.0,"key":"Dexterity Potion"},{"floor":10.0,"key":"Strength Potion"},{"floor":16.0,"key":"FairyPotion"},{"floor":18.0,"key":"SkillPotion"},{"floor":24,"key":"LiquidBronze"},{"floor":25,"key":"Strength Potion"}],"is_trial":false,"path_per_floor":["M","$","?","?","?","E","R","$","T","E","M","T","M","M","R","B",null,"M","?","?","M","$","R","E","M","T","E"],"character_chosen":"IRONCLAD","items_purchased":["Inflame","Clothesline","Blood Vial","Thunderclap","PowerPotion","Happy Flower","Pear","Flex","Pommel Strike","BloodPotion"],"campfire_rested":1,"item_purchase_floors":[2,2,8,8,8,22,22,22,22,22],"current_hp_per_floor":[80,80,80,69,53,59,59,59,59,67,69,69,71,67,67,51,80,71,71,71,54,64,90,37,8,8,0],"gold":116,"neow_bonus":"THREE_ENEMY_KILL","is_prod":false,"is_daily":false,"chose_seed":false,"campfire_upgraded":2,"win_rate":0,"timestamp":1543998334,"path_taken":["M","$","?","?","?","E","R","$","T","E","?","?","M","M","R","BOSS","M","?","?","M","$","R","E","M","T","E"],"build_version":"2018-11-15","purchased_purges":1,"victory":false,"max_hp_per_floor":[80,80,80,80,80,80,80,80,80,80,80,80,80,80,80,80,80,80,80,80,80,90,90,90,90,90,90],"card_choices":[{"not_picked":["Shockwave","Iron Wave"],"picked":"Clash","floor":1.0},{"not_picked":["Reckless Charge","Rupture"],"picked":"Hemokinesis","floor":6.0},{"not_picked":["Evolve","Wild Strike"],"picked":"Armaments","floor":10.0},{"not_picked":["Combust","Burning Pact"],"picked":"Shockwave","floor":11.0},{"not_picked":["Carnage","Wild Strike"],"picked":"Feel No Pain","floor":13.0},{"not_picked":["Sever Soul","Reckless Charge"],"picked":"Headbutt","floor":14.0},{"not_picked":["Exhume","Impervious"],"picked":"Barricade","floor":16.0},{"not_picked":["Thunderclap","Body Slam"],"picked":"Iron Wave","floor":17.0},{"not_picked":["Battle Trance","Perfected Strike"],"picked":"Burning Pact","floor":17.0},{"not_picked":["Perfected Strike","Sword Boomerang"],"picked":"Disarm","floor":17.0},{"not_picked":["Havoc","Second Wind"],"picked":"Flex","floor":17.0},{"not_picked":["Clash","Shockwave"],"picked":"Armaments","floor":17.0},{"not_picked":["Barricade","Perfected Strike+1"],"picked":"Pommel Strike","floor":18.0},{"not_picked":["Rage","Warcry"],"picked":"Pommel Strike","floor":21},{"not_picked":["Havoc","Whirlwind"],"picked":"Rupture","floor":24},{"not_picked":["Wild Strike","Headbutt+1"],"picked":"Heavy Blade","floor":25}],"player_experience":148674,"relics_obtained":[{"floor":6.0,"key":"Bag of Preparation"},{"floor":9.0,"key":"Paper Frog"},{"floor":10.0,"key":"Oddly Smooth Stone"},{"floor":12.0,"key":"Pen Nib"},{"floor":24,"key":"Orichalcum"},{"floor":26,"key":"Ornamental Fan"}],"event_choices":[{"damage_healed":0.0,"max_hp_gain":0.0,"max_hp_loss":0.0,"gold_gain":175.0,"event_name":"Liars Game","player_choice":"AGREE","floor":3.0,"gold_loss":0.0,"damage_taken":0.0,"cards_obtained":["Doubt"]},{"damage_healed":0.0,"max_hp_gain":0.0,"max_hp_loss":0.0,"gold_gain":75.0,"event_name":"World of Goop","player_choice":"Gather Gold","floor":4.0,"gold_loss":0.0,"damage_taken":11.0},{"damage_healed":0.0,"max_hp_gain":0.0,"max_hp_loss":0.0,"gold_gain":0.0,"event_name":"Shining Light","player_choice":"Entered Light","floor":5.0,"gold_loss":0.0,"damage_taken":16.0,"cards_upgraded":["Strike_R","Defend_R"]},{"damage_healed":0.0,"max_hp_gain":0.0,"max_hp_loss":0.0,"gold_gain":99.0,"event_name":"Nest","player_choice":"Stole From Cult","floor":19.0,"gold_loss":0.0,"damage_taken":0.0},{"damage_healed":0.0,"max_hp_gain":0.0,"max_hp_loss":0.0,"gold_gain":275.0,"event_name":"Golden Shrine","player_choice":"Desecrate","floor":20.0,"gold_loss":0.0,"damage_taken":0.0,"cards_obtained":["Regret"]}],"is_beta":false,"boss_relics":[{"not_picked":["Runic Cube","Cursed Key"],"picked":"Orrery"}],"items_purged_floors":[22],"is_endless":false,"potions_floor_spawned":[1,10,11,16,18,24,25],"killed_by":"Book of Stabbing","ascension_level":2}