{"gold_per_floor":[14,25,25,41,61,91,91,91,116,128,155,111,122,122,122,122],"floor_reached":16,"playtime":525,"items_purged":[],"score":129,"play_id":"33dcf16c-0855-471e-8a0a-0cb7d991e539","local_time":"20190131222436","is_ascension_mode":true,"campfire_choices":[{"floor":8,"key":"REST"},{"data":"Storm","floor":15,"key":"SMITH"}],"neow_cost":"NO_GOLD","seed_source_timestamp":4747591565908022,"circlet_count":0,"master_deck":["Strike_B","Strike_B","Defend_B","Defend_B","Defend_B","Defend_B","Zap","Dualcast","Tempest","Recycle","Consume","Ball Lightning","Coolheaded","Reinforced Body","Defragment","Heatsinks","Storm+1","Conserve Battery"],"relics":["Cracked Core","Pen Nib","Omamori","Bag of Marbles","Anchor"],"potions_floor_usage":[5,10,13],"damage_taken":[{"damage":9,"enemies":"Small Slimes","floor":1,"turns":3},{"damage":5,"enemies":"2 Louse","floor":2,"turns":3},{"damage":9,"enemies":"Jaw Worm","floor":4,"turns":4},{"damage":23,"enemies":"Large Slime","floor":5,"turns":5},{"damage":24,"enemies":"Gremlin Nob","floor":6,"turns":4},{"damage":5,"enemies":"2 Fungi Beasts","floor":10,"turns":5},{"damage":26,"enemies":"3 Sentries","floor":11,"turns":6},{"damage":0,"enemies":"Blue Slaver","floor":13,"turns":3},{"damage":30,"enemies":"Slime Boss","floor":16,"turns":3}],"seed_played":"-8536709873608677978","potions_obtained":[{"floor":1,"key":"Swift Potion"},{"floor":2,"key":"Regen Potion"},{"floor":10,"key":"Fruit Juice"}],"is_trial":false,"path_per_floor":["M","M","?","M","M","E","?","R","T","M","E","?","M","?","R","B"],"character_chosen":"DEFECT","items_purchased":[],"campfire_rested":1,"item_purchase_floors":[],"current_hp_per_floor":[66,61,54,45,31,7,7,29,29,29,3,3,3,29,29,0],"gold":122,"neow_bonus":"TRANSFORM_TWO_CARDS","is_prod":false,"is_daily":false,"chose_seed":false,"campfire_upgraded":1,"win_rate":0,"timestamp":1548969876,"path_taken":["M","M","?","M","M","E","?","R","T","M","E","?","M","?","R","BOSS"],"build_version":"2019-01-23","purchased_purges":0,"victory":false,"max_hp_per_floor":[75,75,75,75,75,75,75,75,75,80,80,80,80,80,80,80],"card_choices":[{"not_picked":["Turbo","Stack"],"picked":"Consume","floor":1},{"not_picked":["Sweeping Beam","Compile Driver"],"picked":"Ball Lightning","floor":2},{"not_picked":["Tempest","Stack"],"picked":"Coolheaded","floor":4},{"not_picked":["Conserve Battery","Undo"],"picked":"Reinforced Body","floor":5},{"not_picked":["Force Field","Buffer"],"picked":"Defragment","floor":6},{"not_picked":["Double Energy","Melter"],"picked":"Heatsinks","floor":10},{"not_picked":["Compile Driver","Beam Cell"],"picked":"Storm","floor":11},{"not_picked":["Compile Driver","Sweeping Beam"],"picked":"Conserve Battery","floor":13}],"player_experience":763875,"relics_obtained":[{"floor":6,"key":"Omamori"},{"floor":9,"key":"Bag of Marbles"},{"floor":11,"key":"Anchor"}],"event_choices":[{"damage_healed":0,"gold_gain":0,"player_choice":"Success","damage_taken":7,"relics_obtained":["Pen Nib"],"max_hp_gain":0,"max_hp_loss":0,"event_name":"Scrap Ooze","floor":3,"gold_loss":0},{"damage_healed":0,"gold_gain":0,"player_choice":"Ignored","damage_taken":0,"max_hp_gain":0,"max_hp_loss":0,"event_name":"Golden Wing","floor":7,"gold_loss":0},{"damage_healed":0,"gold_gain":0,"player_choice":"Left Gold","damage_taken":0,"max_hp_gain":0,"max_hp_loss":0,"event_name":"World of Goop","floor":12,"gold_loss":44},{"damage_healed":26,"gold_gain":0,"player_choice":"Banana","damage_taken":0,"max_hp_gain":0,"max_hp_loss":0,"event_name":"Big Fish","floor":14,"gold_loss":0}],"is_beta":false,"boss_relics":[],"items_purged_floors":[],"is_endless":false,"potions_floor_spawned":[1,2,10],"killed_by":"Slime Boss","ascension_level":3}