{"gold_per_floor":[217,142,142,153,103,103,122,122,170,203,203,233,233,247,247,348,348,363,383,393,393,308,342,342,369,394,394,412,427,427,427,427,526,526,545,565,580,598,324,324,199,199,226,243,258,269,269,0,0,0],"floor_reached":51,"playtime":5787,"items_purged":["Strike_R","Strike_R","Strike_R"],"score":773,"play_id":"56ba1c5f-5b22-466d-ae5b-e3b8d1595eea","local_time":"20180822164030","is_ascension_mode":true,"campfire_choices":[{"data":"Disarm","floor":6,"key":"SMITH"},{"data":"True Grit","floor":8,"key":"SMITH"},{"floor":11,"key":"REST"},{"floor":13,"key":"REST"},{"data":"Cleave","floor":15,"key":"SMITH"},{"floor":24,"key":"REST"},{"floor":27,"key":"REST"},{"data":"True Grit","floor":30,"key":"SMITH"},{"data":"Metallicize","floor":32,"key":"SMITH"},{"data":"Limit Break","floor":40,"key":"SMITH"},{"floor":42,"key":"REST"},{"floor":47,"key":"REST"},{"floor":49,"key":"REST"}],"neow_cost":"NONE","seed_source_timestamp":542273103041524,"circlet_count":0,"master_deck":["Strike_R","Defend_R","Defend_R","Defend_R","Bash","Disarm+1","Warcry","True Grit+1","Cleave+1","Offering","Rampage+1","Pommel Strike+1","Metallicize+1","True Grit+1","Limit Break+1","Warcry+1","Evolve","Shrug It Off","Intimidate+1","Spot Weakness","Bandage Up","Shrug It Off+1"],"relics":["Burning Blood","Pen Nib","Bag of Preparation","Blood Vial","Velvet Choker","Boot","Pantograph","Kunai","Anchor","Lizard Tail","Bag of Marbles","Red Mask"],"potions_floor_usage":[12,23,23,33,33,37,46],"damage_taken":[{"damage":8,"enemies":"Jaw Worm","floor":1,"turns":4},{"damage":4,"enemies":"Cultist","floor":4,"turns":3},{"damage":5,"enemies":"Small Slimes","floor":7,"turns":5},{"damage":32,"enemies":"Gremlin Nob","floor":10,"turns":6},{"damage":41,"enemies":"Lagavulin","floor":12,"turns":7},{"damage":4,"enemies":"2 Fungi Beasts","floor":14,"turns":4},{"damage":47,"enemies":"Hexaghost","floor":16,"turns":14},{"damage":14,"enemies":"3 Byrds","floor":18,"turns":5},{"damage":22,"enemies":"2 Thieves","floor":19,"turns":3},{"damage":8,"enemies":"Centurion and Healer","floor":20,"turns":6},{"damage":25,"enemies":"Book of Stabbing","floor":23,"turns":7},{"damage":33,"enemies":"Gremlin Leader","floor":25,"turns":6},{"damage":8,"enemies":"Cultist and Chosen","floor":28,"turns":5},{"damage":6,"enemies":"Shelled Parasite and Fungi","floor":29,"turns":6},{"damage":22,"enemies":"Champ","floor":33,"turns":11},{"damage":12,"enemies":"3 Shapes","floor":35,"turns":12},{"damage":31,"enemies":"3 Darklings","floor":36,"turns":9},{"damage":20,"enemies":"Transient","floor":37,"turns":5},{"damage":13,"enemies":"4 Shapes","floor":38,"turns":9},{"damage":40,"enemies":"3 Darklings","floor":44,"turns":6},{"damage":30,"enemies":"Maw","floor":45,"turns":9},{"damage":40,"enemies":"Spire Growth","floor":46,"turns":8},{"damage":62,"enemies":"Time Eater","floor":50,"turns":12}],"seed_played":"3191224749768800611","potions_obtained":[{"floor":1,"key":"Fire Potion"},{"floor":7,"key":"Dexterity Potion"},{"floor":16,"key":"Weak Potion"},{"floor":23,"key":"Fruit Juice"},{"floor":29,"key":"SpeedPotion"},{"floor":35,"key":"Weak Potion"},{"floor":37,"key":"Energy Potion"},{"floor":44,"key":"Ancient Potion"},{"floor":46,"key":"SneckoOil"}],"is_trial":false,"path_per_floor":["M","$","?","M","?","R","M","R","T","E","R","E","R","M","R","B",null,"M","M","M","?","?","E","R","E","T","R","M","M","R","?","R","B",null,"M","M","M","M","$","R","$","R","T","M","M","M","R","?","R","B"],"character_chosen":"IRONCLAD","items_purchased":["Spot Weakness","Bandage Up"],"campfire_rested":7,"item_purchase_floors":[39,39],"current_hp_per_floor":[78,78,78,80,80,80,80,80,80,54,78,43,67,71,71,32,80,72,58,58,58,58,46,71,46,46,71,71,73,73,73,73,69,85,79,56,44,39,39,39,39,64,64,36,18,37,62,62,85,33],"gold":0,"neow_bonus":"HUNDRED_GOLD","is_prod":false,"is_daily":false,"chose_seed":false,"campfire_upgraded":6,"win_rate":0,"timestamp":1534927230,"path_taken":["M","$","?","M","?","R","M","R","T","E","R","E","R","M","R","BOSS","M","M","M","?","?","E","R","E","T","R","M","M","R","?","R","BOSS","M","?","M","M","$","R","$","R","T","M","M","M","R","?","R","BOSS"],"build_version":"2018-08-16","purchased_purges":3,"victory":true,"max_hp_per_floor":[80,80,80,80,80,80,80,80,80,80,80,80,80,80,80,80,80,80,80,80,80,80,85,85,85,85,85,85,85,85,85,85,85,85,85,85,85,85,85,85,85,85,85,85,85,85,85,85,85,85],"card_choices":[{"not_picked":["Carnage","Clothesline"],"picked":"Disarm","floor":1},{"not_picked":["Rage","Iron Wave"],"picked":"Warcry","floor":4},{"not_picked":["Sword Boomerang","Heavy Blade"],"picked":"True Grit","floor":7},{"not_picked":["Headbutt","Wild Strike"],"picked":"Cleave","floor":10},{"not_picked":["Cleave","Entrench","Warcry"],"picked":"SKIP","floor":12},{"not_picked":["Anger","Thunderclap","Flex"],"picked":"SKIP","floor":14},{"not_picked":["Impervious","Brutality"],"picked":"Offering","floor":16},{"not_picked":["Flex","Shrug It Off"],"picked":"Rampage+1","floor":18},{"not_picked":["Warcry","Intimidate+1","Heavy Blade"],"picked":"SKIP","floor":19},{"not_picked":["Twin Strike","Impervious"],"picked":"Pommel Strike+1","floor":20},{"not_picked":["Havoc","Twin Strike"],"picked":"Metallicize","floor":23},{"not_picked":["Iron Wave","Warcry","Cleave"],"picked":"SKIP","floor":25},{"not_picked":["Twin Strike","Sword Boomerang","Iron Wave+1"],"picked":"SKIP","floor":28},{"not_picked":["Carnage","Rampage"],"picked":"True Grit","floor":29},{"not_picked":["Demon Form","Dark Embrace"],"picked":"Limit Break","floor":33},{"not_picked":["Body Slam+1","Disarm"],"picked":"Warcry+1","floor":35},{"not_picked":["Rage+1","Pommel Strike"],"picked":"Evolve","floor":36},{"not_picked":["Clothesline","Warcry+1"],"picked":"Shrug It Off","floor":37},{"not_picked":["Heavy Blade","Clothesline"],"picked":"Intimidate+1","floor":38},{"not_picked":["Flex+1","Cleave+1"],"picked":"Shrug It Off+1","floor":44},{"not_picked":["Heavy Blade","Uppercut","Intimidate"],"picked":"SKIP","floor":45},{"not_picked":["Pommel Strike","Clothesline","Bludgeon"],"picked":"SKIP","floor":46}],"player_experience":272481,"relics_obtained":[{"floor":9,"key":"Pen Nib"},{"floor":10,"key":"Bag of Preparation"},{"floor":12,"key":"Blood Vial"},{"floor":23,"key":"Pantograph"},{"floor":25,"key":"Kunai"},{"floor":26,"key":"Anchor"},{"floor":43,"key":"Bag of Marbles"}],"event_choices":[{"event_name":"Purifier","player_choice":"One Purge","floor":3,"damage_taken":0},{"event_name":"The Cleric","player_choice":"Card Removal","floor":5,"damage_taken":0},{"event_name":"The Mausoleum","player_choice":"No","floor":21,"damage_taken":0},{"event_name":"Addict","player_choice":"Obtained Relic","floor":22,"damage_taken":0},{"event_name":"Cursed Tome","player_choice":"Ignored","floor":31,"damage_taken":0},{"event_name":"Tomb of Lord Red Mask","player_choice":"Paid","floor":48,"damage_taken":0}],"is_beta":false,"boss_relics":[{"not_picked":["Coffee Dripper","Ectoplasm"],"picked":"Velvet Choker"},{"not_picked":["Black Blood","Mark of Pain"],"picked":"Lizard Tail"}],"items_purged_floors":[2,39,41],"is_endless":false,"potions_floor_spawned":[1,7,16,23,29,35,37,44,46],"ascension_level":3}