{"gold_per_floor":[116,126,146,146,161,199,217,217,217,248,266,266,266,281,281,379,379,395,415,158,181,181],"floor_reached":22,"playtime":1225,"items_purged":["Strike_R"],"score":370,"play_id":"52c39a37-2fb4-41d4-baf0-1b7dbe4dd26f","local_time":"20190101192838","is_ascension_mode":true,"campfire_choices":[{"data":"True Grit","floor":8.0,"key":"SMITH"},{"floor":13.0,"key":"REST"},{"data":"Spot Weakness","floor":15.0,"key":"SMITH"}],"neow_cost":"NONE","seed_source_timestamp":2144289590185456,"circlet_count":0,"master_deck":["AscendersBane","Strike_R","Strike_R","Strike_R","Strike_R","Defend_R","Defend_R","Defend_R","Defend_R","Bash","Impervious","True Grit+1","Dropkick","Spot Weakness+1","Reaper","Inflame","Double Tap","Twin Strike"],"special_seed":0,"relics":["Burning Blood","Golden Idol","Dream Catcher","Pantograph","Blue Candle","Velvet Choker","Membership Card"],"potions_floor_usage":[21],"damage_taken":[{"damage":19.0,"enemies":"Jaw Worm","floor":1.0,"turns":4.0},{"damage":9.0,"enemies":"2 Louse","floor":2.0,"turns":3.0},{"damage":1.0,"enemies":"Cultist","floor":3.0,"turns":3.0},{"damage":12.0,"enemies":"3 Louse","floor":5.0,"turns":5.0},{"damage":38.0,"enemies":"3 Sentries","floor":6.0,"turns":11.0},{"damage":7.0,"enemies":"Exordium Wildlife","floor":7.0,"turns":6.0},{"damage":15.0,"enemies":"Lagavulin","floor":10.0,"turns":7.0},{"damage":5.0,"enemies":"Red Slaver","floor":11.0,"turns":3.0},{"damage":15.0,"enemies":"Blue Slaver","floor":14.0,"turns":7.0},{"damage":64.0,"enemies":"The Guardian","floor":16.0,"turns":10.0},{"damage":38.0,"enemies":"Chosen","floor":18.0,"turns":8.0},{"damage":27.0,"enemies":"Spheric Guardian","floor":19.0,"turns":6.0},{"damage":43,"enemies":"Cultist and Chosen","floor":21,"turns":9},{"damage":27,"enemies":"Snecko","floor":22,"turns":4}],"seed_played":"7456026981436486444","potions_obtained":[{"floor":1.0,"key":"Weak Potion"},{"floor":3.0,"key":"Weak Potion"},{"floor":6.0,"key":"Fire Potion"},{"floor":7.0,"key":"EntropicBrew"},{"floor":10.0,"key":"EssenceOfSteel"}],"is_trial":false,"path_per_floor":["M","M","M","?","M","E","M","R","T","E","M","?","R","M","R","B",null,"M","M","$","M","M"],"character_chosen":"IRONCLAD","items_purchased":["Membership Card"],"campfire_rested":1,"item_purchase_floors":[20],"current_hp_per_floor":[55,52,57,57,51,19,18,18,18,9,17,17,39,36,36,17,61,37,29,29,16,0],"gold":181,"neow_bonus":"ONE_RANDOM_RARE_CARD","is_prod":false,"is_daily":false,"chose_seed":false,"campfire_upgraded":2,"win_rate":0,"timestamp":1546367318,"path_taken":["M","M","M","?","M","E","M","R","T","E","M","?","R","M","R","BOSS","M","M","$","M","M"],"build_version":"2018-12-20","purchased_purges":1,"victory":false,"max_hp_per_floor":[75,75,75,75,75,75,75,75,75,75,75,75,75,75,75,75,75,75,75,75,75,75],"card_choices":[{"not_picked":["Flame Barrier","Uppercut"],"picked":"True Grit","floor":1.0},{"not_picked":["Sever Soul","Disarm"],"picked":"Dropkick","floor":2.0},{"not_picked":["Thunderclap","Second Wind","Warcry"],"picked":"SKIP","floor":3.0},{"not_picked":["Rage","Disarm"],"picked":"Spot Weakness","floor":5.0},{"not_picked":["Dropkick","Heavy Blade","Thunderclap"],"picked":"SKIP","floor":6.0},{"not_picked":["Rampage","Thunderclap","Anger"],"picked":"SKIP","floor":7.0},{"not_picked":["Carnage","Heavy Blade"],"picked":"Reaper","floor":10.0},{"not_picked":["Clothesline","Disarm","True Grit"],"picked":"SKIP","floor":11.0},{"not_picked":["Searing Blow","Seeing Red"],"picked":"Inflame","floor":13.0},{"not_picked":["Clothesline","Iron Wave","Second Wind"],"picked":"SKIP","floor":14.0},{"not_picked":["Exhume","Impervious"],"picked":"Double Tap","floor":16.0},{"not_picked":["Wild Strike","Anger","Disarm"],"picked":"SKIP","floor":18.0},{"not_picked":["Headbutt","Heavy Blade","Dual Wield"],"picked":"SKIP","floor":19.0},{"not_picked":["Ghostly Armor","Feel No Pain"],"picked":"Twin Strike","floor":21}],"player_experience":653132,"relics_obtained":[{"floor":6.0,"key":"Dream Catcher"},{"floor":9.0,"key":"Pantograph"},{"floor":10.0,"key":"Blue Candle"}],"event_choices":[{"damage_healed":0.0,"max_hp_gain":0.0,"max_hp_loss":0.0,"gold_gain":0.0,"event_name":"Golden Idol","player_choice":"Take Wound","floor":4.0,"gold_loss":0.0,"damage_taken":0.0,"relics_obtained":["Golden Idol"],"cards_obtained":["Injury"]},{"cards_removed":["Injury"],"damage_healed":0.0,"max_hp_gain":0.0,"max_hp_loss":0.0,"gold_gain":0.0,"event_name":"Purifier","player_choice":"Purged","floor":12.0,"gold_loss":0.0,"damage_taken":0.0}],"is_beta":false,"boss_relics":[{"not_picked":["Runic Cube","Ectoplasm"],"picked":"Velvet Choker"}],"items_purged_floors":[20],"is_endless":false,"potions_floor_spawned":[1,3,6,7,10],"killed_by":"Snecko","ascension_level":17}