{"gold_per_floor":[118,49,49,49,62,93,93,123,123,140,158,158,173,193,193,296,296,308,308,308,324,12,12,24,24,80,80,80,90,122,122],"floor_reached":31,"playtime":1321,"items_purged":[],"score":435,"play_id":"2b886d48-1880-4c32-b8cf-34ab05999c29","local_time":"20190201142244","is_ascension_mode":true,"campfire_choices":[{"data":"Blade Dance","floor":12.0,"key":"SMITH"},{"floor":15.0,"key":"REST"},{"floor":23.0,"key":"REST"},{"floor":25.0,"key":"REST"},{"data":"Envenom","floor":28.0,"key":"SMITH"}],"neow_cost":"NONE","seed_source_timestamp":0,"circlet_count":0,"master_deck":["AscendersBane","Defend_G","Defend_G","Defend_G","Defend_G","Defend_G","Strike_G","Strike_G","Strike_G","Strike_G","Strike_G","Survivor","Neutralize","Flying Knee","Cloak And Dagger","Dagger Spray+1","Backflip","Leg Sweep","Dagger Spray","Blade Dance+1","Finisher","Envenom+1","Blade Dance","Skewer+1","PiercingWail","Envenom"],"special_seed":0,"relics":["Ring of the Snake","NeowsBlessing","Incense Burner","Orichalcum","Ninja Scroll","Eternal Feather","Thread and Needle","Nloth\u0027s Gift","Pantograph"],"potions_floor_usage":[30],"damage_taken":[{"damage":0.0,"enemies":"2 Louse","floor":1.0,"turns":1.0},{"damage":0.0,"enemies":"Cultist","floor":5.0,"turns":1.0},{"damage":0.0,"enemies":"Lagavulin","floor":6.0,"turns":1.0},{"damage":14.0,"enemies":"3 Sentries","floor":8.0,"turns":9.0},{"damage":3.0,"enemies":"Small Slimes","floor":10.0,"turns":3.0},{"damage":17.0,"enemies":"Exordium Thugs","floor":11.0,"turns":5.0},{"damage":0.0,"enemies":"Looter","floor":13.0,"turns":2.0},{"damage":4.0,"enemies":"Large Slime","floor":14.0,"turns":5.0},{"damage":43.0,"enemies":"The Guardian","floor":16.0,"turns":19.0},{"damage":4.0,"enemies":"Shell Parasite","floor":18.0,"turns":6.0},{"damage":36.0,"enemies":"Colosseum Slavers","floor":19.0,"turns":5.0},{"damage":0.0,"enemies":"3 Byrds","floor":21.0,"turns":5.0},{"damage":30.0,"enemies":"Sentry and Sphere","floor":24.0,"turns":12.0},{"damage":11.0,"enemies":"Snecko","floor":29.0,"turns":5.0},{"damage":45,"enemies":"Book of Stabbing","floor":30,"turns":8},{"damage":8,"enemies":"Snake Plant","floor":31,"turns":1}],"seed_played":"-464861753503252076","potions_obtained":[{"floor":1.0,"key":"Poison Potion"},{"floor":6.0,"key":"SpeedPotion"},{"floor":10.0,"key":"Ancient Potion"},{"floor":20.0,"key":"Dexterity Potion"},{"floor":20.0,"key":"SkillPotion"},{"floor":29.0,"key":"PowerPotion"}],"is_trial":false,"path_per_floor":["M","$","?","$","M","E","?","E","T","M","M","R","M","M","R","B",null,"M","?","?","M","$","R","M","R","T","?","R","M","E","M"],"character_chosen":"THE_SILENT","items_purchased":["Cloak And Dagger","Dagger Spray","Thread and Needle"],"campfire_rested":3,"item_purchase_floors":[2,2,22],"current_hp_per_floor":[63,63,63,63,63,63,63,49,49,46,29,29,29,25,46,3,53,49,13,13,13,13,46,16,49,49,49,61,50,5,0],"gold":122,"neow_bonus":"THREE_ENEMY_KILL","is_prod":false,"is_daily":false,"chose_seed":false,"campfire_upgraded":2,"win_rate":0,"timestamp":1549048964,"path_taken":["M","$","?","?","M","E","?","E","T","M","?","R","M","M","R","BOSS","M","?","?","?","$","R","M","R","T","?","R","?","E","M"],"build_version":"2019-01-23","purchased_purges":0,"victory":false,"max_hp_per_floor":[70,70,70,70,70,70,70,70,70,70,70,70,70,70,70,70,70,70,70,70,70,70,70,70,70,70,70,70,70,70,70],"card_choices":[{"not_picked":["Prepared","Dagger Spray"],"picked":"Flying Knee","floor":1.0},{"not_picked":["Bane","Finisher"],"picked":"Backflip","floor":5.0},{"not_picked":["Crippling Poison","Dagger Throw"],"picked":"Leg Sweep","floor":6.0},{"not_picked":["Flying Knee","PiercingWail"],"picked":"Dagger Spray","floor":8.0},{"not_picked":["Wraith Form v2","Slice","Prepared"],"picked":"SKIP","floor":10.0},{"not_picked":["Setup","Dagger Spray"],"picked":"Blade Dance","floor":11.0},{"not_picked":["Tactician","Leg Sweep"],"picked":"Finisher","floor":13.0},{"not_picked":["Sucker Punch","Bouncing Flask","Catalyst"],"picked":"SKIP","floor":14.0},{"not_picked":["Grand Finale","Malaise"],"picked":"Envenom","floor":16.0},{"not_picked":["Dagger Throw+1","Dagger Spray+1"],"picked":"Blade Dance","floor":18.0},{"not_picked":["Finisher","Blade Dance","Flying Knee"],"picked":"SKIP","floor":21.0},{"not_picked":["Acrobatics","Cloak And Dagger"],"picked":"Skewer+1","floor":24.0},{"not_picked":["Underhanded Strike","Phantasmal Killer"],"picked":"PiercingWail","floor":29.0},{"not_picked":["Acrobatics","Finisher"],"picked":"Envenom","floor":30}],"player_experience":201101,"relics_obtained":[{"floor":6.0,"key":"Incense Burner"},{"floor":8.0,"key":"Orichalcum"},{"floor":9.0,"key":"Ninja Scroll"},{"floor":26.0,"key":"Tiny Chest"},{"floor":30,"key":"Pantograph"}],"event_choices":[{"damage_healed":0.0,"max_hp_gain":0.0,"max_hp_loss":0.0,"gold_gain":0.0,"event_name":"Accursed Blacksmith","player_choice":"Forge","floor":3.0,"gold_loss":0.0,"damage_taken":0.0,"cards_upgraded":["Dagger Spray"]},{"damage_healed":0.0,"max_hp_gain":0.0,"max_hp_loss":0.0,"gold_gain":0.0,"event_name":"The Woman in Blue","player_choice":"Bought 0 Potions","floor":7.0,"gold_loss":0.0,"damage_taken":0.0},{"damage_healed":0.0,"max_hp_gain":0.0,"max_hp_loss":0.0,"gold_gain":0.0,"event_name":"Colosseum","player_choice":"Fight","floor":19.0,"gold_loss":0.0,"damage_taken":0.0},{"damage_healed":0.0,"max_hp_gain":0.0,"max_hp_loss":0.0,"gold_gain":0.0,"event_name":"Colosseum","player_choice":"Fled From Nobs","floor":19.0,"gold_loss":0.0,"damage_taken":0.0},{"damage_healed":0.0,"max_hp_gain":0.0,"max_hp_loss":0.0,"gold_gain":0.0,"event_name":"Lab","player_choice":"Got Potions","floor":20.0,"gold_loss":0.0,"damage_taken":0.0},{"damage_healed":0.0,"max_hp_gain":0.0,"max_hp_loss":0.0,"gold_gain":0.0,"event_name":"N\u0027loth","player_choice":"Traded Relic","floor":27.0,"relics_lost":["Tiny Chest"],"gold_loss":0.0,"damage_taken":0.0,"relics_obtained":["Nloth\u0027s Gift"]}],"is_beta":false,"boss_relics":[{"not_picked":["Philosopher\u0027s Stone","Calling Bell"],"picked":"Eternal Feather"}],"items_purged_floors":[],"is_endless":false,"potions_floor_spawned":[1,6,10,11,21,29],"killed_by":"Snake Plant","ascension_level":10}