{"gold_per_floor":[116,116,134,145,35,35,54,54,54,66,100,100,127,139,139,238,238,251,265,21,32,32,32,32,32,32,32,50,150,161,180,180,180],"floor_reached":33,"playtime":1277,"items_purged":["Strike_B","Strike_B"],"score":285,"play_id":"03cd86a5-2fe8-484c-b5ea-7eec92a1c54a","local_time":"20180818153058","is_ascension_mode":true,"campfire_choices":[{"data":"Defragment","floor":6,"key":"SMITH"},{"data":"Streamline","floor":8,"key":"SMITH"},{"data":"Conserve Battery","floor":12,"key":"SMITH"},{"floor":15,"key":"REST"},{"floor":23,"key":"REST"},{"data":"Redo","floor":25,"key":"SMITH"},{"floor":32,"key":"REST"}],"neow_cost":"NONE","seed_source_timestamp":197020699267217,"circlet_count":0,"master_deck":["Defend_B","Defend_B","Defend_B","Defend_B","Zap+1","Dualcast","Defragment+1","Streamline+1","FTL","Conserve Battery+1","Gash","Ball Lightning","Seek","Redo+1","Leap+1","All For One","Biased Cognition","Auto Shields"],"relics":["Cracked Core","Gremlin Horn","Question Card","Ancient Tea Set","Eternal Feather","Girya"],"potions_floor_usage":[11,16,33,33],"damage_taken":[{"damage":2,"enemies":"Jaw Worm","floor":1,"turns":3},{"damage":0,"enemies":"Cultist","floor":3,"turns":3},{"damage":0,"enemies":"Small Slimes","floor":4,"turns":2},{"damage":19,"enemies":"Exordium Wildlife","floor":7,"turns":3},{"damage":0,"enemies":"3 Louse","floor":10,"turns":3},{"damage":4,"enemies":"Gremlin Nob","floor":11,"turns":3},{"damage":12,"enemies":"3 Sentries","floor":13,"turns":6},{"damage":17,"enemies":"Exordium Thugs","floor":14,"turns":3},{"damage":16,"enemies":"Hexaghost","floor":16,"turns":9},{"damage":17,"enemies":"Shell Parasite","floor":18,"turns":5},{"damage":12,"enemies":"3 Byrds","floor":19,"turns":3},{"damage":12,"enemies":"Centurion and Healer","floor":21,"turns":7},{"damage":32,"enemies":"Snake Plant","floor":28,"turns":4},{"damage":13,"enemies":"Shelled Parasite and Fungi","floor":30,"turns":5},{"damage":14,"enemies":"3 Cultists","floor":31,"turns":5},{"damage":61,"enemies":"Collector","floor":33,"turns":7}],"seed_played":"-3151514034533616627","potions_obtained":[{"floor":4,"key":"Dexterity Potion"},{"floor":10,"key":"Block Potion"},{"floor":11,"key":"Explosive Potion"},{"floor":18,"key":"EssenceOfSteel"},{"floor":19,"key":"Poison Potion"}],"is_trial":false,"path_per_floor":["M","?","M","M","$","R","M","R","T","M","E","R","E","M","R","B",null,"M","M","$","M","?","R","$","R","T","$","M","?","M","M","R"],"character_chosen":"DEFECT","items_purchased":["FTL","All For One"],"campfire_rested":3,"item_purchase_floors":[5,20],"current_hp_per_floor":[73,73,73,73,73,73,54,54,54,54,50,50,38,21,43,27,75,58,46,46,34,34,65,65,74,74,74,42,42,29,15,46,0],"gold":180,"neow_bonus":"UPGRADE_CARD","is_prod":false,"is_daily":false,"chose_seed":false,"campfire_upgraded":4,"win_rate":0,"timestamp":1534577458,"path_taken":["M","?","?","M","$","R","M","R","T","M","E","R","E","M","R","BOSS","M","M","$","M","?","R","?","R","T","$","M","?","M","M","R","BOSS"],"build_version":"2018-08-16","purchased_purges":2,"victory":false,"max_hp_per_floor":[75,75,75,75,75,75,75,75,75,75,75,75,75,75,75,75,75,75,75,75,75,75,75,75,75,75,75,75,75,75,75,75,75],"card_choices":[{"not_picked":["Turbo","Rebound"],"picked":"Defragment","floor":1},{"not_picked":["Steam","Defragment"],"picked":"Streamline","floor":3},{"not_picked":["Hologram","Cold Snap","Echo Form"],"picked":"SKIP","floor":4},{"not_picked":["Aggregate","Tempest","Stack"],"picked":"SKIP","floor":7},{"not_picked":["Go for the Eyes","Rebound"],"picked":"Conserve Battery","floor":10},{"not_picked":["Hologram","Darkness"],"picked":"Gash","floor":11},{"not_picked":["Rebound","Hologram","Turbo"],"picked":"Ball Lightning","floor":13},{"not_picked":["Hologram","Capacitor","Barrage","Cold Snap"],"picked":"SKIP","floor":14},{"not_picked":["Meteor Strike","Reboot","Creative AI"],"picked":"Seek","floor":16},{"not_picked":["Sweeping Beam","Turbo","Scrape"],"picked":"Redo","floor":18},{"not_picked":["Turbo+1","White Noise+1","Streamline"],"picked":"Leap+1","floor":19},{"not_picked":["Force Field+1","Cold Snap","Sunder+1","Barrage"],"picked":"SKIP","floor":21},{"not_picked":["Glacier","Streamline","Compile Driver","Coolheaded"],"picked":"SKIP","floor":28},{"not_picked":["Sweeping Beam","Barrage","Compile Driver"],"picked":"Biased Cognition","floor":30},{"not_picked":["Turbo","Hologram+1","Sweeping Beam"],"picked":"Auto Shields","floor":31}],"player_experience":246913,"relics_obtained":[{"floor":9,"key":"Gremlin Horn"},{"floor":11,"key":"Question Card"},{"floor":13,"key":"Ancient Tea Set"},{"floor":26,"key":"Girya"}],"event_choices":[{"event_name":"Bonfire Elementals","player_choice":"BASIC","floor":2,"damage_taken":0},{"event_name":"Back to Basics","player_choice":"Elegance","floor":22,"damage_taken":0},{"event_name":"Golden Shrine","player_choice":"Pray","floor":29,"damage_taken":0}],"is_beta":false,"boss_relics":[{"not_picked":["Tiny House","Busted Crown"],"picked":"Eternal Feather"}],"items_purged_floors":[5,20],"is_endless":false,"potions_floor_spawned":[4,10,11,18,19,21],"killed_by":"Collector","ascension_level":2}