{"gold_per_floor":[110,120,120,41,41,69,86,116,139,156,171,185,195,215,215,319,319,338,10,10,10,23,23,42,58,58,58,58,69,80,110,110,214,214,232,246,71,84,84,84,117,148,185,216,228,240],"floor_reached":47,"playtime":3219,"items_purged":["Strike_R","Defend_R"],"score":768,"play_id":"6cae64f9-33c9-4070-ab84-914e7659a627","local_time":"20190201191019","is_ascension_mode":false,"campfire_choices":[{"data":"Barricade","floor":15,"key":"SMITH"},{"data":"Entrench","floor":23,"key":"SMITH"},{"data":"Pommel Strike","floor":27,"key":"SMITH"},{"data":"True Grit","floor":32,"key":"SMITH"},{"data":"Armaments","floor":40,"key":"SMITH"}],"neow_cost":"CURSE","seed_source_timestamp":169122353522628,"circlet_count":0,"master_deck":["Defend_R","Defend_R","Defend_R+1","Bash","Writhe","Barricade+1","Entrench+1","Metallicize","Impervious+1","Pommel Strike","Body Slam","Juggernaut","Flame Barrier","Juggernaut","Body Slam","Shrug It Off+1","Battle Trance","Metallicize","True Grit+1","Juggernaut","Iron Wave+1","Barricade+1","Second Wind+1","Armaments+1","Pommel Strike+1","Fiend Fire","True Grit+1","Shrug It Off+1","Ghostly Armor+1"],"relics":["Burning Blood","Omamori","Centennial Puzzle","FossilizedHelix","Pen Nib","Coffee Dripper","Membership Card","War Paint","Shuriken","Ginger","Astrolabe","Bottled Tornado","MawBank","Vajra"],"potions_floor_usage":[7,18,31,33,33,41,41,41,44],"damage_taken":[{"damage":9,"enemies":"Jaw Worm","floor":1,"turns":4},{"damage":5,"enemies":"Small Slimes","floor":2,"turns":6},{"damage":17,"enemies":"3 Sentries","floor":6,"turns":18},{"damage":0,"enemies":"2 Louse","floor":7,"turns":4},{"damage":0,"enemies":"Lagavulin","floor":8,"turns":10},{"damage":6,"enemies":"Exordium Thugs","floor":10,"turns":7},{"damage":2,"enemies":"Looter","floor":11,"turns":3},{"damage":8,"enemies":"3 Louse","floor":12,"turns":3},{"damage":4,"enemies":"Red Slaver","floor":13,"turns":5},{"damage":0,"enemies":"Large Slime","floor":14,"turns":7},{"damage":0,"enemies":"Slime Boss","floor":16,"turns":11},{"damage":2,"enemies":"Shell Parasite","floor":18,"turns":7},{"damage":2,"enemies":"2 Thieves","floor":22,"turns":4},{"damage":5,"enemies":"Snecko","floor":24,"turns":6},{"damage":0,"enemies":"Shelled Parasite and Fungi","floor":25,"turns":4},{"damage":16,"enemies":"3 Cultists","floor":29,"turns":6},{"damage":0,"enemies":"Cultist and Chosen","floor":30,"turns":5},{"damage":13,"enemies":"Slavers","floor":31,"turns":6},{"damage":1,"enemies":"Collector","floor":33,"turns":9},{"damage":0,"enemies":"3 Darklings","floor":35,"turns":6},{"damage":0,"enemies":"Orb Walker","floor":36,"turns":5},{"damage":0,"enemies":"Maw","floor":38,"turns":7},{"damage":31,"enemies":"Reptomancer","floor":41,"turns":5},{"damage":24,"enemies":"Jaw Worm Horde","floor":42,"turns":6},{"damage":0,"enemies":"4 Shapes","floor":44,"turns":6},{"damage":8,"enemies":"Awakened One","floor":46,"turns":16}],"seed_played":"5239292937565637734","potions_obtained":[{"floor":2,"key":"BloodPotion"},{"floor":7,"key":"Strength Potion"},{"floor":11,"key":"EntropicBrew"},{"floor":13,"key":"Weak Potion"},{"floor":24,"key":"Fire Potion"},{"floor":30,"key":"Swift Potion"},{"floor":31,"key":"Fire Potion"},{"floor":36,"key":"Dexterity Potion"},{"floor":38,"key":"LiquidBronze"},{"floor":42,"key":"Weak Potion"}],"is_trial":false,"path_per_floor":["M","M","?","$","?","E","M","E","T","M","M","M","M","M","R","B",null,"M","$","?","$","M","R","M","M","T","R","?","M","M","E","R","B",null,"M","M","$","M","?","R","E","M","T","M","?","B",null],"character_chosen":"IRONCLAD","items_purchased":["Impervious","Membership Card","War Paint","Body Slam","Bottled Tornado"],"campfire_rested":0,"item_purchase_floors":[4,19,19,19,37],"current_hp_per_floor":[77,78,71,71,64,53,67,73,73,73,77,75,77,80,80,80,80,80,80,80,80,80,80,80,80,80,80,80,70,76,69,69,74,80,80,80,80,80,80,80,55,37,37,43,43,41],"gold":252,"neow_bonus":"THREE_RARE_CARDS","is_prod":false,"is_daily":false,"chose_seed":false,"campfire_upgraded":5,"win_rate":0,"timestamp":1549077019,"path_taken":["M","M","?","$","?","E","M","E","T","M","M","M","M","M","R","BOSS","M","$","?","$","M","R","M","M","T","R","?","?","M","E","R","BOSS","M","M","$","M","?","R","E","M","T","M","?","BOSS"],"build_version":"2019-01-23","purchased_purges":2,"victory":true,"max_hp_per_floor":[80,80,80,80,80,80,80,80,80,80,80,80,80,80,80,80,80,80,80,80,80,80,80,80,80,80,80,80,80,80,80,80,80,80,80,80,80,80,80,80,80,80,80,80,80,80],"card_choices":[{"not_picked":["Reaper","Exhume"],"picked":"Barricade","floor":0},{"not_picked":["Uppercut","Fire Breathing"],"picked":"Entrench","floor":1},{"not_picked":["Seeing Red","Flex"],"picked":"Metallicize","floor":2},{"not_picked":["Second Wind","Clothesline"],"picked":"Pommel Strike","floor":6},{"not_picked":["Twin Strike","Anger","Bloodletting"],"picked":"SKIP","floor":7},{"not_picked":["Twin Strike","Fire Breathing"],"picked":"Pommel Strike","floor":8},{"not_picked":["Iron Wave","Anger"],"picked":"Body Slam","floor":10},{"not_picked":["Spot Weakness","Perfected Strike"],"picked":"Juggernaut","floor":11},{"not_picked":["Reckless Charge","Pommel Strike"],"picked":"Flame Barrier","floor":12},{"not_picked":["Fire Breathing","Thunderclap","Blood for Blood"],"picked":"SKIP","floor":13},{"not_picked":["Clothesline","Heavy Blade","Clash"],"picked":"SKIP","floor":14},{"not_picked":["Barricade","Brutality"],"picked":"Juggernaut","floor":16},{"not_picked":["Rampage","Heavy Blade","Pummel"],"picked":"SKIP","floor":18},{"not_picked":["Pummel","Flex","Perfected Strike"],"picked":"SKIP","floor":22},{"not_picked":["Feel No Pain","Warcry"],"picked":"Shrug It Off+1","floor":24},{"not_picked":["Heavy Blade","Rampage","Havoc+1"],"picked":"SKIP","floor":25},{"not_picked":["Clash","Corruption+1"],"picked":"Battle Trance","floor":29},{"not_picked":["Cleave","Spot Weakness"],"picked":"Metallicize","floor":30},{"not_picked":["Wild Strike","Juggernaut"],"picked":"True Grit","floor":31},{"not_picked":["Brutality","Double Tap"],"picked":"Juggernaut","floor":33},{"not_picked":["Pommel Strike+1","Wild Strike"],"picked":"Armaments","floor":35},{"not_picked":["Heavy Blade","Wild Strike"],"picked":"Pommel Strike+1","floor":36},{"not_picked":["Flex","Heavy Blade"],"picked":"Fiend Fire","floor":38},{"not_picked":["Battle Trance","Anger"],"picked":"True Grit+1","floor":41},{"not_picked":["Iron Wave+1","Flex+1"],"picked":"Shrug It Off+1","floor":42},{"not_picked":["Uppercut","True Grit"],"picked":"Ghostly Armor+1","floor":44}],"player_experience":151220,"relics_obtained":[{"floor":6,"key":"Centennial Puzzle"},{"floor":8,"key":"FossilizedHelix"},{"floor":9,"key":"Pen Nib"},{"floor":26,"key":"Shuriken"},{"floor":31,"key":"Ginger"},{"floor":41,"key":"MawBank"},{"floor":43,"key":"Vajra"}],"event_choices":[{"damage_healed":0,"gold_gain":0,"player_choice":"Success","damage_taken":7,"relics_obtained":["Omamori"],"max_hp_gain":0,"max_hp_loss":0,"event_name":"Scrap Ooze","floor":3,"gold_loss":0},{"cards_removed":["Strike_R"],"damage_healed":0,"gold_gain":0,"player_choice":"Card Removal","damage_taken":7,"max_hp_gain":0,"max_hp_loss":0,"event_name":"Golden Wing","floor":5,"gold_loss":0},{"damage_healed":0,"gold_gain":0,"player_choice":"Relic","damage_taken":0,"max_hp_gain":0,"max_hp_loss":0,"event_name":"Wheel of Change","floor":28,"gold_loss":0},{"cards_removed":["Pommel Strike"],"damage_healed":0,"gold_gain":0,"player_choice":"Removed Attack","damage_taken":0,"max_hp_gain":0,"max_hp_loss":0,"event_name":"Falling","floor":39,"gold_loss":0},{"damage_healed":0,"gold_gain":0,"player_choice":"Took Portal","damage_taken":0,"max_hp_gain":0,"max_hp_loss":0,"event_name":"SecretPortal","floor":45,"gold_loss":0}],"is_beta":false,"boss_relics":[{"not_picked":["Runic Pyramid","Lizard Tail"],"picked":"Coffee Dripper"},{"not_picked":["Tiny House","Runic Dome"],"picked":"Astrolabe"}],"items_purged_floors":[19,37],"is_endless":false,"potions_floor_spawned":[2,7,11,13,24,30,31,36,38,42],"ascension_level":0}