{"gold_per_floor":[119,41,55,5,5,5,15,26,26,58,73,89,89,124,124,221,221,233,233,10,10,23,56,75,90,90,125,25,25,25,38,38,139,139,151,82,82,94,108,108,140,140,194,194,69,102,202,212,212,212],"floor_reached":51,"playtime":4808,"items_purged":["Strike_G","Strike_G","Strike_G"],"score":755,"play_id":"28d3863c-1b0f-4c05-bf51-232297d33575","local_time":"20190105023101","is_ascension_mode":false,"campfire_choices":[{"data":"Neutralize","floor":6,"key":"SMITH"},{"data":"Deadly Poison","floor":13,"key":"SMITH"},{"data":"Deadly Poison","floor":15,"key":"SMITH"},{"floor":29,"key":"REST"},{"floor":32,"key":"REST"},{"floor":40,"key":"REST"},{"data":"Noxious Fumes","floor":42,"key":"SMITH"},{"data":"Tools of the Trade","floor":49,"key":"SMITH"}],"neow_cost":"NONE","seed_source_timestamp":619267255599936,"circlet_count":0,"master_deck":["Defend_G","Defend_G","Defend_G","Defend_G","Survivor","Neutralize+1","Distraction","Underhanded Strike","Prepared","PiercingWail","Dagger Throw","Eviscerate","Dodge and Roll","Deadly Poison+1","Tactician","Night Terror","Dash+1","Footwork","Bouncing Flask","Calculated Gamble+1","Dagger Throw+1","Dodge and Roll+1","Underhanded Strike+1","Underhanded Strike+1","Infinite Blades","Outmaneuver+1","Tools of the Trade+1","Distraction+1","Noxious Fumes+1","Madness","Madness","Backflip","Underhanded Strike+1","Prepared","Underhanded Strike+1","Tactician+1","Tactician+1"],"relics":["Ring of the Snake","Ninja Scroll","Boot","Bottled Flame","Molten Egg 2","Runic Pyramid","Darkstone Periapt","Ornamental Fan","Pantograph","Matryoshka","Sozu","Question Card","Snake Skull","Strawberry","Meat on the Bone","Thread and Needle"],"potions_floor_usage":[12,16,41],"damage_taken":[{"damage":0,"enemies":"Small Slimes","floor":1,"turns":3},{"damage":0,"enemies":"Cultist","floor":3,"turns":3},{"damage":0,"enemies":"2 Louse","floor":7,"turns":2},{"damage":6,"enemies":"Blue Slaver","floor":8,"turns":4},{"damage":19,"enemies":"Gremlin Nob","floor":10,"turns":4},{"damage":2,"enemies":"Exordium Wildlife","floor":11,"turns":6},{"damage":5,"enemies":"3 Louse","floor":12,"turns":3},{"damage":5,"enemies":"3 Sentries","floor":14,"turns":3},{"damage":37,"enemies":"Slime Boss","floor":16,"turns":17},{"damage":0,"enemies":"Chosen","floor":18,"turns":5},{"damage":12,"enemies":"Spheric Guardian","floor":22,"turns":7},{"damage":47,"enemies":"Book of Stabbing","floor":23,"turns":7},{"damage":0,"enemies":"Centurion and Healer","floor":24,"turns":8},{"damage":0,"enemies":"Chosen and Byrds","floor":25,"turns":5},{"damage":11,"enemies":"Slavers","floor":27,"turns":7},{"damage":0,"enemies":"Cultist and Chosen","floor":31,"turns":6},{"damage":60,"enemies":"Champ","floor":33,"turns":13},{"damage":0,"enemies":"Orb Walker","floor":35,"turns":3},{"damage":27,"enemies":"3 Darklings","floor":38,"turns":5},{"damage":6,"enemies":"Jaw Worm Horde","floor":39,"turns":5},{"damage":5,"enemies":"Reptomancer","floor":41,"turns":8},{"damage":4,"enemies":"Nemesis","floor":46,"turns":7},{"damage":0,"enemies":"Mind Bloom Boss Battle","floor":47,"turns":4},{"damage":2,"enemies":"Maw","floor":48,"turns":7},{"damage":36,"enemies":"Donu and Deca","floor":50,"turns":11}],"seed_played":"-17943801787609618","potions_obtained":[{"floor":7,"key":"SneckoOil"},{"floor":10,"key":"SmokeBomb"},{"floor":12,"key":"Fruit Juice"},{"floor":14,"key":"Poison Potion"},{"floor":18,"key":"Energy Potion"},{"floor":21,"key":"Regen Potion"},{"floor":21,"key":"SpeedPotion"},{"floor":33,"key":"GhostInAJar"}],"is_trial":false,"path_per_floor":["M","?","M","?","?","R","M","M","T","E","M","M","R","E","R","B",null,"M","?","$","?","M","E","M","M","T","E","$","R","?","M","R","B",null,"M","$","?","M","M","R","E","R","T","?","$","E","?","M","R","B",null],"character_chosen":"THE_SILENT","items_purchased":["Footwork","Bouncing Flask","Noxious Fumes"],"campfire_rested":3,"item_purchase_floors":[20,20,36],"current_hp_per_floor":[70,70,70,70,70,70,70,64,64,45,43,43,43,38,38,1,75,75,75,75,75,63,16,16,16,16,5,5,27,27,27,49,14,75,75,75,66,39,33,55,50,50,57,57,57,53,78,76,76,46],"gold":212,"neow_bonus":"THREE_CARDS","is_prod":false,"is_daily":false,"chose_seed":false,"campfire_upgraded":5,"win_rate":0.0,"timestamp":1546673461,"path_taken":["M","?","?","?","?","R","M","M","T","E","M","M","R","E","R","BOSS","M","?","$","?","M","E","M","?","T","E","$","R","?","M","R","BOSS","M","?","?","M","?","R","E","R","T","?","$","E","?","M","R","BOSS"],"build_version":"2019-01-03v4","purchased_purges":3,"victory":true,"max_hp_per_floor":[70,70,70,70,70,70,70,70,70,70,70,75,75,75,75,75,75,75,75,75,75,75,75,75,75,75,75,75,75,75,75,75,75,75,75,75,75,75,75,75,75,75,82,82,82,82,82,82,82,82],"card_choices":[{"not_picked":["Quick Slash","Blade Dance"],"picked":"Deadly Poison","floor":0},{"not_picked":["Poisoned Stab","Predator"],"picked":"Distraction","floor":1},{"not_picked":["Flying Knee","Choke"],"picked":"Underhanded Strike","floor":3},{"not_picked":["Calculated Gamble","Prepared"],"picked":"PiercingWail","floor":7},{"not_picked":["Sucker Punch","Predator"],"picked":"Dagger Throw","floor":8},{"not_picked":["Quick Slash","Dodge and Roll"],"picked":"Eviscerate","floor":10},{"not_picked":["Dagger Spray","Prepared"],"picked":"Dodge and Roll","floor":11},{"not_picked":["PiercingWail","Reflex"],"picked":"Deadly Poison","floor":12},{"not_picked":["Quick Slash","Dagger Spray"],"picked":"Tactician","floor":14},{"not_picked":["Glass Knife+1","Adrenaline"],"picked":"Night Terror","floor":16},{"not_picked":["Riddle With Holes+1","Dagger Spray+1"],"picked":"Dash+1","floor":18},{"not_picked":["Deflect","Backstab+1"],"picked":"Calculated Gamble+1","floor":22},{"not_picked":["Poisoned Stab+1","Flying Knee+1"],"picked":"Dagger Throw+1","floor":23},{"not_picked":["Dagger Throw+1","Masterful Stab+1"],"picked":"Dodge and Roll+1","floor":24},{"not_picked":["Choke+1","Blade Dance"],"picked":"Underhanded Strike+1","floor":25},{"not_picked":["Acrobatics","Flechettes+1"],"picked":"Underhanded Strike+1","floor":27},{"not_picked":["Deflect","Predator+1"],"picked":"Outmaneuver+1","floor":31},{"not_picked":["Unload+1","Venomology"],"picked":"Tools of the Trade","floor":33},{"not_picked":["Eviscerate+1","Caltrops"],"picked":"Distraction+1","floor":35},{"not_picked":["Deadly Poison","Slice+1"],"picked":"Backflip","floor":38},{"not_picked":["Dodge and Roll+1","Flechettes+1"],"picked":"Underhanded Strike+1","floor":39},{"not_picked":["Dagger Spray+1","Unload+1"],"picked":"Prepared","floor":41},{"not_picked":["Quick Slash+1","Dagger Throw+1","Outmaneuver"],"picked":"Underhanded Strike+1","floor":46},{"not_picked":["Backflip+1","Dagger Spray+1","Infinite Blades"],"picked":"Tactician+1","floor":47},{"not_picked":["Quick Slash+1","Endless Agony+1","Calculated Gamble+1"],"picked":"Tactician+1","floor":48}],"player_experience":23448,"relics_obtained":[{"floor":9,"key":"Boot"},{"floor":10,"key":"Bottled Flame"},{"floor":14,"key":"Molten Egg 2"},{"floor":23,"key":"Ornamental Fan"},{"floor":26,"key":"Pantograph"},{"floor":27,"key":"Matryoshka"},{"floor":41,"key":"Question Card"},{"floor":43,"key":"Snake Skull"},{"floor":43,"key":"Strawberry"},{"floor":46,"key":"Meat on the Bone"},{"floor":47,"key":"Thread and Needle"}],"event_choices":[{"damage_healed":0,"gold_gain":0,"player_choice":"Paid Gold","damage_taken":0,"relics_obtained":["Ninja Scroll"],"max_hp_gain":0,"max_hp_loss":0,"event_name":"WeMeetAgain","floor":2,"gold_loss":78},{"cards_removed":["Strike_G"],"damage_healed":0,"gold_gain":0,"player_choice":"Card Removal","damage_taken":0,"max_hp_gain":0,"max_hp_loss":0,"event_name":"The Cleric","floor":4,"gold_loss":50},{"damage_healed":0,"gold_gain":0,"cards_transformed":["Strike_G"],"player_choice":"Change","damage_taken":0,"max_hp_gain":0,"max_hp_loss":0,"event_name":"Living Wall","floor":5,"gold_loss":0,"cards_obtained":["Prepared"]},{"damage_healed":0,"gold_gain":0,"player_choice":"Opened","damage_taken":0,"relics_obtained":["Darkstone Periapt"],"max_hp_gain":0,"max_hp_loss":0,"event_name":"The Mausoleum","floor":19,"gold_loss":0},{"damage_healed":0,"gold_gain":0,"player_choice":"Got Potions","damage_taken":0,"max_hp_gain":0,"max_hp_loss":0,"event_name":"Lab","floor":21,"gold_loss":0},{"damage_healed":0,"gold_gain":0,"cards_transformed":["Defend_G"],"player_choice":"Transformed","damage_taken":0,"max_hp_gain":0,"max_hp_loss":0,"event_name":"Transmorgrifier","floor":30,"gold_loss":0,"cards_obtained":["Infinite Blades"]},{"damage_healed":0,"gold_gain":0,"player_choice":"Embrace Madness","damage_taken":9,"max_hp_gain":0,"max_hp_loss":0,"event_name":"Winding Halls","floor":37,"gold_loss":0,"cards_obtained":["Madness","Madness"]},{"cards_removed":["Deadly Poison"],"damage_healed":0,"gold_gain":0,"player_choice":"Removed Skill","damage_taken":0,"max_hp_gain":0,"max_hp_loss":0,"event_name":"Falling","floor":44,"gold_loss":0},{"damage_healed":0,"gold_gain":0,"player_choice":"Fight","damage_taken":0,"max_hp_gain":0,"max_hp_loss":0,"event_name":"MindBloom","floor":47,"gold_loss":0}],"is_beta":false,"boss_relics":[{"not_picked":["Velvet Choker","Coffee Dripper"],"picked":"Runic Pyramid"},{"not_picked":["Runic Dome","White Beast Statue"],"picked":"Sozu"}],"items_purged_floors":[20,28,45],"is_endless":false,"potions_floor_spawned":[7,10,12,14,18,22,33,35,38,39,48],"ascension_level":0}