{"gold_per_floor":[111,29,29,29,47,77,77,94,119,119,119,151,169,185,185,288,288,301,301,315,330,91,116,116,146,146,66,82,92,112,124,124,224,224,238,27,46,12,12,12,24,24,24,24,37,37,37,71,71,71],"floor_reached":51,"playtime":2235,"items_purged":[],"score":752,"play_id":"c4596330-6343-4785-98f3-66ae3eb52216","local_time":"20181208185445","is_ascension_mode":false,"campfire_choices":[{"data":"Genetic Algorithm","floor":7,"key":"SMITH"},{"data":"White Noise","floor":10,"key":"SMITH"},{"floor":15,"key":"REST"},{"floor":24,"key":"REST"},{"data":"Echo Form","floor":32,"key":"SMITH"},{"floor":40,"key":"REST"},{"floor":42,"key":"REST"},{"floor":44,"key":"REST"},{"floor":49,"key":"REST"}],"neow_cost":"NONE","seed_source_timestamp":67688147343655,"circlet_count":0,"master_deck":["Strike_B","Strike_B","Strike_B","Strike_B","Defend_B","Defend_B","Defend_B","Defend_B","Zap","Dualcast","Storm","Defragment","Genetic Algorithm+1","White Noise+1","Echo Form+1","Machine Learning","Storm+1","Storm","Defragment","Ball Lightning","Self Repair","Loop","Heatsinks","Static Discharge","Reprogram+1","Seek","Loop","Metamorphosis","Loop","Writhe","Loop+1","White Noise+1","Thinking Ahead+1","White Noise+1"],"relics":["Cracked Core","Lantern","Vajra","Blood Vial","Lizard Tail","Regal Pillow","Shuriken","Bronze Scales","Symbiotic Virus","Fusion Hammer","Toxic Egg 2","Pantograph"],"potions_floor_usage":[12,18,18,23,31,37,50,50],"damage_taken":[{"damage":1,"enemies":"2 Louse","floor":1,"turns":3},{"damage":0,"enemies":"Small Slimes","floor":5,"turns":3},{"damage":34,"enemies":"Lagavulin","floor":6,"turns":7},{"damage":6,"enemies":"Cultist","floor":8,"turns":3},{"damage":22,"enemies":"Gremlin Nob","floor":12,"turns":4},{"damage":0,"enemies":"2 Fungi Beasts","floor":13,"turns":3},{"damage":15,"enemies":"Gremlin Gang","floor":14,"turns":4},{"damage":9,"enemies":"The Guardian","floor":16,"turns":12},{"damage":21,"enemies":"2 Thieves","floor":18,"turns":4},{"damage":10,"enemies":"Spheric Guardian","floor":20,"turns":3},{"damage":41,"enemies":"Centurion and Healer","floor":21,"turns":14},{"damage":12,"enemies":"Book of Stabbing","floor":23,"turns":3},{"damage":37,"enemies":"Slavers","floor":25,"turns":4},{"damage":13,"enemies":"Chosen and Byrds","floor":28,"turns":3},{"damage":21,"enemies":"Snake Plant","floor":29,"turns":4},{"damage":0,"enemies":"Cultist and Chosen","floor":30,"turns":3},{"damage":7,"enemies":"Sentry and Sphere","floor":31,"turns":3},{"damage":56,"enemies":"Champ","floor":33,"turns":6},{"damage":35,"enemies":"3 Darklings","floor":35,"turns":4},{"damage":16,"enemies":"3 Shapes","floor":37,"turns":3},{"damage":35,"enemies":"Maw","floor":41,"turns":6},{"damage":14,"enemies":"Jaw Worm Horde","floor":45,"turns":2},{"damage":58,"enemies":"Nemesis","floor":48,"turns":5},{"damage":46,"enemies":"Donu and Deca","floor":50,"turns":4}],"seed_played":"6774117215112608750","potions_obtained":[{"floor":5,"key":"SteroidPotion"},{"floor":6,"key":"Fire Potion"},{"floor":13,"key":"Energy Potion"},{"floor":21,"key":"Swift Potion"},{"floor":25,"key":"Block Potion"},{"floor":29,"key":"LiquidBronze"},{"floor":33,"key":"Regen Potion"},{"floor":35,"key":"SpeedPotion"},{"floor":48,"key":"Swift Potion"}],"is_trial":false,"path_per_floor":["M","$","?","?","M","E","R","M","T","R","?","E","M","M","R","B",null,"M","?","M","M","$","E","R","E","T","$","M","M","M","M","R","B",null,"M","$","M","$","?","R","M","R","T","R","M","?","$","E","R","B",null],"character_chosen":"DEFECT","items_purchased":["Defragment","Defragment","Regal Pillow","Ball Lightning","Heatsinks","Loop","Metamorphosis","Loop"],"campfire_rested":6,"item_purchase_floors":[2,22,22,22,27,36,36,38],"current_hp_per_floor":[74,74,79,79,79,45,45,39,39,39,39,17,19,6,30,23,80,59,59,51,12,12,2,41,13,13,13,2,40,49,58,58,11,80,45,45,40,40,60,80,52,80,80,80,66,66,66,17,56,41],"gold":71,"neow_bonus":"THREE_CARDS","is_prod":false,"is_daily":false,"chose_seed":false,"campfire_upgraded":3,"win_rate":0,"timestamp":1544291685,"path_taken":["M","$","?","?","M","E","R","M","T","R","?","E","?","M","R","BOSS","M","?","M","M","$","E","R","E","T","$","M","M","M","?","R","BOSS","M","$","M","$","?","R","M","R","T","R","M","?","?","E","R","BOSS"],"build_version":"2018-12-06","purchased_purges":0,"victory":true,"max_hp_per_floor":[75,75,80,80,80,80,80,80,80,80,80,80,80,80,80,80,80,80,80,80,80,80,80,80,80,80,80,80,80,80,80,80,80,80,80,80,80,80,80,80,80,80,80,80,80,80,80,80,80,80],"card_choices":[{"not_picked":["Conserve Battery","Gash"],"picked":"Storm","floor":0},{"not_picked":["Turbo","Aggregate","Steam"],"picked":"SKIP","floor":1},{"not_picked":["Cold Snap","Stack"],"picked":"Genetic Algorithm","floor":5},{"not_picked":["Heatsinks","Stack"],"picked":"White Noise","floor":6},{"not_picked":["Darkness","Recycle","Chill"],"picked":"SKIP","floor":8},{"not_picked":["Streamline","Conserve Battery"],"picked":"Echo Form","floor":12},{"not_picked":["Cold Snap","Redo","Turbo"],"picked":"SKIP","floor":13},{"not_picked":["Beam Cell","Go for the Eyes","Sweeping Beam"],"picked":"SKIP","floor":14},{"not_picked":["Reboot","Meteor Strike"],"picked":"Machine Learning","floor":16},{"not_picked":["Conserve Battery","Stack"],"picked":"Storm+1","floor":18},{"not_picked":["Leap","Turbo"],"picked":"Storm","floor":20},{"not_picked":["Stack","Multi-Cast","Barrage"],"picked":"SKIP","floor":21},{"not_picked":["Cold Snap","Barrage+1"],"picked":"Self Repair","floor":23},{"not_picked":["Melter","Reprogram"],"picked":"Loop","floor":25},{"not_picked":["Barrage","Compile Driver","Genetic Algorithm"],"picked":"SKIP","floor":28},{"not_picked":["FTL","Scrape"],"picked":"Static Discharge","floor":29},{"not_picked":["Compile Driver+1","Hello World"],"picked":"Reprogram+1","floor":30},{"not_picked":["Rebound","Aggregate","Cold Snap"],"picked":"SKIP","floor":31},{"not_picked":["Core Surge","Hyperbeam"],"picked":"Seek","floor":33},{"not_picked":["Leap+1","Reprogram+1","Scrape"],"picked":"SKIP","floor":35},{"not_picked":["Rebound+1","Scrape","Coolheaded"],"picked":"SKIP","floor":37},{"not_picked":["Static Discharge","FTL+1"],"picked":"Loop+1","floor":41},{"not_picked":["Conserve Battery+1","Heatsinks+1"],"picked":"White Noise+1","floor":45},{"not_picked":["Finesse+1","HandOfGreed"],"picked":"Thinking Ahead+1","floor":46},{"not_picked":["Sweeping Beam+1","Go for the Eyes+1"],"picked":"White Noise+1","floor":48}],"player_experience":556219,"relics_obtained":[{"floor":6,"key":"Lantern"},{"floor":9,"key":"Vajra"},{"floor":12,"key":"Blood Vial"},{"floor":23,"key":"Shuriken"},{"floor":25,"key":"Bronze Scales"},{"floor":26,"key":"Symbiotic Virus"},{"floor":43,"key":"Toxic Egg 2"},{"floor":48,"key":"Pantograph"}],"event_choices":[{"damage_healed":0,"gold_gain":0,"player_choice":"Donut","damage_taken":0,"max_hp_gain":5,"max_hp_loss":0,"event_name":"Big Fish","floor":3,"gold_loss":0},{"damage_healed":0,"gold_gain":0,"player_choice":"Leave","damage_taken":0,"max_hp_gain":0,"max_hp_loss":0,"event_name":"The Cleric","floor":4,"gold_loss":0},{"damage_healed":0,"gold_gain":0,"player_choice":"Bought 0 Potions","damage_taken":0,"max_hp_gain":0,"max_hp_loss":0,"event_name":"The Woman in Blue","floor":11,"gold_loss":0},{"damage_healed":0,"gold_gain":0,"player_choice":"Ignored","damage_taken":0,"max_hp_gain":0,"max_hp_loss":0,"event_name":"N\u0027loth","floor":19,"gold_loss":0},{"damage_healed":20,"gold_gain":0,"player_choice":"Writhe","damage_taken":0,"max_hp_gain":0,"max_hp_loss":0,"event_name":"Winding Halls","floor":39,"gold_loss":0,"cards_obtained":["Writhe"]},{"damage_healed":0,"gold_gain":0,"player_choice":"Memory 1","damage_taken":0,"max_hp_gain":0,"max_hp_loss":0,"event_name":"SensoryStone","floor":46,"gold_loss":0}],"is_beta":false,"boss_relics":[{"not_picked":["Ectoplasm","Coffee Dripper"],"picked":"Lizard Tail"},{"not_picked":["Astrolabe","Pandora\u0027s Box"],"picked":"Fusion Hammer"}],"items_purged_floors":[],"is_endless":false,"potions_floor_spawned":[5,6,13,21,25,29,33,35,48],"ascension_level":0}