{"gold_per_floor":[114,133,133,133,144,144,156,81,81,81],"floor_reached":10,"playtime":381,"items_purged":["Defend_G"],"score":58,"play_id":"a3eeba9f-77d3-4bdc-a91f-65f1ec2326dd","local_time":"20181231150126","is_ascension_mode":false,"campfire_choices":[{"data":"After Image","floor":6,"key":"SMITH"}],"neow_cost":"NONE","seed_source_timestamp":837115832327704,"circlet_count":0,"master_deck":["Defend_G","Defend_G","Defend_G","Defend_G","Strike_G","Strike_G","Strike_G","Survivor","Neutralize","Bouncing Flask","Flying Knee","Bane","Footwork","After Image+1","Deadly Poison"],"relics":["Ring of the Snake","Dodecahedron"],"potions_floor_usage":[],"damage_taken":[{"damage":0,"enemies":"2 Louse","floor":1,"turns":3},{"damage":0,"enemies":"Small Slimes","floor":2,"turns":3},{"damage":0,"enemies":"Cultist","floor":5,"turns":3},{"damage":0,"enemies":"3 Louse","floor":7,"turns":5},{"damage":0,"enemies":"Large Slime","floor":10,"turns":1}],"seed_played":"-2585937378100024975","potions_obtained":[{"floor":2,"key":"EssenceOfSteel"},{"floor":5,"key":"Poison Potion"}],"is_trial":false,"path_per_floor":["M","M","?","?","M","R","M","$","T","M"],"character_chosen":"THE_SILENT","items_purchased":[],"campfire_rested":0,"item_purchase_floors":[],"current_hp_per_floor":[70,70,70,70,70,70,70,70,70,70],"gold":81,"neow_bonus":"TRANSFORM_CARD","is_prod":false,"is_daily":false,"chose_seed":false,"campfire_upgraded":1,"win_rate":0,"timestamp":1546281086,"path_taken":["M","M","?","?","M","R","M","$","T","?"],"build_version":"2018-12-20","purchased_purges":1,"victory":false,"max_hp_per_floor":[70,70,70,70,70,70,70,70,70,70],"card_choices":[{"not_picked":["Dodge and Roll","Cloak And Dagger"],"picked":"Flying Knee","floor":1},{"not_picked":["Sucker Punch","Prepared"],"picked":"Bane","floor":2},{"not_picked":["Dagger Spray","Prepared","Underhanded Strike"],"picked":"SKIP","floor":5},{"not_picked":["Sucker Punch","Backflip"],"picked":"Deadly Poison","floor":7}],"player_experience":136988,"relics_obtained":[{"floor":9,"key":"Dodecahedron"}],"event_choices":[{"damage_healed":0,"gold_gain":0,"cards_transformed":["Strike_G"],"player_choice":"Change","damage_taken":0,"max_hp_gain":0,"max_hp_loss":0,"event_name":"Living Wall","floor":3,"gold_loss":0,"cards_obtained":["Footwork"]},{"damage_healed":0,"gold_gain":0,"player_choice":"1 cards matched","damage_taken":0,"max_hp_gain":0,"max_hp_loss":0,"event_name":"Match and Keep!","floor":4,"gold_loss":0,"cards_obtained":["After Image"]}],"is_beta":false,"boss_relics":[],"items_purged_floors":[8],"is_endless":false,"potions_floor_spawned":[2,5],"killed_by":"Large Slime","ascension_level":0}