{"gold_per_floor":[115,133,58,70,90,90,124,124,173,191,191,211,211,211,211,308,308,318,318,318,330,350,350,260,122,122,122,140,15,15,33,33,135,135,147,160,174,24,24],"floor_reached":39,"playtime":1741,"items_purged":["Strike_G","Strike_G","Strike_G","Strike_G"],"score":440,"play_id":"9f54e3dd-9510-4150-8636-13ff7397dda4","local_time":"20180827122144","is_ascension_mode":true,"campfire_choices":[{"data":"Cloak And Dagger","floor":6,"key":"SMITH"},{"floor":8,"key":"REST"},{"data":"Envenom","floor":11,"key":"SMITH"},{"floor":13,"key":"REST"},{"data":"Bane","floor":15,"key":"SMITH"},{"data":"Leg Sweep","floor":23,"key":"SMITH"},{"data":"Noxious Fumes","floor":27,"key":"SMITH"},{"floor":32,"key":"REST"}],"neow_cost":"NONE","seed_source_timestamp":962796392749811,"circlet_count":0,"master_deck":["Defend_G+1","Defend_G","Defend_G","Defend_G","Defend_G","Survivor","Neutralize","Dagger Spray","PiercingWail","Cloak And Dagger+1","Leg Sweep+1","Envenom+1","Bane+1","Flechettes","Glass Knife","Accuracy+1","Noxious Fumes+1","Prepared","Envenom","Escape Plan+1","Escape Plan","Dash+1"],"relics":["Ring of the Snake","Happy Flower","Ninja Scroll","Lantern","Sozu","Omamori","Matryoshka","Black Star"],"potions_floor_usage":[16,28,28,28],"damage_taken":[{"damage":2,"enemies":"Jaw Worm","floor":1,"turns":4},{"damage":0,"enemies":"Small Slimes","floor":2,"turns":2},{"damage":0,"enemies":"2 Louse","floor":4,"turns":3},{"damage":0,"enemies":"Blue Slaver","floor":5,"turns":5},{"damage":48,"enemies":"Gremlin Nob","floor":7,"turns":7},{"damage":0,"enemies":"Large Slime","floor":10,"turns":6},{"damage":0,"enemies":"Exordium Thugs","floor":12,"turns":3},{"damage":40,"enemies":"Hexaghost","floor":16,"turns":9},{"damage":0,"enemies":"3 Byrds","floor":18,"turns":4},{"damage":0,"enemies":"Spheric Guardian","floor":21,"turns":3},{"damage":7,"enemies":"3 Cultists","floor":22,"turns":5},{"damage":24,"enemies":"Chosen and Byrds","floor":28,"turns":6},{"damage":18,"enemies":"Snecko","floor":31,"turns":5},{"damage":52,"enemies":"Automaton","floor":33,"turns":14},{"damage":6,"enemies":"3 Shapes","floor":35,"turns":8},{"damage":15,"enemies":"Flame Bruiser 1 Orb","floor":36,"turns":5},{"damage":38,"enemies":"Spire Growth","floor":37,"turns":5},{"damage":19,"enemies":"Sphere and 2 Shapes","floor":39,"turns":3}],"seed_played":"-9203256599700083002","potions_obtained":[{"floor":7,"key":"Weak Potion"},{"floor":10,"key":"AttackPotion"},{"floor":12,"key":"Regen Potion"},{"floor":16,"key":"Fire Potion"}],"is_trial":false,"path_per_floor":["M","M","$","M","M","R","E","R","T","M","R","M","R","?","R","B",null,"M","?","?","M","M","R","?","$","T","R","M","$","T","M","R","B",null,"M","M","M","$"],"character_chosen":"THE_SILENT","items_purchased":["Noxious Fumes"],"campfire_rested":3,"item_purchase_floors":[25],"current_hp_per_floor":[68,68,68,68,68,68,20,41,41,41,41,41,62,62,62,22,70,70,57,75,75,68,68,68,68,68,68,56,56,56,38,60,8,75,69,54,16,16,0],"gold":24,"neow_bonus":"RANDOM_COMMON_RELIC","is_prod":false,"is_daily":false,"chose_seed":false,"campfire_upgraded":5,"win_rate":0,"timestamp":1535343704,"path_taken":["M","M","$","M","M","R","E","R","T","M","R","M","R","?","R","BOSS","M","?","?","M","M","R","?","$","T","R","M","$","?","M","R","BOSS","M","M","?","$","M"],"build_version":"2018-08-23v2","purchased_purges":4,"victory":false,"max_hp_per_floor":[70,70,70,70,70,70,70,70,70,70,70,70,70,70,70,70,70,70,75,75,75,75,75,75,75,75,75,75,75,75,75,75,75,75,75,75,75,75,75],"card_choices":[{"not_picked":["Prepared","Outmaneuver"],"picked":"Dagger Spray","floor":1},{"not_picked":["Setup","Deflect"],"picked":"PiercingWail","floor":2},{"not_picked":["Dagger Spray","Choke"],"picked":"Cloak And Dagger","floor":4},{"not_picked":["Eviscerate","Quick Slash"],"picked":"Leg Sweep","floor":5},{"not_picked":["Acrobatics","Dagger Spray"],"picked":"Envenom","floor":7},{"not_picked":["Sucker Punch","Blade Dance"],"picked":"Bane","floor":10},{"not_picked":["Dodge and Roll","Deflect"],"picked":"Flechettes","floor":12},{"not_picked":["Night Terror","Unload"],"picked":"Glass Knife","floor":16},{"not_picked":["PiercingWail","Dagger Throw","Dagger Spray"],"picked":"SKIP","floor":18},{"not_picked":["Tactician","Dagger Spray+1"],"picked":"Accuracy+1","floor":21},{"not_picked":["Riddle With Holes","Blade Dance+1","Distraction"],"picked":"SKIP","floor":22},{"not_picked":["Choke","Underhanded Strike"],"picked":"Prepared","floor":28},{"not_picked":["Sucker Punch","Deflect","Tactician"],"picked":"SKIP","floor":31},{"not_picked":["Unload","Venomology"],"picked":"Envenom","floor":33},{"not_picked":["Blade Dance","Sucker Punch"],"picked":"Escape Plan+1","floor":35},{"not_picked":["Cloak And Dagger+1","Bouncing Flask"],"picked":"Escape Plan","floor":36},{"not_picked":["Poisoned Stab+1","PiercingWail+1"],"picked":"Dash+1","floor":37}],"player_experience":300660,"relics_obtained":[{"floor":7,"key":"Ninja Scroll"},{"floor":9,"key":"Lantern"},{"floor":26,"key":"Omamori"},{"floor":30,"key":"Matryoshka"}],"event_choices":[{"event_name":"Dead Adventurer","player_choice":"Searched \u00271\u0027 times","floor":14,"damage_taken":0},{"event_name":"Forgotten Altar","player_choice":"Shed Blood","floor":19,"damage_taken":0},{"event_name":"The Library","player_choice":"Heal","floor":20,"damage_taken":0},{"event_name":"Designer","player_choice":"Full Service","floor":24,"damage_taken":0}],"is_beta":false,"boss_relics":[{"not_picked":["Fusion Hammer","Runic Pyramid"],"picked":"Sozu"},{"not_picked":["Astrolabe","White Beast Statue"],"picked":"Black Star"}],"items_purged_floors":[3,25,29,38],"is_endless":false,"potions_floor_spawned":[7,10,12,16,21,28,37],"killed_by":"Sphere and 2 Shapes","ascension_level":3}