{"gold_per_floor":[111,36,111,11,11,11,45,45,96,96,109,148,148,163,163,289,289,313,313,327,202,215,246,246,345,345,195,195,195,195,110,110,230,230,253,253,253,319,369,413,37,37,37,153,230,253,253,53,53,53],"floor_reached":51,"playtime":1345,"items_purged":["Strike_R","Defend_R","Reckless Charge","Second Wind","Bash","Searing Blow"],"score":743,"play_id":"d673a80c-4cbc-4238-b3ba-5c7f5f69ad59","local_time":"20190129220200","is_ascension_mode":false,"campfire_choices":[{"data":"Whirlwind","floor":6,"key":"SMITH"},{"data":"Inflame","floor":10,"key":"SMITH"},{"data":"Rampage","floor":13,"key":"SMITH"},{"data":"Defend_R","floor":15,"key":"SMITH"},{"data":"Limit Break","floor":24,"key":"SMITH"},{"data":"Shockwave","floor":29,"key":"SMITH"},{"data":"Uppercut","floor":32,"key":"SMITH"},{"data":"Armaments","floor":42,"key":"SMITH"},{"data":"1","floor":47,"key":"LIFT"},{"data":"2","floor":49,"key":"LIFT"}],"neow_cost":"NONE","seed_source_timestamp":3963050615388,"circlet_count":0,"master_deck":["Whirlwind+1","Inflame+1","Rampage+1","Limit Break+1","Armaments+1","Uppercut+1","Reaper","Exhume","Inflame+1","Shockwave+1","Flame Barrier+1"],"relics":["Burning Blood","NeowsBlessing","Golden Idol","Happy Flower","Red Skull","Self Forming Clay","Pandora\u0027s Box","Pocketwatch","Gremlin Horn","Vajra","Snecko Eye","SsserpentHead","Kunai","Chemical X","Pear","Girya","Dream Catcher"],"potions_floor_usage":[],"damage_taken":[{"damage":0,"enemies":"Jaw Worm","floor":1,"turns":1},{"damage":0,"enemies":"Lagavulin","floor":7,"turns":1},{"damage":0,"enemies":"Small Slimes","floor":11,"turns":1},{"damage":13,"enemies":"3 Sentries","floor":12,"turns":4},{"damage":0,"enemies":"2 Louse","floor":14,"turns":1},{"damage":41,"enemies":"The Guardian","floor":16,"turns":10},{"damage":22,"enemies":"Spheric Guardian","floor":18,"turns":4},{"damage":46,"enemies":"2 Thieves","floor":20,"turns":4},{"damage":19,"enemies":"Centurion and Healer","floor":22,"turns":4},{"damage":44,"enemies":"Book of Stabbing","floor":23,"turns":8},{"damage":23,"enemies":"Collector","floor":33,"turns":5},{"damage":7,"enemies":"Orb Walker","floor":35,"turns":3},{"damage":11,"enemies":"3 Shapes","floor":38,"turns":4},{"damage":14,"enemies":"Nemesis","floor":40,"turns":5},{"damage":25,"enemies":"2 Orb Walkers","floor":44,"turns":2},{"damage":0,"enemies":"Jaw Worm Horde","floor":46,"turns":2},{"damage":19,"enemies":"Donu and Deca","floor":50,"turns":3}],"seed_played":"-6730235136221769377","potions_obtained":[{"floor":7,"key":"Swift Potion"},{"floor":11,"key":"Regen Potion"},{"floor":12,"key":"Energy Potion"},{"floor":14,"key":"Strength Potion"},{"floor":22,"key":"Block Potion"},{"floor":33,"key":"LiquidBronze"},{"floor":44,"key":"PowerPotion"}],"is_trial":false,"path_per_floor":["M","$","?","$","?","R","E","$","T","R","M","E","R","M","R","B",null,"M","?","M","$","M","E","R","?","T","$","?","R","?","?","R","B",null,"M","?","?","M","?","E","$","R","T","?","T","M","R","$","R","B",null],"character_chosen":"IRONCLAD","items_purchased":["Chemical X"],"campfire_rested":0,"item_purchase_floors":[41],"current_hp_per_floor":[80,80,69,69,49,49,55,55,55,55,61,54,54,60,60,25,80,64,64,44,44,80,61,61,61,61,61,61,61,80,80,80,80,80,80,80,80,80,76,76,76,76,86,86,86,86,86,86,86,73],"gold":53,"neow_bonus":"THREE_ENEMY_KILL","is_prod":false,"is_daily":false,"chose_seed":false,"campfire_upgraded":8,"win_rate":0,"timestamp":1548811920,"path_taken":["M","$","?","$","?","R","E","$","T","R","M","E","R","M","R","BOSS","M","?","?","$","M","E","R","?","T","$","?","R","?","?","R","BOSS","M","?","?","?","?","E","$","R","T","?","?","M","R","$","R","BOSS"],"build_version":"2019-01-23","purchased_purges":6,"victory":true,"max_hp_per_floor":[80,80,80,80,80,80,80,80,80,80,80,80,80,80,80,80,80,80,80,80,80,80,80,80,80,80,80,80,80,80,80,80,80,80,80,80,80,80,76,76,76,76,86,86,86,86,86,86,86,86],"card_choices":[{"not_picked":["Perfected Strike","Sword Boomerang"],"picked":"Whirlwind","floor":1},{"not_picked":["Sentinel","True Grit"],"picked":"Inflame","floor":7},{"not_picked":["Rage","Infernal Blade"],"picked":"Rampage","floor":11},{"not_picked":["Heavy Blade","Carnage","Body Slam"],"picked":"SKIP","floor":12},{"not_picked":["Dual Wield","Body Slam","Thunderclap"],"picked":"SKIP","floor":14},{"not_picked":["Demon Form","Feed"],"picked":"Limit Break","floor":16},{"not_picked":["Headbutt+1","Thunderclap","Iron Wave+1"],"picked":"SKIP","floor":18},{"not_picked":["Armaments","Cleave"],"picked":"Shockwave","floor":20},{"not_picked":["Cleave","Wild Strike"],"picked":"Flame Barrier+1","floor":22},{"not_picked":["Evolve","Iron Wave","Sword Boomerang+1"],"picked":"SKIP","floor":23},{"not_picked":["Rage+1","Blood for Blood+1","Clash+1"],"picked":"SKIP","floor":35},{"not_picked":["Perfected Strike+1","Clothesline+1","Armaments+1"],"picked":"SKIP","floor":38},{"not_picked":["Armaments","Fiend Fire","Wild Strike"],"picked":"SKIP","floor":40},{"not_picked":["Thunderclap","Battle Trance","Sword Boomerang+1"],"picked":"SKIP","floor":46}],"player_experience":261516,"relics_obtained":[{"floor":7,"key":"Happy Flower"},{"floor":9,"key":"Red Skull"},{"floor":12,"key":"Self Forming Clay"},{"floor":23,"key":"Pocketwatch"},{"floor":26,"key":"Gremlin Horn"},{"floor":40,"key":"Kunai"},{"floor":43,"key":"Pear"},{"floor":44,"key":"Girya"},{"floor":45,"key":"Dream Catcher"}],"event_choices":[{"damage_healed":0,"gold_gain":75,"player_choice":"Gather Gold","damage_taken":11,"max_hp_gain":0,"max_hp_loss":0,"event_name":"World of Goop","floor":3,"gold_loss":0},{"damage_healed":0,"gold_gain":0,"player_choice":"Take Damage","damage_taken":20,"relics_obtained":["Golden Idol"],"max_hp_gain":0,"max_hp_loss":0,"event_name":"Golden Idol","floor":5,"gold_loss":0},{"damage_healed":0,"gold_gain":0,"player_choice":"Copied","damage_taken":0,"max_hp_gain":0,"max_hp_loss":0,"event_name":"Duplicator","floor":19,"gold_loss":0,"cards_obtained":["Inflame"]},{"damage_healed":0,"gold_gain":99,"player_choice":"Stole From Cult","damage_taken":0,"max_hp_gain":0,"max_hp_loss":0,"event_name":"Nest","floor":25,"gold_loss":0},{"damage_healed":0,"gold_gain":0,"player_choice":"Ignored","damage_taken":0,"max_hp_gain":0,"max_hp_loss":0,"event_name":"Vampires","floor":28,"gold_loss":0},{"damage_healed":26,"gold_gain":0,"player_choice":"Heal","damage_taken":0,"max_hp_gain":0,"max_hp_loss":0,"event_name":"The Library","floor":30,"gold_loss":0},{"damage_healed":0,"gold_gain":0,"player_choice":"Obtained Relic","damage_taken":0,"relics_obtained":["Vajra"],"max_hp_gain":0,"max_hp_loss":0,"event_name":"Addict","floor":31,"gold_loss":85},{"damage_healed":0,"gold_gain":0,"player_choice":"Ignored","damage_taken":0,"max_hp_gain":0,"max_hp_loss":0,"event_name":"Tomb of Lord Red Mask","floor":36,"gold_loss":0},{"damage_healed":0,"gold_gain":0,"player_choice":"Trade","damage_taken":0,"relics_obtained":["SsserpentHead"],"max_hp_gain":0,"max_hp_loss":0,"event_name":"FaceTrader","floor":37,"gold_loss":0},{"damage_healed":0,"gold_gain":0,"player_choice":"Max HP","damage_taken":0,"max_hp_gain":0,"max_hp_loss":4,"event_name":"Winding Halls","floor":39,"gold_loss":0},{"damage_healed":0,"gold_gain":0,"player_choice":"Fight","damage_taken":0,"max_hp_gain":0,"max_hp_loss":0,"event_name":"Mysterious Sphere","floor":44,"gold_loss":0}],"is_beta":false,"boss_relics":[{"not_picked":["White Beast Statue","Black Star"],"picked":"Pandora\u0027s Box"},{"not_picked":["Cursed Key","Philosopher\u0027s Stone"],"picked":"Snecko Eye"}],"items_purged_floors":[2,4,21,27,41,48],"is_endless":false,"potions_floor_spawned":[7,11,12,14,22,33,44],"ascension_level":0}