{"gold_per_floor":[215,215,234,245,264,264,290,44,98,98,63,63,80,80,80,155,155,171,79,91,91,16,16,66,79,131,143],"floor_reached":27,"playtime":977,"items_purged":["Strike_R"],"score":401,"play_id":"adb8f090-6590-41ca-8bf2-c3578f186e4b","local_time":"20190108052343","is_ascension_mode":true,"campfire_choices":[{"data":"Flex","floor":6.0,"key":"SMITH"},{"data":"True Grit","floor":10.0,"key":"SMITH"},{"data":"Inflame","floor":12.0,"key":"SMITH"},{"data":"Anger","floor":15,"key":"SMITH"},{"data":"Limit Break","floor":23,"key":"SMITH"}],"neow_cost":"NONE","seed_source_timestamp":2698668853225981,"circlet_count":0,"master_deck":["AscendersBane","Strike_R","Strike_R","Strike_R","Defend_R","Defend_R","Defend_R","Defend_R","Bash","Flex+1","Anger+1","Inflame+1","True Grit+1","Limit Break+1","True Grit","Dark Shackles","Shrug It Off","Shrug It Off"],"special_seed":0,"relics":["Burning Blood","FaceOfCleric","Mummified Hand","Anchor","Art of War","Coffee Dripper","MutagenicStrength","MawBank"],"potions_floor_usage":[18,25,25,27],"damage_taken":[{"damage":22.0,"enemies":"Small Slimes","floor":1.0,"turns":4.0},{"damage":2.0,"enemies":"Cultist","floor":3.0,"turns":4.0},{"damage":9.0,"enemies":"Jaw Worm","floor":4.0,"turns":3.0},{"damage":19.0,"enemies":"Large Slime","floor":5.0,"turns":5.0},{"damage":35.0,"enemies":"Lagavulin","floor":7.0,"turns":5.0},{"damage":2.0,"enemies":"3 Louse","floor":13.0,"turns":5.0},{"damage":33,"enemies":"Hexaghost","floor":16,"turns":9},{"damage":37,"enemies":"3 Byrds","floor":18,"turns":6},{"damage":12,"enemies":"Shell Parasite","floor":20,"turns":4},{"damage":22,"enemies":"Shelled Parasite and Fungi","floor":25,"turns":5},{"damage":15,"enemies":"Snecko","floor":27,"turns":4}],"seed_played":"1145727071031633461","potions_obtained":[{"floor":1.0,"key":"AttackPotion"},{"floor":4.0,"key":"Fire Potion"},{"floor":5.0,"key":"EssenceOfSteel"},{"floor":18,"key":"Weak Potion"},{"floor":20,"key":"Explosive Potion"},{"floor":25,"key":"SkillPotion"}],"is_trial":false,"path_per_floor":["M","?","M","M","M","R","E","$","T","R","?","R","M","?","R","B",null,"M","$","M","?","?","R","?","M","T","M"],"character_chosen":"IRONCLAD","items_purchased":["Anchor","Dark Shackles"],"campfire_rested":0,"item_purchase_floors":[8,19],"current_hp_per_floor":[52,52,57,55,43,43,15,15,15,15,34,34,39,39,39,13,64,34,34,29,29,29,29,29,14,14,0],"gold":143,"neow_bonus":"HUNDRED_GOLD","is_prod":false,"is_daily":false,"chose_seed":false,"campfire_upgraded":5,"win_rate":0,"timestamp":1546921423,"path_taken":["M","?","M","?","M","R","E","$","T","R","?","R","M","?","R","BOSS","M","$","M","?","?","R","?","M","T","M"],"build_version":"2019-01-03v4","purchased_purges":1,"victory":false,"max_hp_per_floor":[75,75,76,77,78,78,79,79,79,79,79,79,80,80,80,81,81,82,82,83,83,83,83,83,84,84,84],"card_choices":[{"not_picked":["Evolve","Intimidate"],"picked":"Flex","floor":1.0},{"not_picked":["Clash","Body Slam"],"picked":"Anger","floor":3.0},{"not_picked":["Corruption","Cleave","Thunderclap"],"picked":"SKIP","floor":4.0},{"not_picked":["Armaments","Shrug It Off"],"picked":"Inflame","floor":5.0},{"not_picked":["Infernal Blade","Havoc"],"picked":"True Grit","floor":7.0},{"not_picked":["Iron Wave","Thunderclap","Havoc"],"picked":"SKIP","floor":13.0},{"not_picked":["Brutality","Immolate"],"picked":"Limit Break","floor":16},{"not_picked":["Cleave","Havoc"],"picked":"True Grit","floor":18},{"not_picked":["Power Through","Thunderclap"],"picked":"Shrug It Off","floor":20},{"not_picked":["Warcry+1","Pommel Strike"],"picked":"Shrug It Off","floor":25}],"player_experience":684062,"relics_obtained":[{"floor":7.0,"key":"Mummified Hand"},{"floor":9.0,"key":"Art of War"},{"floor":26,"key":"MawBank"}],"event_choices":[{"damage_healed":0.0,"max_hp_gain":0.0,"max_hp_loss":0.0,"gold_gain":0.0,"event_name":"FaceTrader","player_choice":"Trade","floor":2.0,"gold_loss":0.0,"damage_taken":0.0,"relics_obtained":["FaceOfCleric"]},{"damage_healed":19.0,"max_hp_gain":0.0,"max_hp_loss":0.0,"gold_gain":0.0,"event_name":"The Cleric","player_choice":"Healed","floor":11.0,"gold_loss":35.0,"damage_taken":0.0},{"damage_healed":0,"gold_gain":0,"player_choice":"Searched \u00270\u0027 times","damage_taken":0,"max_hp_gain":0,"max_hp_loss":0,"event_name":"Dead Adventurer","floor":14,"gold_loss":0},{"damage_healed":0,"gold_gain":0,"player_choice":"Inject Mutagens","damage_taken":0,"relics_obtained":["MutagenicStrength"],"max_hp_gain":0,"max_hp_loss":0,"event_name":"Drug Dealer","floor":21,"gold_loss":0},{"cards_removed":["Strike_R"],"damage_healed":0,"gold_gain":0,"player_choice":"Gave Gold","damage_taken":0,"max_hp_gain":0,"max_hp_loss":0,"event_name":"Beggar","floor":22,"gold_loss":75},{"damage_healed":0,"gold_gain":50,"player_choice":"Stole From Cult","damage_taken":0,"max_hp_gain":0,"max_hp_loss":0,"event_name":"Nest","floor":24,"gold_loss":0}],"is_beta":false,"boss_relics":[{"not_picked":["Philosopher\u0027s Stone","Pandora\u0027s Box"],"picked":"Coffee Dripper"}],"items_purged_floors":[8],"is_endless":false,"potions_floor_spawned":[1,4,5,18,20,25],"killed_by":"Snecko","ascension_level":18}