{"gold_per_floor":[112,212,226,102,113,123,158,88,88,122,122,122,146,161,161,285,285,299,314,314,314,314,314,354,354,354,378,378,74,114,128,128,253,253,272,338,213,338,43,64,97,97,97,97,97,97,97,136,136,136,136,136,36,76,76],"floor_reached":55,"playtime":2744,"items_purged":["Strike_R","Strike_R","Strike_R","Pain"],"score":1004,"play_id":"b8b968b1-b58d-4b74-9a03-e77bf204229d","local_time":"20190120180550","is_ascension_mode":true,"campfire_choices":[{"data":"Whirlwind","floor":15.0,"key":"SMITH"},{"data":"Armaments","floor":23,"key":"SMITH"},{"data":"Barricade","floor":25,"key":"SMITH"},{"data":"Flame Barrier","floor":28,"key":"SMITH"},{"floor":32,"key":"REST"},{"data":"Apotheosis","floor":42,"key":"SMITH"},{"data":"Flame Barrier","floor":45,"key":"SMITH"},{"floor":49,"key":"RECALL"},{"floor":52,"key":"REST"}],"neow_cost":"NONE","seed_source_timestamp":334571678174700,"circlet_count":0,"master_deck":["Strike_R","Strike_R","Defend_R","Defend_R","Defend_R","Defend_R","Bash+1","Carnage","Metallicize","Shrug It Off","Whirlwind+1","Flame Barrier+1","Reaper","Flame Barrier+1","Shockwave","Spot Weakness","Barricade+1","Body Slam","Cleave+1","Armaments+1","Double Tap","Demon Form","Iron Wave+1","Apotheosis+1","Battle Trance+1","Writhe","Dark Shackles","Dramatic Entrance","Dark Shackles"],"special_seed":0,"relics":["Black Blood","Vajra","Anchor","Dodecahedron","Golden Idol","Ornamental Fan","Art of War","Lee\u0027s Waffle","Lantern","Cursed Key","Dead Branch","Ice Cream","Membership Card","Oddly Smooth Stone","Incense Burner","Bottled Flame","Strawberry","Letter Opener"],"potions_floor_usage":[24,33,33,33,36,54,55],"damage_taken":[{"damage":14.0,"enemies":"2 Louse","floor":1.0,"turns":3.0},{"damage":1.0,"enemies":"Cultist","floor":3.0,"turns":3.0},{"damage":0.0,"enemies":"Small Slimes","floor":5.0,"turns":3.0},{"damage":20.0,"enemies":"Blue Slaver","floor":6.0,"turns":3.0},{"damage":42.0,"enemies":"Lagavulin","floor":7.0,"turns":10.0},{"damage":22.0,"enemies":"Gremlin Nob","floor":10.0,"turns":5.0},{"damage":0.0,"enemies":"3 Louse","floor":13.0,"turns":1.0},{"damage":4.0,"enemies":"Large Slime","floor":14.0,"turns":5.0},{"damage":26.0,"enemies":"The Guardian","floor":16.0,"turns":13.0},{"damage":23.0,"enemies":"Shell Parasite","floor":18.0,"turns":7.0},{"damage":7.0,"enemies":"Chosen","floor":19.0,"turns":6.0},{"damage":28,"enemies":"Book of Stabbing","floor":24,"turns":5},{"damage":28,"enemies":"Sentry and Sphere","floor":27,"turns":6},{"damage":45,"enemies":"Gremlin Leader","floor":30,"turns":9},{"damage":29,"enemies":"Centurion and Healer","floor":31,"turns":7},{"damage":56,"enemies":"Champ","floor":33,"turns":15},{"damage":4,"enemies":"Orb Walker","floor":35,"turns":5},{"damage":46,"enemies":"2 Orb Walkers","floor":36,"turns":5},{"damage":0,"enemies":"Mind Bloom Boss Battle","floor":38,"turns":7},{"damage":4,"enemies":"3 Shapes","floor":40,"turns":5},{"damage":52,"enemies":"Giant Head","floor":41,"turns":8},{"damage":28,"enemies":"Reptomancer","floor":48,"turns":7},{"damage":64,"enemies":"Time Eater","floor":50,"turns":10},{"damage":75,"enemies":"Shield and Spear","floor":54,"turns":6},{"damage":31,"enemies":"The Heart","floor":55,"turns":5}],"seed_played":"-3876637163384788435","potions_obtained":[{"floor":1.0,"key":"Fire Potion"},{"floor":5.0,"key":"EssenceOfSteel"},{"floor":6.0,"key":"Regen Potion"},{"floor":10.0,"key":"Dexterity Potion"},{"floor":14.0,"key":"AttackPotion"},{"floor":19.0,"key":"Regen Potion"},{"floor":27,"key":"Poison Potion"},{"floor":33,"key":"Fire Potion"},{"floor":35,"key":"GamblersBrew"},{"floor":36,"key":"Fire Potion"},{"floor":40,"key":"SmokeBomb"},{"floor":54,"key":"GamblersBrew"}],"is_trial":false,"path_per_floor":["M","?","M","$","M","M","E","$","T","E","?","?","M","M","R","B",null,"M","M","?","?","?","R","E","R","T","M","R","$","E","M","R","B",null,"M","?","$","?","$","M","E","R","T","?","R","T","?","E","R","B",null,"R","$","E","B"],"character_chosen":"IRONCLAD","items_purchased":["Shrug It Off","Reaper","Lee\u0027s Waffle","Membership Card","Apotheosis","AttackPotion"],"campfire_rested":2,"item_purchase_floors":[4,8,29,39,39,53],"current_hp_per_floor":[64,64,69,69,75,61,25,25,25,23,23,23,29,45,45,25,62,49,59,59,59,59,59,41,41,41,31,31,81,68,49,73,42,71,77,41,41,72,72,78,81,81,81,77,77,77,67,68,68,14,67,84,84,28,0],"gold":76,"neow_bonus":"UPGRADE_CARD","is_prod":false,"is_daily":false,"chose_seed":false,"campfire_upgraded":6,"win_rate":0,"timestamp":1548007550,"path_taken":["M","?","M","$","?","M","E","$","T","E","?","?","M","M","R","BOSS","M","M","?","?","?","R","E","R","T","?","R","$","E","M","R","BOSS","M","?","$","?","$","M","E","R","T","?","R","?","?","E","R","BOSS","R","$","E","BOSS"],"build_version":"2019-01-17v2","purchased_purges":4,"victory":false,"max_hp_per_floor":[80,80,80,80,80,80,80,80,80,80,80,74,74,74,74,74,74,74,74,74,74,74,74,74,74,74,74,74,81,81,81,81,81,81,81,81,81,81,81,81,81,81,81,77,77,77,77,84,84,84,84,84,84,84,84],"card_choices":[{"not_picked":["Havoc","Armaments"],"picked":"Carnage","floor":1.0},{"not_picked":["Dual Wield","Pummel"],"picked":"Metallicize","floor":3.0},{"not_picked":["Armaments","Pommel Strike"],"picked":"Whirlwind","floor":5.0},{"not_picked":["Rupture","Impervious"],"picked":"Flame Barrier","floor":6.0},{"not_picked":["Pommel Strike","Twin Strike","Ghostly Armor"],"picked":"SKIP","floor":7.0},{"not_picked":["Warcry","Body Slam"],"picked":"Flame Barrier","floor":10.0},{"not_picked":["Clash","True Grit"],"picked":"Shockwave","floor":13.0},{"not_picked":["Twin Strike","Seeing Red"],"picked":"Spot Weakness","floor":14.0},{"not_picked":["Bludgeon","Juggernaut"],"picked":"Barricade","floor":16.0},{"not_picked":["Warcry","Flex+1"],"picked":"Body Slam","floor":18.0},{"not_picked":["Clash+1","Power Through"],"picked":"Cleave+1","floor":19.0},{"not_picked":["Heavy Blade","Clash","Body Slam"],"picked":"SKIP","floor":24},{"not_picked":["Flex","Hemokinesis+1","Heavy Blade"],"picked":"SKIP","floor":27},{"not_picked":["Corruption+1","Sword Boomerang","Pommel Strike"],"picked":"SKIP","floor":30},{"not_picked":["Burning Pact","Sever Soul"],"picked":"Double Tap","floor":31},{"not_picked":["Dark Embrace","Bludgeon"],"picked":"Demon Form","floor":33},{"not_picked":["Clash+1","Anger"],"picked":"Iron Wave+1","floor":35},{"not_picked":["Wild Strike","Sword Boomerang","Heavy Blade"],"picked":"SKIP","floor":40},{"not_picked":["Sentinel+1","Havoc"],"picked":"Battle Trance+1","floor":41},{"not_picked":["Apotheosis","HandOfGreed"],"picked":"Dark Shackles","floor":47},{"not_picked":["Blind","Deep Breath"],"picked":"Dramatic Entrance","floor":47},{"not_picked":["Bandage Up","PanicButton"],"picked":"Dark Shackles","floor":47},{"not_picked":["Intimidate+1","Shrug It Off","Evolve+1"],"picked":"SKIP","floor":48},{"not_picked":["Flex","Thunderclap+1","Shockwave"],"picked":"SKIP","floor":54}],"player_experience":140273,"relics_obtained":[{"floor":7.0,"key":"Vajra"},{"floor":9.0,"key":"Anchor"},{"floor":10.0,"key":"Dodecahedron"},{"floor":24,"key":"Art of War"},{"floor":30,"key":"Lantern"},{"floor":36,"key":"Dead Branch"},{"floor":38,"key":"Ice Cream"},{"floor":41,"key":"Oddly Smooth Stone"},{"floor":43,"key":"Incense Burner"},{"floor":46,"key":"Bottled Flame"},{"floor":48,"key":"Strawberry"},{"floor":54,"key":"Letter Opener"}],"event_choices":[{"damage_healed":0.0,"max_hp_gain":0.0,"max_hp_loss":0.0,"gold_gain":100.0,"event_name":"Wheel of Change","player_choice":"Gold","floor":2.0,"gold_loss":0.0,"damage_taken":0.0},{"damage_healed":0.0,"max_hp_gain":0.0,"max_hp_loss":0.0,"gold_gain":0.0,"event_name":"Shining Light","player_choice":"Ignored","floor":11.0,"gold_loss":0.0,"damage_taken":0.0},{"damage_healed":0.0,"max_hp_gain":0.0,"max_hp_loss":6.0,"gold_gain":0.0,"event_name":"Golden Idol","player_choice":"Lose Max HP","floor":12.0,"gold_loss":0.0,"damage_taken":0.0,"relics_obtained":["Golden Idol"]},{"damage_healed":0,"gold_gain":0,"player_choice":"Read","damage_taken":0,"max_hp_gain":0,"max_hp_loss":0,"event_name":"The Library","floor":20,"gold_loss":0,"cards_obtained":["Armaments"]},{"damage_healed":0,"gold_gain":0,"player_choice":"Opened","damage_taken":0,"relics_obtained":["Ornamental Fan"],"max_hp_gain":0,"max_hp_loss":0,"event_name":"The Mausoleum","floor":21,"gold_loss":0},{"damage_healed":0,"gold_gain":0,"player_choice":"0 cards matched","damage_taken":0,"max_hp_gain":0,"max_hp_loss":0,"event_name":"Match and Keep!","floor":22,"gold_loss":0,"cards_obtained":[]},{"damage_healed":0,"gold_gain":0,"player_choice":"Fight","damage_taken":0,"max_hp_gain":0,"max_hp_loss":0,"event_name":"Mysterious Sphere","floor":36,"gold_loss":0},{"damage_healed":0,"gold_gain":0,"player_choice":"Fight","damage_taken":0,"max_hp_gain":0,"max_hp_loss":0,"event_name":"MindBloom","floor":38,"gold_loss":0},{"damage_healed":0,"gold_gain":0,"player_choice":"Max HP","damage_taken":0,"max_hp_gain":0,"max_hp_loss":4,"event_name":"Winding Halls","floor":44,"gold_loss":0},{"damage_healed":0,"gold_gain":0,"player_choice":"Memory 3","damage_taken":10,"max_hp_gain":0,"max_hp_loss":0,"event_name":"SensoryStone","floor":47,"gold_loss":0}],"is_beta":false,"boss_relics":[{"not_picked":["Calling Bell","Tiny House"],"picked":"Black Blood"},{"not_picked":["Runic Cube","Pandora\u0027s Box"],"picked":"Cursed Key"}],"items_purged_floors":[4,29,37,53],"is_endless":false,"potions_floor_spawned":[1,5,6,10,14,19,27,33,35,36,40,54],"killed_by":"The Heart","ascension_level":7}