{"gold_per_floor":[111,111,36,36,36,62,62,81,81,101,112,112,129,144,144,144],"floor_reached":16,"playtime":699,"items_purged":["Strike_R"],"score":107,"play_id":"3356de6d-bce2-4b72-9807-c622606c9171","local_time":"20180805201443","is_ascension_mode":true,"campfire_choices":[{"floor":7,"key":"DIG"},{"data":"Pummel","floor":12,"key":"SMITH"},{"floor":15,"key":"DIG"}],"neow_cost":"NONE","seed_source_timestamp":554414048824488,"circlet_count":0,"master_deck":["Strike_R","Strike_R","Defend_R","Defend_R","Defend_R","Defend_R","Bash","Disarm+1","Headbutt","Pummel+1"],"relics":["Burning Blood","GremlinMask","Shovel","Gremlin Horn","Meat on the Bone","Matryoshka"],"potions_floor_usage":[11,16,16],"damage_taken":[{"damage":1,"enemies":"2 Louse","floor":1,"turns":4},{"damage":38,"enemies":"Gremlin Nob","floor":6,"turns":6},{"damage":5,"enemies":"Cultist","floor":8,"turns":5},{"damage":5,"enemies":"Small Slimes","floor":10,"turns":4},{"damage":17,"enemies":"Exordium Thugs","floor":11,"turns":5},{"damage":0,"enemies":"Looter","floor":13,"turns":4},{"damage":0,"enemies":"3 Louse","floor":14,"turns":5},{"damage":73,"enemies":"Hexaghost","floor":16,"turns":16}],"seed_played":"3001413441347031924","potions_obtained":[{"floor":1,"key":"BloodPotion"},{"floor":6,"key":"AttackPotion"},{"floor":11,"key":"SkillPotion"}],"is_trial":false,"path_per_floor":["M","?","$","?","?","E","R","M","T","M","M","R","M","M","R"],"character_chosen":"IRONCLAD","items_purchased":[],"campfire_rested":0,"item_purchase_floors":[],"current_hp_per_floor":[80,80,80,80,80,48,48,49,49,50,51,51,57,63,63,0],"gold":144,"neow_bonus":"REMOVE_CARD","is_prod":false,"is_daily":false,"chose_seed":false,"campfire_upgraded":1,"win_rate":0,"timestamp":1533471283,"path_taken":["M","?","$","?","?","E","R","?","T","?","M","R","?","M","R","BOSS"],"build_version":"2018-08-02","purchased_purges":1,"victory":false,"max_hp_per_floor":[80,80,80,80,80,80,80,80,80,80,80,80,80,80,80,80],"card_choices":[{"not_picked":["Bloodletting","Twin Strike","Clothesline"],"picked":"SKIP","floor":1},{"not_picked":["Combust","Feel No Pain","Seeing Red"],"picked":"SKIP","floor":6},{"not_picked":["Disarm","Twin Strike"],"picked":"Headbutt","floor":8},{"not_picked":["Warcry","Searing Blow"],"picked":"Pummel","floor":10},{"not_picked":["Feel No Pain","Clothesline","Anger"],"picked":"SKIP","floor":11},{"not_picked":["Flex","Feel No Pain","Bloodletting"],"picked":"SKIP","floor":13},{"not_picked":["Exhume","Havoc","Searing Blow"],"picked":"SKIP","floor":14}],"player_experience":202453,"relics_obtained":[{"floor":6,"key":"Shovel"},{"floor":7,"key":"Gremlin Horn"},{"floor":9,"key":"Meat on the Bone"},{"floor":15,"key":"Matryoshka"}],"event_choices":[{"event_name":"FaceTrader","player_choice":"Trade","floor":2,"damage_taken":0},{"event_name":"Transmorgrifier","player_choice":"Transform","floor":4,"damage_taken":0},{"event_name":"Living Wall","player_choice":"Grow","floor":5,"damage_taken":0}],"is_beta":false,"boss_relics":[],"items_purged_floors":[3],"is_endless":false,"potions_floor_spawned":[1,6,11],"killed_by":"Hexaghost","ascension_level":1}