{"gold_per_floor":[113,1,1,12,24,86,86,56,79,92,92,92,120,140,140,240,240,226,226,226,241,254,282,16,115,115,115,133,133,133,133],"floor_reached":31,"playtime":2362,"items_purged":["Strike_G"],"score":278,"play_id":"02bf363f-032c-478f-bfed-a7a4271827c1","local_time":"20190129043656","is_ascension_mode":false,"campfire_choices":[{"data":"Footwork","floor":12.0,"key":"SMITH"},{"data":"Neutralize","floor":15.0,"key":"SMITH"},{"data":"Apotheosis","floor":27.0,"key":"SMITH"},{"floor":29.0,"key":"REST"}],"neow_cost":"NONE","seed_source_timestamp":109109755955343,"circlet_count":0,"master_deck":["Defend_G","Defend_G","Defend_G","Defend_G","Defend_G","Strike_G","Strike_G","Strike_G","Survivor","Neutralize+1","Backstab","Footwork+1","Well Laid Plans","Phantasmal Killer","Deadly Poison","Endless Agony","Cloak And Dagger","Blade Dance","Burst","Concentrate","Acrobatics","Flying Knee","Storm of Steel","Infinite Blades","Apotheosis+1","Reflex+1"],"special_seed":0,"relics":["Ring of the Snake","Juzu Bracelet","Odd Mushroom","Runic Pyramid","Nloth\u0027s Gift","Pear","Toxic Egg 2"],"potions_floor_usage":[31],"damage_taken":[{"damage":0.0,"enemies":"Jaw Worm","floor":1.0,"turns":4.0},{"damage":0.0,"enemies":"Cultist","floor":4.0,"turns":5.0},{"damage":0.0,"enemies":"Small Slimes","floor":5.0,"turns":3.0},{"damage":9.0,"enemies":"3 Sentries","floor":6.0,"turns":13.0},{"damage":2.0,"enemies":"Looter","floor":8.0,"turns":4.0},{"damage":10.0,"enemies":"Large Slime","floor":10.0,"turns":7.0},{"damage":8.0,"enemies":"The Mushroom Lair","floor":13.0,"turns":6.0},{"damage":0.0,"enemies":"Red Slaver","floor":14.0,"turns":3.0},{"damage":9.0,"enemies":"The Guardian","floor":16.0,"turns":15.0},{"damage":7.0,"enemies":"2 Thieves","floor":18.0,"turns":4.0},{"damage":1.0,"enemies":"3 Byrds","floor":21.0,"turns":6.0},{"damage":0.0,"enemies":"Snake Plant","floor":22.0,"turns":7.0},{"damage":56.0,"enemies":"Gremlin Leader","floor":23.0,"turns":9.0},{"damage":13.0,"enemies":"3 Cultists","floor":28.0,"turns":6.0},{"damage":21,"enemies":"Snecko","floor":31,"turns":4}],"seed_played":"-4354183294602614983","potions_obtained":[{"floor":1.0,"key":"Fire Potion"},{"floor":5.0,"key":"Fire Potion"},{"floor":10.0,"key":"Strength Potion"},{"floor":14.0,"key":"Poison Potion"},{"floor":16.0,"key":"AttackPotion"},{"floor":28.0,"key":"SkillPotion"}],"is_trial":false,"path_per_floor":["M","$","?","M","M","E","?","M","T","M","?","R","?","M","R","B",null,"M","?","?","M","M","E","$","?","T","R","M","R","?","M"],"character_chosen":"THE_SILENT","items_purchased":["Footwork","Infinite Blades","Apotheosis"],"campfire_rested":1,"item_purchase_floors":[2,24,24],"current_hp_per_floor":[77,77,77,77,77,68,68,66,66,56,56,56,48,48,48,39,77,70,70,70,69,69,23,23,23,23,23,10,36,19,0],"gold":133,"neow_bonus":"TEN_PERCENT_HP_BONUS","is_prod":false,"is_daily":false,"chose_seed":false,"campfire_upgraded":3,"win_rate":0,"timestamp":1548758216,"path_taken":["M","$","?","M","M","E","?","M","T","M","?","R","?","M","R","BOSS","M","?","?","M","M","E","$","?","T","R","M","R","?","M"],"build_version":"2019-01-23","purchased_purges":1,"victory":false,"max_hp_per_floor":[77,77,77,77,77,77,77,77,77,77,77,77,77,77,77,77,77,77,77,77,77,77,87,87,87,87,87,87,87,92,92],"card_choices":[{"not_picked":["Prepared","Masterful Stab"],"picked":"Backstab","floor":1.0},{"not_picked":["Deadly Poison","Flying Knee"],"picked":"Well Laid Plans","floor":4.0},{"not_picked":["Flying Knee","PiercingWail","Choke"],"picked":"SKIP","floor":5.0},{"not_picked":["Flying Knee","PiercingWail"],"picked":"Phantasmal Killer","floor":6.0},{"not_picked":["Catalyst","Cloak And Dagger"],"picked":"Deadly Poison","floor":8.0},{"not_picked":["Concentrate","Caltrops"],"picked":"Endless Agony","floor":10.0},{"not_picked":["Dodge and Roll","Calculated Gamble"],"picked":"Cloak And Dagger","floor":13.0},{"not_picked":["Calculated Gamble","Reflex"],"picked":"Blade Dance","floor":14.0},{"not_picked":["Doppelganger","Corpse Explosion"],"picked":"Burst","floor":16.0},{"not_picked":["Quick Slash","Flying Knee+1"],"picked":"Concentrate","floor":18.0},{"not_picked":["Dagger Spray","Sucker Punch"],"picked":"Acrobatics","floor":21.0},{"not_picked":["Caltrops","Slice"],"picked":"Flying Knee","floor":22.0},{"not_picked":["Sucker Punch","Deflect"],"picked":"Storm of Steel","floor":23.0},{"not_picked":["Dodge and Roll+1","Bullet Time+1"],"picked":"Reflex+1","floor":28.0}],"player_experience":235638,"relics_obtained":[{"floor":6.0,"key":"Tiny Chest"},{"floor":9.0,"key":"Juzu Bracelet"},{"floor":13.0,"key":"Odd Mushroom"},{"floor":23.0,"key":"Pear"},{"floor":26.0,"key":"Toxic Egg 2"}],"event_choices":[{"damage_healed":0.0,"max_hp_gain":0.0,"max_hp_loss":0.0,"gold_gain":0.0,"event_name":"The Cleric","player_choice":"Leave","floor":3.0,"gold_loss":0.0,"damage_taken":0.0},{"cards_removed":["Strike_G"],"damage_healed":0.0,"max_hp_gain":0.0,"max_hp_loss":0.0,"gold_gain":0.0,"event_name":"Purifier","player_choice":"Purged","floor":7.0,"gold_loss":0.0,"damage_taken":0.0},{"damage_healed":0.0,"max_hp_gain":0.0,"max_hp_loss":0.0,"gold_gain":0.0,"event_name":"Liars Game","player_choice":"Ignored","floor":11.0,"gold_loss":0.0,"damage_taken":0.0},{"damage_healed":0.0,"max_hp_gain":0.0,"max_hp_loss":0.0,"gold_gain":0.0,"event_name":"Mushrooms","player_choice":"Fought Mushrooms","floor":13.0,"gold_loss":0.0,"damage_taken":0.0},{"damage_healed":0.0,"max_hp_gain":0.0,"max_hp_loss":0.0,"gold_gain":0.0,"event_name":"The Mausoleum","player_choice":"Ignored","floor":19.0,"gold_loss":0.0,"damage_taken":0.0},{"damage_healed":0.0,"max_hp_gain":0.0,"max_hp_loss":0.0,"gold_gain":0.0,"event_name":"N\u0027loth","player_choice":"Traded Relic","floor":20.0,"relics_lost":["Tiny Chest"],"gold_loss":0.0,"damage_taken":0.0,"relics_obtained":["Nloth\u0027s Gift"]},{"damage_healed":0.0,"max_hp_gain":0.0,"max_hp_loss":0.0,"gold_gain":99.0,"event_name":"Nest","player_choice":"Stole From Cult","floor":25.0,"gold_loss":0.0,"damage_taken":0.0},{"damage_healed":0.0,"max_hp_gain":5.0,"max_hp_loss":0.0,"gold_gain":0.0,"event_name":"Forgotten Altar","player_choice":"Shed Blood","floor":30.0,"gold_loss":0.0,"damage_taken":22.0}],"is_beta":false,"boss_relics":[{"not_picked":["Snecko Eye","WristBlade"],"picked":"Runic Pyramid"}],"items_purged_floors":[2],"is_endless":false,"potions_floor_spawned":[1,5,10,14,16,22,28],"killed_by":"Snecko","ascension_level":0}