{"gold_per_floor":[113,132,12,26,26,26,56,56,102,24,51,75,91,108,108,203,203,223,223,223,236,256,256,289,289,289,318,318,112,112,125,125,125],"floor_reached":33,"playtime":1204,"items_purged":["Zap"],"score":362,"play_id":"c8bf40be-b78a-474d-a313-5704ead18fac","local_time":"20190202124340","is_ascension_mode":true,"campfire_choices":[{"data":"Defragment","floor":6,"key":"SMITH"},{"floor":8,"key":"REST"},{"floor":15,"key":"REST"},{"data":"Loop","floor":23,"key":"SMITH"},{"floor":25,"key":"REST"},{"floor":28,"key":"REST"},{"data":"Echo Form","floor":32,"key":"SMITH"}],"neow_cost":"NONE","seed_source_timestamp":155115693084543,"circlet_count":0,"master_deck":["Defend_B","Defend_B","Defend_B","Defend_B","Dualcast","Cold Snap","Defragment+1","Gash","Coolheaded","Echo Form+1","Loop+1","Rip and Tear+1","Steam","Self Repair+1","Core Surge","Barrage","Glacier","Gash","Cold Snap+1","Coolheaded","Defragment+1","Bite","Bite","Bite","Bite","Bite","Genetic Algorithm+1"],"relics":["Cracked Core","DataDisk","Bag of Marbles","StoneCalendar","Dream Catcher","Inserter","Pen Nib","Whetstone","DollysMirror"],"potions_floor_usage":[7,7,18,24,27,31],"damage_taken":[{"damage":6,"enemies":"Cultist","floor":1,"turns":4},{"damage":6,"enemies":"Small Slimes","floor":2,"turns":3},{"damage":0,"enemies":"2 Louse","floor":4,"turns":2},{"damage":8,"enemies":"3 Sentries","floor":7,"turns":5},{"damage":25,"enemies":"Gremlin Nob","floor":11,"turns":5},{"damage":13,"enemies":"Lots of Slimes","floor":13,"turns":3},{"damage":15,"enemies":"Blue Slaver","floor":14,"turns":3},{"damage":26,"enemies":"Hexaghost","floor":16,"turns":11},{"damage":22,"enemies":"Shell Parasite","floor":18,"turns":6},{"damage":20,"enemies":"Spheric Guardian","floor":21,"turns":7},{"damage":18,"enemies":"Snake Plant","floor":22,"turns":6},{"damage":61,"enemies":"Slavers","floor":24,"turns":7},{"damage":44,"enemies":"Book of Stabbing","floor":27,"turns":9},{"damage":7,"enemies":"Cultist and Chosen","floor":31,"turns":8},{"damage":72,"enemies":"Automaton","floor":33,"turns":12}],"seed_played":"-4412918816087892574","potions_obtained":[{"floor":1,"key":"Explosive Potion"},{"floor":2,"key":"Explosive Potion"},{"floor":14,"key":"SpeedPotion"},{"floor":22,"key":"Regen Potion"},{"floor":24,"key":"Fire Potion"},{"floor":27,"key":"SkillPotion"}],"is_trial":false,"path_per_floor":["M","M","$","M","$","R","E","R","T","$","E","T","M","M","R","B",null,"M","?","?","M","M","R","E","R","T","E","R","$","?","M","R","B"],"character_chosen":"DEFECT","items_purchased":["Gash","Loop","DollysMirror"],"campfire_rested":4,"item_purchase_floors":[3,10,29],"current_hp_per_floor":[76,70,70,70,70,70,62,82,82,82,57,57,44,29,53,34,82,67,67,67,67,69,69,43,67,67,43,67,67,57,57,57,0],"gold":125,"neow_bonus":"TEN_PERCENT_HP_BONUS","is_prod":false,"is_daily":false,"chose_seed":false,"campfire_upgraded":3,"win_rate":0,"timestamp":1549107820,"path_taken":["M","?","$","?","$","R","E","R","T","?","E","?","M","M","R","BOSS","M","?","?","?","M","R","E","R","T","E","R","$","?","M","R","BOSS"],"build_version":"2019-01-23","purchased_purges":1,"victory":false,"max_hp_per_floor":[82,82,82,82,82,82,82,82,82,82,82,82,82,82,82,82,82,82,82,82,82,82,82,82,82,82,82,82,82,57,57,57,57],"card_choices":[{"not_picked":["Double Energy","Conserve Battery"],"picked":"Cold Snap","floor":1},{"not_picked":["Turbo","Ball Lightning"],"picked":"Defragment","floor":2},{"not_picked":["White Noise","Go for the Eyes"],"picked":"Coolheaded","floor":4},{"not_picked":["Streamline","Stack"],"picked":"Echo Form","floor":7},{"not_picked":["Hello World","Rebound"],"picked":"Rip and Tear","floor":11},{"not_picked":["Doom and Gloom","FTL","White Noise"],"picked":"SKIP","floor":13},{"not_picked":["Rebound","Compile Driver"],"picked":"Steam","floor":14},{"not_picked":["Rebound","Genetic Algorithm"],"picked":"Self Repair","floor":15},{"not_picked":["Reboot","Multi-Cast"],"picked":"Core Surge","floor":16},{"not_picked":["Rebound","Conserve Battery","Stack"],"picked":"SKIP","floor":18},{"not_picked":["Reinforced Body","Rip and Tear+1"],"picked":"Glacier","floor":21},{"not_picked":["BootSequence+1","Stack"],"picked":"Gash","floor":22},{"not_picked":["All For One","Sweeping Beam","Doom and Gloom"],"picked":"SKIP","floor":24},{"not_picked":["Barrage+1","Ball Lightning+1"],"picked":"Cold Snap+1","floor":25},{"not_picked":["Hologram","Barrage","Hello World+1"],"picked":"SKIP","floor":27},{"not_picked":["Compile Driver+1","Gash"],"picked":"Coolheaded","floor":28},{"not_picked":["Melter+1","Cold Snap+1"],"picked":"Genetic Algorithm+1","floor":31}],"player_experience":436399,"relics_obtained":[{"floor":7,"key":"DataDisk"},{"floor":9,"key":"Bag of Marbles"},{"floor":11,"key":"StoneCalendar"},{"floor":12,"key":"Dream Catcher"},{"floor":24,"key":"Pen Nib"},{"floor":27,"key":"Whetstone"}],"event_choices":[{"damage_healed":0,"gold_gain":0,"player_choice":"Read","damage_taken":0,"max_hp_gain":0,"max_hp_loss":0,"event_name":"The Library","floor":19,"gold_loss":0,"cards_obtained":["Barrage"]},{"damage_healed":0,"gold_gain":0,"player_choice":"Forge","damage_taken":0,"max_hp_gain":0,"max_hp_loss":0,"event_name":"Accursed Blacksmith","floor":20,"gold_loss":0,"cards_upgraded":["Self Repair"]},{"damage_healed":0,"gold_gain":0,"player_choice":"Became a vampire","damage_taken":0,"max_hp_gain":0,"max_hp_loss":25,"event_name":"Vampires","floor":30,"gold_loss":0,"cards_obtained":["Bite","Bite","Bite","Bite","Bite"]}],"is_beta":false,"boss_relics":[{"not_picked":["Sozu","Pandora\u0027s Box"],"picked":"Inserter"}],"items_purged_floors":[3],"is_endless":false,"potions_floor_spawned":[1,2,14,22,24,27],"killed_by":"Automaton","ascension_level":3}