{"gold_per_floor":[116,116,136,151,170,170,197,197,197,218,218],"floor_reached":11,"playtime":573,"items_purged":[],"score":63,"play_id":"53aed83d-b5c5-459e-b25b-c27864fb6657","local_time":"20181230131401","is_ascension_mode":false,"campfire_choices":[{"data":"Pommel Strike","floor":6,"key":"SMITH"}],"neow_cost":"NONE","seed_source_timestamp":744079227838149,"circlet_count":0,"master_deck":["Strike_R","Strike_R","Strike_R","Strike_R","Strike_R","Defend_R","Defend_R","Defend_R","Bash","Cleave","Bash","Pommel Strike+1"],"relics":["Burning Blood","Ancient Tea Set","Smiling Mask","Odd Mushroom"],"potions_floor_usage":[],"damage_taken":[{"damage":5,"enemies":"Small Slimes","floor":1,"turns":3},{"damage":6,"enemies":"Cultist","floor":3,"turns":3},{"damage":5,"enemies":"2 Louse","floor":4,"turns":2},{"damage":29,"enemies":"Large Slime","floor":5,"turns":6},{"damage":20,"enemies":"The Mushroom Lair","floor":10,"turns":4},{"damage":31,"enemies":"3 Sentries","floor":11,"turns":5}],"seed_played":"-464548355150853886","potions_obtained":[{"floor":1,"key":"EssenceOfSteel"},{"floor":5,"key":"Poison Potion"}],"is_trial":false,"path_per_floor":["M","?","M","M","M","R","T","?","T","?","E"],"character_chosen":"IRONCLAD","items_purchased":[],"campfire_rested":0,"item_purchase_floors":[],"current_hp_per_floor":[80,80,80,80,57,57,57,50,50,36,5],"gold":218,"neow_bonus":"RANDOM_COMMON_RELIC","is_prod":false,"is_daily":false,"chose_seed":false,"campfire_upgraded":1,"win_rate":0,"timestamp":1546188241,"path_taken":["M","?","?","M","M","R","?","?","T","?","E"],"build_version":"2018-12-20","purchased_purges":0,"victory":false,"max_hp_per_floor":[80,80,80,80,80,80,80,80,80,80,80],"card_choices":[{"not_picked":["Sentinel","Warcry","Shockwave"],"picked":"SKIP","floor":1},{"not_picked":["Inflame","Heavy Blade","Fire Breathing"],"picked":"SKIP","floor":3},{"not_picked":["True Grit","Body Slam"],"picked":"Pommel Strike","floor":4},{"not_picked":["Whirlwind","True Grit","Shockwave"],"picked":"SKIP","floor":5}],"player_experience":123949,"relics_obtained":[{"floor":9,"key":"Smiling Mask"},{"floor":10,"key":"Odd Mushroom"}],"event_choices":[{"damage_healed":0,"gold_gain":0,"player_choice":"2 cards matched","damage_taken":0,"max_hp_gain":0,"max_hp_loss":0,"event_name":"Match and Keep!","floor":2,"gold_loss":0,"cards_obtained":["Cleave","Bash"]},{"cards_removed":["Defend_R"],"damage_healed":0,"gold_gain":0,"player_choice":"Card Removal","damage_taken":7,"max_hp_gain":0,"max_hp_loss":0,"event_name":"Golden Wing","floor":8,"gold_loss":0},{"damage_healed":0,"gold_gain":0,"player_choice":"Fought Mushrooms","damage_taken":0,"max_hp_gain":0,"max_hp_loss":0,"event_name":"Mushrooms","floor":10,"gold_loss":0}],"is_beta":false,"boss_relics":[],"items_purged_floors":[],"is_endless":false,"potions_floor_spawned":[1,5],"killed_by":"3 Sentries","ascension_level":0}