{"gold_per_floor":[366,366,150,165,2,34,45,45,45,45,45,45,45,45,45,122,122,137,137,137,137,62,62],"floor_reached":23,"playtime":794,"items_purged":["Normality"],"score":348,"play_id":"3beda0e6-e54f-44d4-b1bc-b671cf9ddbe9","local_time":"20190109032825","is_ascension_mode":true,"campfire_choices":[{"data":"Bludgeon","floor":8.0,"key":"SMITH"},{"data":"Fusion","floor":10.0,"key":"SMITH"},{"data":"Fiend Fire","floor":15.0,"key":"SMITH"}],"neow_cost":"TEN_PERCENT_HP_LOSS","seed_source_timestamp":2778231150075671,"circlet_count":0,"master_deck":["AscendersBane","Strike_R","Strike_R+1","Strike_R","Strike_R","Strike_R+1","Defend_R","Defend_R","Defend_R","Defend_R","Bash","Fiend Fire+1","Self Repair","Fusion+1","Bludgeon+1","Apotheosis","Doubt","Doubt","Genetic Algorithm+1"],"special_seed":0,"relics":["Burning Blood","PrismaticShard","Anchor","Mercury Hourglass","Juzu Bracelet","Calling Bell","Vajra","Meat on the Bone","Nunchaku","Whetstone"],"potions_floor_usage":[23],"damage_taken":[{"damage":10.0,"enemies":"2 Louse","floor":1.0,"turns":3.0},{"damage":1.0,"enemies":"Cultist","floor":4.0,"turns":3.0},{"damage":65.0,"enemies":"3 Sentries","floor":6.0,"turns":15.0},{"damage":0.0,"enemies":"Jaw Worm","floor":7.0,"turns":3.0},{"damage":58.0,"enemies":"Hexaghost","floor":16.0,"turns":9.0},{"damage":11.0,"enemies":"Spheric Guardian","floor":18.0,"turns":3.0},{"damage":79,"enemies":"Gremlin Leader","floor":23,"turns":8}],"seed_played":"3039605847152062877","potions_obtained":[{"floor":6.0,"key":"Dexterity Potion"},{"floor":11.0,"key":"AttackPotion"},{"floor":18.0,"key":"FearPotion"}],"is_trial":false,"path_per_floor":["M","?","$","M","$","E","M","R","T","R","?","$","?","$","R","B",null,"M","?","?","T","$","E"],"character_chosen":"IRONCLAD","items_purchased":["PrismaticShard","Anchor"],"campfire_rested":0,"item_purchase_floors":[3,5],"current_hp_per_floor":[64,64,64,68,68,16,29,29,29,29,29,29,68,68,68,23,57,62,62,62,62,62,0],"gold":62,"neow_bonus":"TWO_FIFTY_GOLD","is_prod":false,"is_daily":false,"chose_seed":false,"campfire_upgraded":3,"win_rate":0,"timestamp":1547000905,"path_taken":["M","?","$","M","$","E","M","R","T","R","?","?","?","?","R","BOSS","M","?","?","?","?","E"],"build_version":"2019-01-03v4","purchased_purges":1,"victory":false,"max_hp_per_floor":[68,68,68,68,68,68,68,68,68,68,68,68,68,68,68,68,68,68,68,68,68,68,68],"card_choices":[{"not_picked":["Clothesline","Infernal Blade","Warcry"],"picked":"SKIP","floor":1.0},{"not_picked":["Dagger Spray","Compile Driver"],"picked":"Self Repair","floor":4.0},{"not_picked":["Forethought","True Grit"],"picked":"Fusion","floor":6.0},{"not_picked":["Flex","PiercingWail"],"picked":"Bludgeon","floor":7.0},{"not_picked":["Exhume","Buffer"],"picked":"Apotheosis","floor":16.0},{"not_picked":["Outmaneuver","Capacitor"],"picked":"Genetic Algorithm+1","floor":18.0}],"player_experience":692161,"relics_obtained":[{"floor":6.0,"key":"Mercury Hourglass"},{"floor":9.0,"key":"Juzu Bracelet"},{"floor":17.0,"key":"Vajra"},{"floor":17.0,"key":"Meat on the Bone"},{"floor":17.0,"key":"Nunchaku"},{"floor":21.0,"key":"Whetstone"}],"event_choices":[{"damage_healed":0.0,"max_hp_gain":0.0,"max_hp_loss":0.0,"gold_gain":0.0,"event_name":"Match and Keep!","player_choice":"1 cards matched","floor":2.0,"gold_loss":0.0,"damage_taken":0.0,"cards_obtained":["Fiend Fire"]},{"damage_healed":0.0,"max_hp_gain":0.0,"max_hp_loss":0.0,"gold_gain":0.0,"event_name":"Lab","player_choice":"Got Potions","floor":11.0,"gold_loss":0.0,"damage_taken":0.0},{"damage_healed":39.0,"max_hp_gain":0.0,"max_hp_loss":0.0,"gold_gain":0.0,"event_name":"Wheel of Change","player_choice":"Full Heal","floor":13.0,"gold_loss":0.0,"damage_taken":0.0},{"damage_healed":0.0,"max_hp_gain":0.0,"max_hp_loss":0.0,"gold_gain":0.0,"event_name":"Ghosts","player_choice":"Ignored","floor":19.0,"gold_loss":0.0,"damage_taken":0.0},{"damage_healed":0.0,"max_hp_gain":0.0,"max_hp_loss":0.0,"gold_gain":0.0,"event_name":"Vampires","player_choice":"Ignored","floor":20.0,"gold_loss":0.0,"damage_taken":0.0}],"is_beta":false,"boss_relics":[{"not_picked":["Lizard Tail","Runic Dome"],"picked":"Calling Bell"}],"items_purged_floors":[22],"is_endless":false,"potions_floor_spawned":[6,18],"killed_by":"Gremlin Leader","ascension_level":18}