{"gold_per_floor":[15,25,25,35,35,66,129,129,155,48,64,64,64,75,75,75],"floor_reached":16,"playtime":633,"items_purged":[],"score":185,"play_id":"f787f86e-ab2c-40fc-806f-549a7d4d459a","local_time":"20190101045003","is_ascension_mode":true,"campfire_choices":[{"data":"Rampage","floor":8,"key":"SMITH"},{"floor":13,"key":"REST"},{"data":"Pommel Strike","floor":15,"key":"SMITH"}],"neow_cost":"NO_GOLD","seed_source_timestamp":2092248231504307,"circlet_count":0,"master_deck":["AscendersBane","Strike_R","Strike_R","Strike_R","Strike_R","Strike_R","Defend_R","Defend_R","Defend_R","Defend_R","Bash","Fiend Fire","Seeing Red","True Grit","Twin Strike","Rampage+1","Inflame","Bandage Up","Inflame+1","Pommel Strike+1"],"relics":["Burning Blood","Centennial Puzzle","Sundial","PreservedInsect"],"potions_floor_usage":[6,6],"damage_taken":[{"damage":0,"enemies":"Small Slimes","floor":1,"turns":2},{"damage":1,"enemies":"Cultist","floor":2,"turns":3},{"damage":4,"enemies":"2 Louse","floor":4,"turns":3},{"damage":36,"enemies":"Lagavulin","floor":6,"turns":6},{"damage":36,"enemies":"Lagavulin Event","floor":7,"turns":4},{"damage":13,"enemies":"2 Fungi Beasts","floor":11,"turns":5},{"damage":13,"enemies":"Large Slime","floor":14,"turns":5},{"damage":35,"enemies":"Hexaghost","floor":16,"turns":8}],"seed_played":"2814037716653038439","potions_obtained":[{"floor":1,"key":"SkillPotion"},{"floor":4,"key":"Block Potion"},{"floor":14,"key":"Ancient Potion"}],"is_trial":false,"path_per_floor":["M","M","?","M","?","E","?","R","T","$","M","?","R","M","R","B"],"character_chosen":"IRONCLAD","items_purchased":["Bandage Up"],"campfire_rested":1,"item_purchase_floors":[10],"current_hp_per_floor":[74,75,75,75,75,45,15,15,15,15,12,12,34,31,31,0],"gold":75,"neow_bonus":"THREE_RARE_CARDS","is_prod":false,"is_daily":false,"chose_seed":false,"campfire_upgraded":2,"win_rate":0,"timestamp":1546314603,"path_taken":["M","M","?","?","?","E","?","R","T","$","M","?","R","M","R","BOSS"],"build_version":"2018-12-20","purchased_purges":0,"victory":false,"max_hp_per_floor":[75,75,75,75,75,75,75,75,75,75,75,75,75,75,75,75],"card_choices":[{"not_picked":["Double Tap","Exhume"],"picked":"Fiend Fire","floor":0},{"not_picked":["Blood for Blood","Reckless Charge"],"picked":"Seeing Red","floor":1},{"not_picked":["Perfected Strike","Flame Barrier"],"picked":"True Grit","floor":2},{"not_picked":["Fire Breathing","Rupture"],"picked":"Twin Strike","floor":4},{"not_picked":["Reckless Charge","Iron Wave"],"picked":"Rampage","floor":6},{"not_picked":["Intimidate","Anger"],"picked":"Inflame","floor":7},{"not_picked":["Body Slam","Entrench"],"picked":"Inflame","floor":11},{"not_picked":["Wild Strike","Havoc"],"picked":"Pommel Strike","floor":14}],"player_experience":647480,"relics_obtained":[{"floor":6,"key":"Centennial Puzzle"},{"floor":7,"key":"Sundial"},{"floor":9,"key":"PreservedInsect"}],"event_choices":[{"damage_healed":0,"gold_gain":0,"player_choice":"0 cards matched","damage_taken":0,"max_hp_gain":0,"max_hp_loss":0,"event_name":"Match and Keep!","floor":3,"gold_loss":0,"cards_obtained":[]},{"damage_healed":0,"gold_gain":0,"player_choice":"Leave","damage_taken":0,"max_hp_gain":0,"max_hp_loss":0,"event_name":"The Cleric","floor":5,"gold_loss":0},{"damage_healed":0,"gold_gain":0,"player_choice":"Searched \u00271\u0027 times","damage_taken":0,"max_hp_gain":0,"max_hp_loss":0,"event_name":"Dead Adventurer","floor":7,"gold_loss":0},{"damage_healed":0,"gold_gain":0,"player_choice":"Grow","damage_taken":0,"max_hp_gain":0,"max_hp_loss":0,"event_name":"Living Wall","floor":12,"gold_loss":0,"cards_upgraded":["Inflame"]}],"is_beta":false,"boss_relics":[],"items_purged_floors":[],"is_endless":false,"potions_floor_spawned":[1,4,14],"killed_by":"Hexaghost","ascension_level":17}