{"gold_per_floor":[110,123,48,48,61,61,85,85,85,96,130,142,42,68,68,173,173,186,203,71,71,71,71,103,26,26,26,44,44,44,63,63,63],"floor_reached":33,"playtime":2168,"items_purged":["Strike_G","Strike_G"],"score":287,"play_id":"f3029b02-478a-4724-a951-0a9b9aa07ea9","local_time":"20181228180821","is_ascension_mode":true,"campfire_choices":[{"data":"Envenom","floor":6,"key":"SMITH"},{"data":"Cloak And Dagger","floor":8,"key":"SMITH"},{"data":"Neutralize","floor":15,"key":"SMITH"},{"data":"Accuracy","floor":23,"key":"SMITH"},{"data":"Accuracy","floor":27,"key":"SMITH"},{"data":"Cloak And Dagger","floor":30,"key":"SMITH"},{"data":"Calculated Gamble","floor":32,"key":"SMITH"}],"neow_cost":"NONE","seed_source_timestamp":587338372026818,"circlet_count":0,"master_deck":["Defend_G","Defend_G","Defend_G","Defend_G","Strike_G","Strike_G","Strike_G","Survivor+1","Neutralize+1","Envenom+1","PiercingWail","Quick Slash","Cloak And Dagger+1","Unload","Blade Dance+1","Bane","Flechettes","A Thousand Cuts","Calculated Gamble+1","Heel Hook","Accuracy+1","Cloak And Dagger+1","Shame","Acrobatics+1","Accuracy+1","Quick Slash+1","Masterful Stab","Crippling Poison","Blade Dance+1"],"relics":["Ring of the Snake","Centennial Puzzle","Happy Flower","The Specimen","War Paint","Coffee Dripper","Question Card","Prayer Wheel","Ice Cream","Oddly Smooth Stone"],"potions_floor_usage":[11,14,33,33],"damage_taken":[{"damage":0,"enemies":"Cultist","floor":1,"turns":6},{"damage":0,"enemies":"Small Slimes","floor":2,"turns":6},{"damage":0,"enemies":"Jaw Worm","floor":5,"turns":3},{"damage":0,"enemies":"Exordium Wildlife","floor":10,"turns":5},{"damage":7,"enemies":"Gremlin Nob","floor":11,"turns":3},{"damage":0,"enemies":"2 Fungi Beasts","floor":12,"turns":2},{"damage":9,"enemies":"Lagavulin","floor":14,"turns":5},{"damage":11,"enemies":"Slime Boss","floor":16,"turns":9},{"damage":10,"enemies":"Chosen","floor":18,"turns":5},{"damage":10,"enemies":"Spheric Guardian","floor":19,"turns":3},{"damage":25,"enemies":"Slavers","floor":24,"turns":6},{"damage":0,"enemies":"Snecko","floor":28,"turns":3},{"damage":0,"enemies":"Snake Plant","floor":31,"turns":3},{"damage":12,"enemies":"Automaton","floor":33,"turns":4}],"seed_played":"595374957360535401","potions_obtained":[{"floor":1,"key":"SmokeBomb"},{"floor":5,"key":"Fire Potion"},{"floor":12,"key":"Poison Potion"},{"floor":18,"key":"Ancient Potion"},{"floor":19,"key":"GamblersBrew"},{"floor":31,"key":"Swift Potion"}],"is_trial":false,"path_per_floor":["M","M","$","?","M","R","T","R","T","M","E","M","$","E","R","B",null,"M","M","$","?","?","R","E","$","T","R","M","?","R","M","R","B"],"character_chosen":"THE_SILENT","items_purchased":["Accuracy","Cloak And Dagger","Accuracy"],"campfire_rested":0,"item_purchase_floors":[20,20,25],"current_hp_per_floor":[70,70,70,70,70,70,70,70,70,70,63,63,63,54,54,43,70,60,50,50,37,37,37,12,12,12,12,12,12,12,12,12,0],"gold":63,"neow_bonus":"ONE_RANDOM_RARE_CARD","is_prod":false,"is_daily":false,"chose_seed":false,"campfire_upgraded":7,"win_rate":0,"timestamp":1546033101,"path_taken":["M","M","$","?","?","R","?","R","T","M","E","M","?","E","R","BOSS","M","M","$","?","?","R","E","?","T","R","M","?","R","M","R","BOSS"],"build_version":"2018-12-20","purchased_purges":2,"victory":false,"max_hp_per_floor":[70,70,70,70,70,70,70,70,70,70,70,70,70,70,70,70,70,70,70,70,75,75,75,75,75,75,75,75,75,75,75,75,75],"card_choices":[{"not_picked":["Catalyst","Prepared"],"picked":"PiercingWail","floor":1},{"not_picked":["Choke","Dash"],"picked":"Quick Slash","floor":2},{"not_picked":["Heel Hook","Skewer"],"picked":"Cloak And Dagger","floor":5},{"not_picked":["Deflect","Distraction"],"picked":"Unload","floor":10},{"not_picked":["Quick Slash","Sucker Punch"],"picked":"Blade Dance","floor":11},{"not_picked":["Underhanded Strike","Distraction"],"picked":"Bane","floor":12},{"not_picked":["Backflip","Poisoned Stab"],"picked":"Flechettes","floor":14},{"not_picked":["Unload","Phantasmal Killer"],"picked":"A Thousand Cuts","floor":16},{"not_picked":["Deflect","Dodge and Roll"],"picked":"Calculated Gamble","floor":18},{"not_picked":["Outmaneuver+1","Dagger Throw"],"picked":"Heel Hook","floor":19},{"not_picked":["Caltrops","Heel Hook","Quick Slash"],"picked":"Acrobatics+1","floor":24},{"not_picked":["Poisoned Stab+1","Acrobatics","Slice+1"],"picked":"Quick Slash+1","floor":28},{"not_picked":["Footwork","Calculated Gamble","Underhanded Strike"],"picked":"Masterful Stab","floor":28},{"not_picked":["Eviscerate+1","Dodge and Roll","Deflect"],"picked":"Crippling Poison","floor":31},{"not_picked":["Quick Slash","Unload","Noxious Fumes"],"picked":"Blade Dance+1","floor":31}],"player_experience":84646,"relics_obtained":[{"floor":7,"key":"Centennial Puzzle"},{"floor":9,"key":"Happy Flower"},{"floor":11,"key":"The Specimen"},{"floor":14,"key":"War Paint"},{"floor":24,"key":"Prayer Wheel"},{"floor":26,"key":"Ice Cream"}],"event_choices":[{"cards_removed":["Defend_G"],"damage_healed":0,"gold_gain":0,"player_choice":"Purged","damage_taken":0,"max_hp_gain":0,"max_hp_loss":0,"event_name":"Purifier","floor":4,"gold_loss":0},{"damage_healed":0,"gold_gain":0,"player_choice":"Shed Blood","damage_taken":18,"max_hp_gain":5,"max_hp_loss":0,"event_name":"Forgotten Altar","floor":21,"gold_loss":0},{"damage_healed":0,"gold_gain":0,"player_choice":"Stole Relic","damage_taken":0,"relics_obtained":["Question Card"],"max_hp_gain":0,"max_hp_loss":0,"event_name":"Addict","floor":22,"gold_loss":0,"cards_obtained":["Shame"]},{"damage_healed":0,"gold_gain":0,"player_choice":"Opened","damage_taken":0,"relics_obtained":["Oddly Smooth Stone"],"max_hp_gain":0,"max_hp_loss":0,"event_name":"The Mausoleum","floor":29,"gold_loss":0}],"is_beta":false,"boss_relics":[{"not_picked":["Black Star","Calling Bell"],"picked":"Coffee Dripper"}],"items_purged_floors":[3,13],"is_endless":false,"potions_floor_spawned":[1,5,12,18,19,31],"killed_by":"Automaton","ascension_level":1}