{"gold_per_floor":[118,133,144,46,146,156,190,190,190,190,201,214,246,246,246,342,342,356,406,420,6,6,6,37,37,92,92,124,124,159,172,172,270,270,285,299,314,314,314,314,665,665,716,742,458,458,481,495,495,495],"floor_reached":51,"playtime":2855,"items_purged":["Strike_B","Strike_B"],"score":1207,"play_id":"f031ca34-25fe-430e-ad04-6e8e9b3190b1","local_time":"20190120221726","is_ascension_mode":true,"campfire_choices":[{"data":"Sunder","floor":8,"key":"SMITH"},{"data":"Beam Cell","floor":10,"key":"SMITH"},{"data":"Seek","floor":15,"key":"SMITH"},{"data":"Coolheaded","floor":23,"key":"SMITH"},{"data":"Turbo","floor":27,"key":"SMITH"},{"floor":32,"key":"REST"},{"data":"Hyperbeam","floor":40,"key":"SMITH"},{"data":"Machine Learning","floor":46,"key":"SMITH"},{"floor":49,"key":"REST"}],"neow_cost":"NONE","seed_source_timestamp":38832082772405,"circlet_count":0,"master_deck":["Strike_B","Strike_B","Defend_B","Defend_B","Defend_B","Defend_B","Zap+1","Dualcast","Seek+1","Beam Cell+1","Double Energy+1","Coolheaded+1","Turbo+1","Sunder+1","Doom and Gloom","Conserve Battery+1","Conserve Battery","Meteor Strike","Meteor Strike","Conserve Battery+1","Seek+1","Hyperbeam+1","Machine Learning+1","Flash of Steel"],"relics":["Cracked Core","Centennial Puzzle","Ornamental Fan","Mango","Potion Belt","Nuclear Battery","PreservedInsect","DollysMirror","Singing Bowl","Omamori","Smiling Mask","Kunai","White Beast Statue","Old Coin","Blood Vial","Darkstone Periapt","War Paint","Lantern"],"potions_floor_usage":[30,30,41,44,48,50,50,50,50,50],"damage_taken":[{"damage":0,"enemies":"2 Louse","floor":1,"turns":1},{"damage":0,"enemies":"Cultist","floor":2,"turns":2},{"damage":7,"enemies":"Jaw Worm","floor":3,"turns":2},{"damage":1,"enemies":"3 Louse","floor":6,"turns":4},{"damage":21,"enemies":"Lagavulin","floor":7,"turns":5},{"damage":4,"enemies":"Looter","floor":11,"turns":3},{"damage":0,"enemies":"Large Slime","floor":12,"turns":2},{"damage":8,"enemies":"Gremlin Nob","floor":13,"turns":3},{"damage":3,"enemies":"Slime Boss","floor":16,"turns":7},{"damage":1,"enemies":"3 Byrds","floor":18,"turns":3},{"damage":10,"enemies":"Shell Parasite","floor":20,"turns":3},{"damage":0,"enemies":"Gremlin Leader","floor":24,"turns":3},{"damage":0,"enemies":"Slavers","floor":28,"turns":3},{"damage":0,"enemies":"Gremlin Leader","floor":30,"turns":3},{"damage":7,"enemies":"Cultist and Chosen","floor":31,"turns":3},{"damage":76,"enemies":"Automaton","floor":33,"turns":9},{"damage":4,"enemies":"3 Shapes","floor":35,"turns":1},{"damage":6,"enemies":"Orb Walker","floor":36,"turns":2},{"damage":20,"enemies":"Maw","floor":37,"turns":7},{"damage":13,"enemies":"2 Orb Walkers","floor":41,"turns":3},{"damage":0,"enemies":"Giant Head","floor":44,"turns":5},{"damage":10,"enemies":"4 Shapes","floor":48,"turns":3},{"damage":18,"enemies":"Awakened One","floor":50,"turns":11}],"seed_played":"-1026215210875853305","potions_obtained":[{"floor":1,"key":"GamblersBrew"},{"floor":3,"key":"Poison Potion"},{"floor":11,"key":"Swift Potion"},{"floor":12,"key":"Weak Potion"},{"floor":13,"key":"Swift Potion"},{"floor":16,"key":"PowerPotion"},{"floor":18,"key":"AttackPotion"},{"floor":24,"key":"Strength Potion"},{"floor":31,"key":"AttackPotion"},{"floor":35,"key":"SkillPotion"},{"floor":36,"key":"Ancient Potion"},{"floor":37,"key":"Fire Potion"},{"floor":41,"key":"GamblersBrew"},{"floor":44,"key":"AttackPotion"},{"floor":48,"key":"Weak Potion"}],"is_trial":false,"path_per_floor":["M","M","M","$","?","M","E","R","T","R","M","M","E","?","R","B",null,"M","?","M","$","?","R","E","$","T","R","E","?","E","M","R","B",null,"M","M","M","?","?","R","?","?","T","E","$","R","T","M","R","B",null],"character_chosen":"DEFECT","items_purchased":["Coolheaded","Turbo","PreservedInsect","DollysMirror","War Paint","Flash of Steel"],"campfire_rested":2,"item_purchase_floors":[4,4,21,21,45,45],"current_hp_per_floor":[68,68,61,61,61,60,39,39,39,39,35,35,41,41,41,38,76,75,75,65,65,65,65,67,67,67,67,69,69,69,64,92,16,75,73,69,51,51,76,76,65,65,65,69,69,69,69,63,95,79],"gold":495,"neow_bonus":"ONE_RANDOM_RARE_CARD","is_prod":false,"is_daily":false,"chose_seed":false,"campfire_upgraded":7,"win_rate":0,"timestamp":1547983046,"path_taken":["M","M","M","$","?","M","E","R","T","R","M","?","E","?","R","BOSS","M","?","?","$","?","R","E","$","T","R","E","?","E","M","R","BOSS","M","M","?","?","?","R","?","?","T","E","$","R","?","?","R","BOSS"],"build_version":"2019-01-17v2","purchased_purges":2,"victory":true,"max_hp_per_floor":[75,75,75,75,75,75,75,75,75,75,75,75,89,89,89,89,89,89,89,89,89,89,89,91,91,91,91,93,93,93,95,95,95,95,97,99,101,101,101,101,103,103,103,105,105,105,105,107,107,107],"card_choices":[{"not_picked":["Reinforced Body","Streamline"],"picked":"Rip and Tear","floor":1},{"not_picked":["Rip and Tear","Compile Driver"],"picked":"Beam Cell","floor":2},{"not_picked":["Aggregate","Turbo"],"picked":"Double Energy","floor":3},{"not_picked":["Coolheaded","Stack"],"picked":"Sunder","floor":6},{"not_picked":["Hologram","Ball Lightning"],"picked":"Doom and Gloom","floor":7},{"not_picked":["Hello World","Steam"],"picked":"Conserve Battery","floor":11},{"not_picked":["Compile Driver","Creative AI"],"picked":"Conserve Battery","floor":12},{"not_picked":["Streamline","Go for the Eyes"],"picked":"Meteor Strike","floor":13},{"not_picked":["Core Surge","Echo Form"],"picked":"Meteor Strike","floor":16},{"not_picked":["Gash","Turbo","Genetic Algorithm"],"picked":"SKIP","floor":18},{"not_picked":["Static Discharge","Barrage+1"],"picked":"Conserve Battery+1","floor":20},{"not_picked":["Chill","Turbo","Conserve Battery+1"],"picked":"Singing Bowl","floor":24},{"not_picked":["Cold Snap+1","Force Field+1","Turbo"],"picked":"Singing Bowl","floor":28},{"not_picked":["Static Discharge+1","Barrage+1"],"picked":"Hyperbeam","floor":30},{"not_picked":["Sweeping Beam+1","Gash","Coolheaded"],"picked":"Singing Bowl","floor":31},{"not_picked":["Creative AI","All For One"],"picked":"Machine Learning","floor":33},{"not_picked":["Cold Snap","Go for the Eyes","Redo+1"],"picked":"Singing Bowl","floor":35},{"not_picked":["Conserve Battery","Streamline","Loop"],"picked":"Singing Bowl","floor":36},{"not_picked":["Streamline","Gash","Chill"],"picked":"Singing Bowl","floor":37},{"not_picked":["Consume+1","Hello World+1","Redo+1"],"picked":"Singing Bowl","floor":41},{"not_picked":["Glacier","Defragment","Conserve Battery"],"picked":"Singing Bowl","floor":44},{"not_picked":["Heatsinks+1","Capacitor","Cold Snap"],"picked":"Singing Bowl","floor":48}],"player_experience":672534,"relics_obtained":[{"floor":7,"key":"Centennial Puzzle"},{"floor":9,"key":"Ornamental Fan"},{"floor":13,"key":"Mango"},{"floor":24,"key":"Singing Bowl"},{"floor":26,"key":"Omamori"},{"floor":28,"key":"Smiling Mask"},{"floor":30,"key":"Kunai"},{"floor":41,"key":"Old Coin"},{"floor":43,"key":"Blood Vial"},{"floor":44,"key":"Darkstone Periapt"},{"floor":47,"key":"Lantern"}],"event_choices":[{"damage_healed":0,"gold_gain":100,"player_choice":"Pray","damage_taken":0,"max_hp_gain":0,"max_hp_loss":0,"event_name":"Golden Shrine","floor":5,"gold_loss":0},{"damage_healed":0,"gold_gain":0,"player_choice":"Gave Potion","damage_taken":0,"relics_obtained":["Potion Belt"],"max_hp_gain":0,"max_hp_loss":0,"event_name":"WeMeetAgain","floor":14,"gold_loss":0},{"damage_healed":0,"gold_gain":100,"player_choice":"Bet on Murderer","damage_taken":0,"max_hp_gain":0,"max_hp_loss":0,"event_name":"The Joust","floor":19,"gold_loss":50},{"damage_healed":0,"gold_gain":0,"player_choice":"Ignored","damage_taken":0,"max_hp_gain":0,"max_hp_loss":0,"event_name":"Vampires","floor":22,"gold_loss":0},{"damage_healed":0,"gold_gain":0,"player_choice":"Forge","damage_taken":0,"max_hp_gain":0,"max_hp_loss":0,"event_name":"Accursed Blacksmith","floor":29,"gold_loss":0,"cards_upgraded":["Double Energy"]},{"damage_healed":0,"gold_gain":0,"player_choice":"Ignored","damage_taken":0,"max_hp_gain":0,"max_hp_loss":0,"event_name":"Tomb of Lord Red Mask","floor":38,"gold_loss":0},{"damage_healed":25,"gold_gain":0,"player_choice":"Writhe","damage_taken":0,"max_hp_gain":0,"max_hp_loss":0,"event_name":"Winding Halls","floor":39,"gold_loss":0,"cards_obtained":["Writhe"]},{"damage_healed":0,"gold_gain":0,"player_choice":"Fight","damage_taken":0,"max_hp_gain":0,"max_hp_loss":0,"event_name":"Mysterious Sphere","floor":41,"gold_loss":0},{"cards_removed":["Rip and Tear"],"damage_healed":0,"gold_gain":0,"player_choice":"Removed Attack","damage_taken":0,"max_hp_gain":0,"max_hp_loss":0,"event_name":"Falling","floor":42,"gold_loss":0}],"is_beta":false,"boss_relics":[{"not_picked":["Philosopher\u0027s Stone","FrozenCore"],"picked":"Nuclear Battery"},{"not_picked":["Coffee Dripper","Lizard Tail"],"picked":"White Beast Statue"}],"items_purged_floors":[21,45],"is_endless":false,"potions_floor_spawned":[1,3,11,12,13,16,18,24,31,35,36,37,41,44,48],"ascension_level":8}