{"gold_per_floor":[114,114,131,147,170,199,199,226,249,264,279,279,83,83,83,83],"floor_reached":16,"playtime":948,"items_purged":["Strike_B"],"score":110,"play_id":"151707a8-d4e9-440d-85ea-a3a572592c03","local_time":"20190111163602","is_ascension_mode":false,"campfire_choices":[{"floor":7,"key":"REST"},{"data":"Stack","floor":12,"key":"SMITH"},{"floor":15,"key":"REST"}],"neow_cost":"NONE","seed_source_timestamp":0,"circlet_count":0,"master_deck":["Strike_B","Strike_B","Strike_B","Defend_B","Defend_B","Defend_B","Defend_B","Zap","Dualcast","Multi-Cast+1","Barrage","Doom and Gloom","Compile Driver","Hologram","Stack+1","Fusion","Reprogram","Defragment","Conserve Battery"],"special_seed":0,"relics":["Cracked Core","Oddly Smooth Stone","Ancient Tea Set","Matryoshka","Bag of Preparation","Happy Flower","Bronze Scales"],"potions_floor_usage":[8,16],"damage_taken":[{"damage":0.0,"enemies":"2 Louse","floor":1.0,"turns":2.0},{"damage":0.0,"enemies":"Cultist","floor":3.0,"turns":3.0},{"damage":1,"enemies":"Jaw Worm","floor":4,"turns":3},{"damage":45,"enemies":"Lagavulin","floor":6,"turns":7},{"damage":15,"enemies":"3 Sentries","floor":8,"turns":3},{"damage":8,"enemies":"Lots of Slimes","floor":10,"turns":4},{"damage":0,"enemies":"2 Fungi Beasts","floor":11,"turns":3},{"damage":33,"enemies":"Hexaghost","floor":16,"turns":9}],"seed_played":"3014748700896958009","potions_obtained":[{"floor":4,"key":"Explosive Potion"},{"floor":8,"key":"SpeedPotion"}],"is_trial":false,"path_per_floor":["M","?","M","M","T","E","R","E","T","M","M","R","$","?","R","B"],"character_chosen":"DEFECT","items_purchased":["Defragment","Conserve Battery"],"campfire_rested":2,"item_purchase_floors":[13,13],"current_hp_per_floor":[75,75,75,74,74,29,51,36,36,28,28,28,28,10,32,0],"gold":83,"neow_bonus":"ONE_RANDOM_RARE_CARD","is_prod":false,"is_daily":false,"chose_seed":false,"campfire_upgraded":1,"win_rate":0,"timestamp":1547242562,"path_taken":["M","?","M","M","?","E","R","E","T","M","?","R","$","?","R","BOSS"],"build_version":"2019-01-10","purchased_purges":1,"victory":false,"max_hp_per_floor":[75,75,75,75,75,75,75,75,75,75,75,75,75,75,75,75],"card_choices":[{"not_picked":["Tempest","Cold Snap"],"picked":"Barrage","floor":1.0},{"not_picked":["Ball Lightning","Rebound"],"picked":"Doom and Gloom","floor":3},{"not_picked":["Rebound","Sweeping Beam"],"picked":"Compile Driver","floor":4},{"not_picked":["Gash","Steam"],"picked":"Hologram","floor":6},{"not_picked":["Reprogram","Go for the Eyes"],"picked":"Stack","floor":8},{"not_picked":["Undo","Darkness"],"picked":"Fusion","floor":10},{"not_picked":["Blizzard","Hologram"],"picked":"Reprogram","floor":11}],"player_experience":50126,"relics_obtained":[{"floor":5,"key":"Oddly Smooth Stone"},{"floor":6,"key":"Ancient Tea Set"},{"floor":8,"key":"Matryoshka"},{"floor":9,"key":"Bag of Preparation"},{"floor":9,"key":"Happy Flower"}],"event_choices":[{"damage_healed":0.0,"max_hp_gain":0.0,"max_hp_loss":0.0,"gold_gain":0.0,"event_name":"Upgrade Shrine","player_choice":"Upgraded","floor":2.0,"gold_loss":0.0,"damage_taken":0.0,"cards_upgraded":["Multi-Cast"]},{"damage_healed":0,"gold_gain":0,"player_choice":"Success","damage_taken":18,"relics_obtained":["Bronze Scales"],"max_hp_gain":0,"max_hp_loss":0,"event_name":"Scrap Ooze","floor":14,"gold_loss":0}],"is_beta":false,"boss_relics":[],"items_purged_floors":[13],"is_endless":false,"potions_floor_spawned":[4,8],"killed_by":"Hexaghost","ascension_level":0}