{"gold_per_floor":[116,15,15,26,26,52,52,77,127,147,165,165,190,206,206,309,309,323,342,342,53,63,63,97,108,108,136,136,136,163,190,202,309,321,344,356,388,417,429,441,453,494,529,226,237,186,196,215,215,215,215,215,11,42,42],"floor_reached":55,"playtime":3619,"items_purged":["Strike_B","Strike_B","Parasite"],"score":995,"play_id":"b730aaa5-05a5-4925-9625-812e08e267da","local_time":"20190130211826","is_ascension_mode":true,"campfire_choices":[{"data":"Zap","floor":7,"key":"SMITH"},{"data":"Loop","floor":12,"key":"SMITH"},{"data":"White Noise","floor":15,"key":"SMITH"},{"data":"Creative AI","floor":23,"key":"SMITH"},{"data":"Double Energy","floor":28,"key":"SMITH"},{"data":"Ghostly","floor":32,"key":"SMITH"},{"floor":40,"key":"RECALL"}],"neow_cost":"NONE","seed_source_timestamp":518395085226000,"circlet_count":0,"master_deck":["Strike_B+1","Defend_B+1","Defend_B+1","Defend_B+1","Defend_B+1","Zap+1","Dualcast+1","Compile Driver+1","Compile Driver+1","Gash+1","Coolheaded+1","Sunder+1","Steam+1","Loop+1","All For One+1","White Noise+1","Creative AI+1","Hologram+1","Stack+1","Ghostly+1","Ghostly+1","Ghostly+1","Ghostly+1","Ghostly+1","Self Repair+1","Double Energy+1","Gash+1","Rebound+1","Coolheaded+1","Gash+1","Echo Form+1","Leap+1","Go for the Eyes+1","Clumsy","Ghostly+1","Beam Cell+1","Machine Learning","Coolheaded"],"relics":["Cracked Core","NeowsBlessing","Oddly Smooth Stone","Ornamental Fan","Bronze Scales","Bottled Tornado","Cursed Key","PreservedInsect","Bottled Lightning","Torii","Potion Belt","MawBank","Coffee Dripper","Mark of the Bloom","Pen Nib","DollysMirror","Blood Vial"],"potions_floor_usage":[22,31,31,48,50,55,55,55,55,55],"damage_taken":[{"damage":0,"enemies":"Cultist","floor":1,"turns":1},{"damage":0,"enemies":"Small Slimes","floor":4,"turns":1},{"damage":0,"enemies":"Lagavulin","floor":6,"turns":1},{"damage":27,"enemies":"3 Sentries","floor":8,"turns":7},{"damage":4,"enemies":"Jaw Worm","floor":10,"turns":2},{"damage":0,"enemies":"Large Slime","floor":11,"turns":3},{"damage":3,"enemies":"Lagavulin","floor":13,"turns":5},{"damage":0,"enemies":"Exordium Wildlife","floor":14,"turns":2},{"damage":10,"enemies":"Hexaghost","floor":16,"turns":8},{"damage":18,"enemies":"Shell Parasite","floor":18,"turns":6},{"damage":24,"enemies":"2 Thieves","floor":19,"turns":3},{"damage":0,"enemies":"Sentry and Sphere","floor":22,"turns":7},{"damage":4,"enemies":"Gremlin Leader","floor":24,"turns":6},{"damage":3,"enemies":"Snake Plant","floor":25,"turns":4},{"damage":11,"enemies":"Slavers","floor":27,"turns":4},{"damage":2,"enemies":"Shelled Parasite and Fungi","floor":30,"turns":5},{"damage":13,"enemies":"Cultist and Chosen","floor":31,"turns":7},{"damage":0,"enemies":"Champ","floor":33,"turns":12},{"damage":0,"enemies":"Orb Walker","floor":35,"turns":4},{"damage":24,"enemies":"3 Shapes","floor":37,"turns":6},{"damage":4,"enemies":"3 Darklings","floor":38,"turns":7},{"damage":2,"enemies":"Giant Head","floor":42,"turns":8},{"damage":0,"enemies":"Maw","floor":45,"turns":7},{"damage":0,"enemies":"Sphere and 2 Shapes","floor":47,"turns":4},{"damage":1,"enemies":"4 Shapes","floor":48,"turns":4},{"damage":0,"enemies":"Awakened One","floor":50,"turns":12},{"damage":0,"enemies":"Shield and Spear","floor":54,"turns":7},{"damage":39,"enemies":"The Heart","floor":55,"turns":8}],"seed_played":"-8937234362652885899","potions_obtained":[{"floor":8,"key":"SteroidPotion"},{"floor":10,"key":"SkillPotion"},{"floor":13,"key":"Weak Potion"},{"floor":14,"key":"Energy Potion"},{"floor":24,"key":"SpeedPotion"},{"floor":27,"key":"GamblersBrew"},{"floor":30,"key":"Ancient Potion"},{"floor":33,"key":"Strength Potion"},{"floor":45,"key":"Poison Potion"},{"floor":48,"key":"LiquidBronze"}],"is_trial":false,"path_per_floor":["M","$","?","M","?","E","R","E","T","M","M","R","E","M","R","B",null,"M","M","?","$","M","R","E","M","T","E","R","?","M","M","R","B",null,"M","?","M","M","?","R","?","E","T","$","M","$","M","M","R","B",null,"R","$","E","B"],"character_chosen":"DEFECT","items_purchased":["Compile Driver","Self Repair","PreservedInsect","DollysMirror","Block Potion","Ancient Potion","SkillPotion","Machine Learning"],"campfire_rested":0,"item_purchase_floors":[2,21,21,44,46,53,53,53],"current_hp_per_floor":[75,75,68,68,68,68,68,41,41,37,37,37,34,34,34,24,75,57,33,33,33,37,37,37,37,37,26,26,26,31,25,25,32,37,37,35,11,7,31,31,31,29,29,28,28,28,28,27,27,27,27,27,27,27,0],"gold":42,"neow_bonus":"THREE_ENEMY_KILL","is_prod":false,"is_daily":false,"chose_seed":false,"campfire_upgraded":6,"win_rate":0,"timestamp":1548883106,"path_taken":["M","$","?","M","?","E","R","E","T","M","M","R","E","M","R","BOSS","M","M","?","$","M","R","E","M","T","E","R","?","M","M","R","BOSS","M","?","M","M","?","R","?","E","T","$","M","$","M","M","R","BOSS","R","$","E","BOSS"],"build_version":"2019-01-23","purchased_purges":3,"victory":false,"max_hp_per_floor":[75,75,75,75,75,75,75,75,75,75,75,75,75,75,75,75,75,75,75,37,37,37,37,37,37,37,37,37,37,37,37,37,37,37,37,35,35,35,31,31,31,31,31,28,28,28,28,28,28,28,28,28,28,28,28],"card_choices":[{"not_picked":["Conserve Battery","Reinforced Body"],"picked":"Compile Driver","floor":1},{"not_picked":["Coolheaded","Go for the Eyes"],"picked":"Gash","floor":4},{"not_picked":["Go for the Eyes","Steam"],"picked":"Coolheaded","floor":6},{"not_picked":["Double Energy","Thunder Strike"],"picked":"Sunder","floor":8},{"not_picked":["Recycle","Tempest"],"picked":"Steam","floor":10},{"not_picked":["Conserve Battery","Reinforced Body"],"picked":"Loop","floor":11},{"not_picked":["Streamline","Self Repair"],"picked":"All For One","floor":13},{"not_picked":["Compile Driver","Steam"],"picked":"White Noise","floor":14},{"not_picked":["Fission","Amplify"],"picked":"Creative AI","floor":16},{"not_picked":["Stack","Aggregate"],"picked":"Hologram","floor":18},{"not_picked":["Hello World","Rip and Tear"],"picked":"Stack","floor":19},{"not_picked":["Doom and Gloom","Genetic Algorithm"],"picked":"Double Energy","floor":22},{"not_picked":["Machine Learning","BootSequence+1"],"picked":"Gash","floor":24},{"not_picked":["Hologram","Turbo"],"picked":"Rebound","floor":25},{"not_picked":["Barrage","Ball Lightning"],"picked":"Coolheaded","floor":27},{"not_picked":["Hologram","Turbo+1"],"picked":"Gash","floor":30},{"not_picked":["Scrape+1","Recycle","Streamline+1"],"picked":"SKIP","floor":31},{"not_picked":["Fission","All For One"],"picked":"Echo Form","floor":33},{"not_picked":["Double Energy","Streamline+1"],"picked":"Leap+1","floor":35},{"not_picked":["Redo+1","Cold Snap+1"],"picked":"Go for the Eyes+1","floor":37},{"not_picked":["Ball Lightning","Barrage+1","White Noise"],"picked":"SKIP","floor":38},{"not_picked":["Biased Cognition","Go for the Eyes","Compile Driver"],"picked":"SKIP","floor":42},{"not_picked":["Biased Cognition","Go for the Eyes","Compile Driver"],"picked":"SKIP","floor":42},{"not_picked":["Go for the Eyes","Conserve Battery"],"picked":"Beam Cell+1","floor":45},{"not_picked":["Rebound+1","Rip and Tear","Barrage"],"picked":"SKIP","floor":47},{"not_picked":["Reinforced Body","Beam Cell+1","Cold Snap"],"picked":"SKIP","floor":48},{"not_picked":["Barrage","Auto Shields"],"picked":"Coolheaded","floor":54}],"player_experience":187563,"relics_obtained":[{"floor":6,"key":"Oddly Smooth Stone"},{"floor":8,"key":"Ornamental Fan"},{"floor":9,"key":"Bronze Scales"},{"floor":13,"key":"Bottled Tornado"},{"floor":24,"key":"Bottled Lightning"},{"floor":26,"key":"Torii"},{"floor":27,"key":"Potion Belt"},{"floor":42,"key":"Pen Nib"},{"floor":54,"key":"Blood Vial"}],"event_choices":[{"cards_removed":["Strike_B"],"damage_healed":0,"gold_gain":0,"player_choice":"Card Removal","damage_taken":7,"max_hp_gain":0,"max_hp_loss":0,"event_name":"Golden Wing","floor":3,"gold_loss":0},{"damage_healed":0,"gold_gain":0,"player_choice":"Leave","damage_taken":0,"max_hp_gain":0,"max_hp_loss":0,"event_name":"The Cleric","floor":5,"gold_loss":0},{"damage_healed":0,"gold_gain":0,"player_choice":"Became a Ghost","damage_taken":0,"max_hp_gain":0,"max_hp_loss":38,"event_name":"Ghosts","floor":20,"gold_loss":0,"cards_obtained":["Ghostly","Ghostly","Ghostly","Ghostly","Ghostly"]},{"damage_healed":0,"gold_gain":0,"player_choice":"Opened","damage_taken":0,"relics_obtained":["MawBank"],"max_hp_gain":0,"max_hp_loss":0,"event_name":"The Mausoleum","floor":29,"gold_loss":0},{"damage_healed":0,"gold_gain":0,"player_choice":"Max HP","damage_taken":0,"max_hp_gain":0,"max_hp_loss":2,"event_name":"Winding Halls","floor":36,"gold_loss":0},{"damage_healed":31,"gold_gain":0,"player_choice":"Heal","damage_taken":0,"max_hp_gain":0,"max_hp_loss":4,"event_name":"The Moai Head","floor":39,"gold_loss":0},{"damage_healed":0,"gold_gain":0,"player_choice":"Upgrade","damage_taken":0,"relics_obtained":["Mark of the Bloom"],"max_hp_gain":0,"max_hp_loss":0,"event_name":"MindBloom","floor":41,"gold_loss":0,"cards_upgraded":["Strike_B","Defend_B","Defend_B","Defend_B","Defend_B","Dualcast","Compile Driver","Compile Driver","Gash","Coolheaded","Sunder","Steam","All For One","Hologram","Stack","Ghostly","Ghostly","Ghostly","Ghostly","Self Repair","Gash","Rebound","Coolheaded","Gash","Echo Form"]}],"is_beta":false,"boss_relics":[{"not_picked":["FrozenCore","Velvet Choker"],"picked":"Cursed Key"},{"not_picked":["Inserter","Calling Bell"],"picked":"Coffee Dripper"}],"items_purged_floors":[2,21,44],"is_endless":false,"potions_floor_spawned":[8,10,13,14,19,24,27,30,33,45,47,48],"killed_by":"The Heart","ascension_level":2}