{"gold_per_floor":[118,64,64,76,76,76,109,109,109,109,184,200,214,225,225,322,322,332,155,170,170,182,80,80,113,113,113,13,13,29,44,44,44],"floor_reached":33,"playtime":1291,"items_purged":["Strike_R","Defend_R","Strike_R"],"score":315,"play_id":"250c0eda-3a93-42f6-a8ea-5d8eab5a6c33","local_time":"20190129013006","is_ascension_mode":false,"campfire_choices":[{"data":"Disarm","floor":6,"key":"SMITH"},{"data":"Heavy Blade","floor":8,"key":"SMITH"},{"data":"Shrug It Off","floor":15,"key":"SMITH"},{"data":"Feed","floor":24,"key":"SMITH"},{"data":"Shrug It Off","floor":29,"key":"SMITH"},{"floor":32,"key":"REST"}],"neow_cost":"NONE","seed_source_timestamp":804803509761378,"circlet_count":0,"master_deck":["Strike_R","Strike_R","Strike_R","Defend_R","Defend_R","Defend_R","Bash","Disarm+1","Heavy Blade+1","Disarm","Shrug It Off+1","Feed+1","Shrug It Off+1"],"relics":["Burning Blood","NeowsBlessing","Regal Pillow","Sundial","The Courier","Ancient Tea Set","Philosopher\u0027s Stone","PreservedInsect","Unceasing Top","Mummified Hand"],"potions_floor_usage":[16,16,25,25,25],"damage_taken":[{"damage":0,"enemies":"2 Louse","floor":1,"turns":1},{"damage":0,"enemies":"Cultist","floor":4,"turns":1},{"damage":0,"enemies":"3 Sentries","floor":7,"turns":2},{"damage":7,"enemies":"Jaw Worm","floor":12,"turns":4},{"damage":4,"enemies":"Blue Slaver","floor":13,"turns":5},{"damage":4,"enemies":"2 Fungi Beasts","floor":14,"turns":5},{"damage":50,"enemies":"Slime Boss","floor":16,"turns":12},{"damage":9,"enemies":"Chosen","floor":18,"turns":5},{"damage":15,"enemies":"Shell Parasite","floor":20,"turns":7},{"damage":40,"enemies":"3 Cultists","floor":22,"turns":8},{"damage":53,"enemies":"Book of Stabbing","floor":25,"turns":7},{"damage":19,"enemies":"Cultist and Chosen","floor":30,"turns":10},{"damage":17,"enemies":"Snake Plant","floor":31,"turns":5},{"damage":65,"enemies":"Automaton","floor":33,"turns":12}],"seed_played":"-1712723829721265004","potions_obtained":[{"floor":4,"key":"Fire Potion"},{"floor":7,"key":"Explosive Potion"},{"floor":13,"key":"BloodPotion"},{"floor":16,"key":"BloodPotion"},{"floor":20,"key":"EssenceOfSteel"}],"is_trial":false,"path_per_floor":["M","?","$","M","?","R","E","R","T","T","?","M","M","M","R","B",null,"M","$","M","?","M","$","R","E","T","?","$","R","M","M","R","B"],"character_chosen":"IRONCLAD","items_purchased":["PreservedInsect","Shrug It Off"],"campfire_rested":1,"item_purchase_floors":[19,23],"current_hp_per_floor":[80,80,80,80,85,85,85,85,85,85,77,76,78,80,80,36,85,85,85,79,79,48,48,48,23,23,55,55,55,46,39,85,20],"gold":44,"neow_bonus":"THREE_ENEMY_KILL","is_prod":false,"is_daily":false,"chose_seed":false,"campfire_upgraded":5,"win_rate":0,"timestamp":1548738006,"path_taken":["M","?","?","M","?","R","E","R","T","?","?","M","M","M","R","BOSS","M","$","?","?","M","$","R","E","T","?","?","R","M","M","R","BOSS"],"build_version":"2019-01-23","purchased_purges":3,"victory":false,"max_hp_per_floor":[80,80,80,80,85,85,85,85,85,85,85,85,85,85,85,85,85,88,88,91,91,94,94,94,98,98,98,98,98,102,106,106,106],"card_choices":[{"not_picked":["Clash","Clothesline"],"picked":"Disarm","floor":1},{"not_picked":["Fire Breathing","Warcry","Flex"],"picked":"SKIP","floor":4},{"not_picked":["Twin Strike","Iron Wave"],"picked":"Heavy Blade","floor":7},{"not_picked":["Body Slam","Anger","Power Through"],"picked":"SKIP","floor":12},{"not_picked":["Corruption","Carnage"],"picked":"Disarm","floor":13},{"not_picked":["Infernal Blade","Perfected Strike"],"picked":"Shrug It Off","floor":14},{"not_picked":["Barricade","Brutality"],"picked":"Feed","floor":16},{"not_picked":["Evolve","Clash","Sword Boomerang"],"picked":"SKIP","floor":18},{"not_picked":["Blood for Blood","Sword Boomerang","Dual Wield"],"picked":"SKIP","floor":20},{"not_picked":["Twin Strike+1","Bloodletting","Anger"],"picked":"SKIP","floor":22},{"not_picked":["Blood for Blood","Cleave","True Grit"],"picked":"SKIP","floor":25},{"not_picked":["Sword Boomerang","Rupture","Body Slam+1"],"picked":"SKIP","floor":30},{"not_picked":["Second Wind","Perfected Strike","Power Through+1"],"picked":"SKIP","floor":31}],"player_experience":257254,"relics_obtained":[{"floor":7,"key":"Sundial"},{"floor":9,"key":"The Courier"},{"floor":10,"key":"Ancient Tea Set"},{"floor":25,"key":"Unceasing Top"},{"floor":26,"key":"Mummified Hand"}],"event_choices":[{"damage_healed":0,"gold_gain":0,"player_choice":"Paid Gold","damage_taken":0,"relics_obtained":["Regal Pillow"],"max_hp_gain":0,"max_hp_loss":0,"event_name":"WeMeetAgain","floor":2,"gold_loss":54},{"damage_healed":0,"gold_gain":0,"player_choice":"Donut","damage_taken":0,"max_hp_gain":5,"max_hp_loss":0,"event_name":"Big Fish","floor":5,"gold_loss":0},{"damage_healed":0,"gold_gain":75,"player_choice":"Touch","damage_taken":8,"max_hp_gain":0,"max_hp_loss":0,"event_name":"FaceTrader","floor":11,"gold_loss":0},{"damage_healed":0,"gold_gain":0,"player_choice":"Ignored","damage_taken":0,"max_hp_gain":0,"max_hp_loss":0,"event_name":"Vampires","floor":21,"gold_loss":0},{"damage_healed":32,"gold_gain":0,"player_choice":"Heal","damage_taken":0,"max_hp_gain":0,"max_hp_loss":0,"event_name":"The Library","floor":27,"gold_loss":0}],"is_beta":false,"boss_relics":[{"not_picked":["Ectoplasm","Runic Dome"],"picked":"Philosopher\u0027s Stone"}],"items_purged_floors":[19,23,28],"is_endless":false,"potions_floor_spawned":[4,7,13,16,20],"killed_by":"Automaton","ascension_level":0}