{"gold_per_floor":[369,380,10,30,0,0,29,29,29,29,29,65,65,83,83,160,160,171,171,182,182],"floor_reached":21,"playtime":1520,"items_purged":["Normality"],"score":340,"play_id":"e55739de-2aba-45d3-b7ff-915d9fea87cb","local_time":"20190110153356","is_ascension_mode":true,"campfire_choices":[{"data":"Jack Of All Trades","floor":6,"key":"SMITH"},{"data":"Magnetism","floor":8,"key":"SMITH"},{"data":"Entrench","floor":13,"key":"SMITH"},{"floor":15,"key":"REST"}],"neow_cost":"CURSE","seed_source_timestamp":2907582576071906,"circlet_count":0,"master_deck":["AscendersBane","Strike_R","Strike_R","Strike_R","Strike_R","Strike_R","Defend_R","Defend_R","Defend_R","Defend_R","Bash","Entrench+1","Magnetism+1","Jack Of All Trades+1","Iron Wave","Power Through","Juggernaut","Dual Wield","Juggernaut","Shrug It Off"],"relics":["Burning Blood","FossilizedHelix","Paper Frog","Oddly Smooth Stone","Cursed Key"],"potions_floor_usage":[16,16,20,20],"damage_taken":[{"damage":9,"enemies":"2 Louse","floor":1,"turns":4},{"damage":11,"enemies":"Jaw Worm","floor":2,"turns":5},{"damage":3,"enemies":"Cultist","floor":4,"turns":4},{"damage":7,"enemies":"Looter","floor":5,"turns":4},{"damage":45,"enemies":"3 Sentries","floor":7,"turns":10},{"damage":0,"enemies":"Exordium Wildlife","floor":12,"turns":4},{"damage":3,"enemies":"Large Slime","floor":14,"turns":7},{"damage":39,"enemies":"Hexaghost","floor":16,"turns":10},{"damage":10,"enemies":"Shell Parasite","floor":18,"turns":8},{"damage":33,"enemies":"3 Byrds","floor":20,"turns":6},{"damage":50,"enemies":"Cultist and Chosen","floor":21,"turns":7}],"seed_played":"984943530749346957","potions_obtained":[{"floor":7,"key":"Weak Potion"},{"floor":12,"key":"Regen Potion"},{"floor":18,"key":"Swift Potion"},{"floor":19,"key":"AttackPotion"}],"is_trial":false,"path_per_floor":["M","M","$","M","M","R","E","R","T","?","T","M","R","M","R","B",null,"M","?","M","M"],"character_chosen":"IRONCLAD","items_purchased":["Magnetism","Jack Of All Trades"],"campfire_rested":1,"item_purchase_floors":[3,3],"current_hp_per_floor":[65,60,60,63,62,62,23,23,23,23,23,29,29,32,54,36,65,61,61,34,0],"gold":182,"neow_bonus":"TWO_FIFTY_GOLD","is_prod":false,"is_daily":false,"chose_seed":false,"campfire_upgraded":3,"win_rate":0,"timestamp":1547130836,"path_taken":["M","M","$","M","M","R","E","R","T","?","?","M","R","M","R","BOSS","M","?","M","M"],"build_version":"2019-01-03v4","purchased_purges":1,"victory":false,"max_hp_per_floor":[75,75,75,75,75,75,75,75,75,75,75,75,75,75,75,75,75,75,75,75,75],"card_choices":[{"not_picked":["Warcry","Clash","Sword Boomerang"],"picked":"SKIP","floor":1},{"not_picked":["True Grit","Clothesline"],"picked":"Entrench","floor":2},{"not_picked":["Sever Soul","Havoc"],"picked":"Iron Wave","floor":4},{"not_picked":["Bloodletting","Thunderclap"],"picked":"Power Through","floor":5},{"not_picked":["True Grit","Armaments"],"picked":"Juggernaut","floor":7},{"not_picked":["Wild Strike","Havoc","Fire Breathing"],"picked":"SKIP","floor":12},{"not_picked":["Blood for Blood","Clash"],"picked":"Dual Wield","floor":14},{"not_picked":["Reaper","Impervious"],"picked":"Juggernaut","floor":16},{"not_picked":["Sword Boomerang","Dual Wield"],"picked":"Shrug It Off","floor":18},{"not_picked":["Perfected Strike","Pommel Strike","Wild Strike"],"picked":"SKIP","floor":20}],"player_experience":711119,"relics_obtained":[{"floor":7,"key":"FossilizedHelix"},{"floor":9,"key":"Paper Frog"},{"floor":11,"key":"Oddly Smooth Stone"}],"event_choices":[{"damage_healed":0,"gold_gain":0,"player_choice":"Ignored","damage_taken":0,"max_hp_gain":0,"max_hp_loss":0,"event_name":"Shining Light","floor":10,"gold_loss":0},{"damage_healed":0,"gold_gain":0,"player_choice":"Got Potions","damage_taken":0,"max_hp_gain":0,"max_hp_loss":0,"event_name":"Lab","floor":19,"gold_loss":0}],"is_beta":false,"boss_relics":[{"not_picked":["Runic Dome","Snecko Eye"],"picked":"Cursed Key"}],"items_purged_floors":[3],"is_endless":false,"potions_floor_spawned":[7,12,14,18],"killed_by":"Cultist and Chosen","ascension_level":18}