{"gold_per_floor":[112,127,140,160,180,214,227,227,227,227,227,227,227,237,237,333,383,363,375,194,212,212,212,212,212,212,222,234,234],"floor_reached":29,"playtime":1952,"items_purged":["Strike_R"],"score":265,"play_id":"1c587f23-6a68-4f2a-9b26-70a8ebb991a4","local_time":"20180804193231","is_ascension_mode":true,"campfire_choices":[{"floor":8,"key":"REST"},{"data":"Entrench","floor":10,"key":"SMITH"},{"data":"Shrug It Off","floor":13,"key":"SMITH"},{"floor":15,"key":"REST"},{"floor":23,"key":"REST"},{"floor":25,"key":"REST"}],"neow_cost":"NONE","seed_source_timestamp":464220379504676,"circlet_count":0,"master_deck":["Strike_R","Strike_R+1","Strike_R+1","Defend_R","Defend_R","Defend_R","Defend_R","Bash","Evolve","Armaments+1","Clash","Entrench+1","Shrug It Off+1","Body Slam","Limit Break","Spot Weakness","Whirlwind","Inflame","Disarm","Headbutt"],"relics":["Burning Blood","Bag of Marbles","Bottled Flame","Tiny House","Potion Belt"],"potions_floor_usage":[6,27,29,29],"damage_taken":[{"damage":5,"enemies":"Cultist","floor":1,"turns":4},{"damage":0,"enemies":"Small Slimes","floor":2,"turns":3},{"damage":10,"enemies":"Jaw Worm","floor":3,"turns":4},{"damage":7,"enemies":"Looter","floor":4,"turns":5},{"damage":26,"enemies":"Large Slime","floor":5,"turns":11},{"damage":33,"enemies":"Gremlin Nob","floor":6,"turns":5},{"damage":0,"enemies":"2 Fungi Beasts","floor":7,"turns":3},{"damage":13,"enemies":"Exordium Wildlife","floor":14,"turns":6},{"damage":50,"enemies":"The Guardian","floor":16,"turns":12},{"damage":30,"enemies":"2 Thieves","floor":18,"turns":4},{"damage":26,"enemies":"Shell Parasite","floor":19,"turns":8},{"damage":18,"enemies":"Snecko","floor":21,"turns":5},{"damage":35,"enemies":"Centurion and Healer","floor":27,"turns":9},{"damage":43,"enemies":"Chosen and Byrds","floor":28,"turns":7},{"damage":24,"enemies":"Slavers","floor":29,"turns":4}],"seed_played":"-5184640824797950472","potions_obtained":[{"floor":2,"key":"Block Potion"},{"floor":3,"key":"FearPotion"},{"floor":5,"key":"LiquidBronze"},{"floor":14,"key":"Dexterity Potion"},{"floor":17,"key":"Strength Potion"},{"floor":19,"key":"BloodPotion"}],"is_trial":false,"path_per_floor":["M","M","M","M","M","E","M","R","T","R","?","?","R","M","R","B",null,"M","M","$","M","?","R","?","R","T","M","M"],"character_chosen":"IRONCLAD","items_purchased":["Whirlwind","Inflame"],"campfire_rested":4,"item_purchase_floors":[20,20],"current_hp_per_floor":[88,88,84,83,63,36,42,68,68,68,50,50,50,43,69,25,93,69,49,49,37,19,48,48,77,77,57,20,0],"gold":234,"neow_bonus":"TEN_PERCENT_HP_BONUS","is_prod":false,"is_daily":false,"chose_seed":false,"campfire_upgraded":2,"win_rate":0,"timestamp":1533382351,"path_taken":["M","M","M","M","M","E","?","R","T","R","?","?","R","M","R","BOSS","M","M","$","M","?","R","?","R","T","M","M","E"],"build_version":"2018-08-02","purchased_purges":1,"victory":false,"max_hp_per_floor":[88,88,88,88,88,88,88,88,88,88,88,88,88,88,88,88,93,93,93,93,93,98,98,98,98,98,98,98,98],"card_choices":[{"not_picked":["Clothesline","Bloodletting","Second Wind"],"picked":"SKIP","floor":1},{"not_picked":["Havoc","Blood for Blood"],"picked":"Evolve","floor":2},{"not_picked":["Rage","Sword Boomerang","Pommel Strike"],"picked":"SKIP","floor":3},{"not_picked":["Hemokinesis","Dropkick"],"picked":"Armaments","floor":4},{"not_picked":["Anger","Carnage"],"picked":"Clash","floor":5},{"not_picked":["Dropkick","Intimidate"],"picked":"Entrench","floor":6},{"not_picked":["Anger","Evolve"],"picked":"Shrug It Off","floor":7},{"not_picked":["Corruption","Thunderclap"],"picked":"Body Slam","floor":14},{"not_picked":["Feed","Offering"],"picked":"Limit Break","floor":16},{"not_picked":["Wild Strike","True Grit"],"picked":"Spot Weakness","floor":17},{"not_picked":["Clothesline","Intimidate","Thunderclap"],"picked":"SKIP","floor":18},{"not_picked":["Bloodletting","Sword Boomerang","Anger"],"picked":"SKIP","floor":19},{"not_picked":["Intimidate","Shrug It Off"],"picked":"Disarm","floor":21},{"not_picked":["Juggernaut","Shrug It Off"],"picked":"Headbutt","floor":27},{"not_picked":["Iron Wave+1","Sever Soul+1","Anger"],"picked":"SKIP","floor":28}],"player_experience":183245,"relics_obtained":[{"floor":6,"key":"Bag of Marbles"},{"floor":9,"key":"Bottled Flame"},{"floor":26,"key":"Potion Belt"}],"event_choices":[{"event_name":"Shining Light","player_choice":"Entered Light","floor":11,"damage_taken":0},{"event_name":"Living Wall","player_choice":"Forget","floor":12,"damage_taken":0},{"event_name":"Forgotten Altar","player_choice":"Shed Blood","floor":22,"damage_taken":0},{"event_name":"The Woman in Blue","player_choice":"Bought 0 Potions","floor":24,"damage_taken":0}],"is_beta":false,"boss_relics":[{"not_picked":["Coffee Dripper","Runic Pyramid"],"picked":"Tiny House"}],"items_purged_floors":[20],"is_endless":false,"potions_floor_spawned":[2,3,5,14,16,19],"killed_by":"Slavers","ascension_level":1}