{"gold_per_floor":[119,131,131,146,146,180,180,216,216,235,235],"floor_reached":11,"playtime":528,"items_purged":[],"score":120,"play_id":"f766b28e-fa0d-4ce7-bf6b-6583ba3fdd46","local_time":"20190107181732","is_ascension_mode":true,"campfire_choices":[{"floor":7.0,"key":"REST"}],"neow_cost":"NONE","seed_source_timestamp":1619988989661859,"circlet_count":0,"master_deck":["Defend_G","Defend_G","Defend_G","Defend_G","Defend_G","Strike_G","Strike_G","Strike_G","Strike_G","Strike_G","Survivor","Neutralize","Escape Plan","Neutralize","Bandage Up","Bullet Time","Deadly Poison","Injury","Expertise","Dagger Throw"],"special_seed":0,"relics":["Ring of the Snake","NeowsBlessing","Golden Idol","Omamori","Bottled Flame","PreservedInsect"],"potions_floor_usage":[11,11],"damage_taken":[{"damage":0.0,"enemies":"2 Louse","floor":1.0,"turns":1.0},{"damage":0.0,"enemies":"Cultist","floor":2.0,"turns":1.0},{"damage":0.0,"enemies":"Jaw Worm","floor":4.0,"turns":1.0},{"damage":44.0,"enemies":"3 Sentries","floor":6.0,"turns":12.0},{"damage":30.0,"enemies":"Lagavulin","floor":8.0,"turns":7.0},{"damage":4.0,"enemies":"Blue Slaver","floor":10.0,"turns":5.0},{"damage":34,"enemies":"Gremlin Nob","floor":11,"turns":4}],"seed_played":"7847432360297299022","potions_obtained":[{"floor":1.0,"key":"Energy Potion"},{"floor":4.0,"key":"GamblersBrew"},{"floor":6.0,"key":"AttackPotion"},{"floor":10.0,"key":"Block Potion"}],"is_trial":false,"path_per_floor":["M","M","?","M","?","E","R","E","T","M","E"],"character_chosen":"THE_SILENT","items_purchased":[],"campfire_rested":1,"item_purchase_floors":[],"current_hp_per_floor":[63,63,63,63,63,23,44,18,18,18,0],"gold":235,"neow_bonus":"THREE_ENEMY_KILL","is_prod":false,"is_daily":false,"chose_seed":false,"campfire_upgraded":0,"win_rate":0,"timestamp":1546913852,"path_taken":["M","M","?","?","?","E","R","E","T","M","E"],"build_version":"2019-01-03v4","purchased_purges":0,"victory":false,"max_hp_per_floor":[70,70,70,70,70,70,70,70,70,70,70],"card_choices":[{"not_picked":["Flechettes","Endless Agony"],"picked":"Escape Plan","floor":1.0},{"not_picked":["Underhanded Strike","Slice","Predator"],"picked":"SKIP","floor":2.0},{"not_picked":["Flying Knee","Prepared"],"picked":"Deadly Poison","floor":4.0},{"not_picked":["Endless Agony","Blade Dance"],"picked":"Expertise","floor":6.0},{"not_picked":["Deflect","Sucker Punch"],"picked":"Dagger Throw","floor":8.0},{"not_picked":["Blade Dance","Accuracy","Dagger Spray"],"picked":"SKIP","floor":10.0}],"player_experience":282728,"relics_obtained":[{"floor":6.0,"key":"Omamori"},{"floor":8.0,"key":"Bottled Flame"},{"floor":9.0,"key":"PreservedInsect"}],"event_choices":[{"damage_healed":0.0,"max_hp_gain":0.0,"max_hp_loss":0.0,"gold_gain":0.0,"event_name":"Match and Keep!","player_choice":"3 cards matched","floor":3.0,"gold_loss":0.0,"damage_taken":0.0,"cards_obtained":["Neutralize","Bandage Up","Bullet Time"]},{"damage_healed":0.0,"max_hp_gain":0.0,"max_hp_loss":0.0,"gold_gain":0.0,"event_name":"Golden Idol","player_choice":"Take Wound","floor":5.0,"gold_loss":0.0,"damage_taken":0.0,"relics_obtained":["Golden Idol"],"cards_obtained":["Injury"]}],"is_beta":false,"boss_relics":[],"items_purged_floors":[],"is_endless":false,"potions_floor_spawned":[1,4,6,10],"killed_by":"Gremlin Nob","ascension_level":9}