{"gold_per_floor":[119,194,16,30,30,30,30,59,85,6,26,39,39,55,55,152,152,163,12,29,29,29,29,40,40,116,116,134,160,160,160,160,258,258,269,282,282,282,300,300],"floor_reached":40,"playtime":1990,"items_purged":[],"score":454,"play_id":"c3d2a558-e45e-404b-915f-ee8bd03fbba8","local_time":"20181208012153","is_ascension_mode":false,"campfire_choices":[{"data":"Zap","floor":6,"key":"SMITH"},{"data":"Darkness","floor":13,"key":"SMITH"},{"floor":15,"key":"REST"},{"data":"Darkness","floor":23,"key":"SMITH"},{"data":"Multi-Cast","floor":25,"key":"SMITH"},{"floor":27,"key":"REST"},{"data":"Dualcast","floor":30,"key":"SMITH"},{"data":"Skim","floor":32,"key":"SMITH"}],"neow_cost":"NONE","seed_source_timestamp":4769663232363,"circlet_count":0,"master_deck":["Defend_B","Defend_B","Defend_B","Zap+1","Dualcast+1","Panacea","Panache","Ball Lightning","Darkness+1","Darkness+1","FTL","Skim+1","Lockon","Multi-Cast+1","Compile Driver+1","Amplify+1","Rip and Tear+1","Sunder","Melter","Shame","White Noise+1","Defragment+1","Capacitor+1","Bite","Bite","Bite","Bite","Bite","Creative AI"],"relics":["Cracked Core","Turnip","Orichalcum","Astrolabe","Omamori","Pantograph","Boot","Sozu"],"potions_floor_usage":[14,29,39],"damage_taken":[{"damage":2,"enemies":"2 Louse","floor":1,"turns":2},{"damage":6,"enemies":"Cultist","floor":4,"turns":3},{"damage":19,"enemies":"Lagavulin","floor":8,"turns":6},{"damage":4,"enemies":"Small Slimes","floor":11,"turns":2},{"damage":4,"enemies":"Blue Slaver","floor":12,"turns":3},{"damage":5,"enemies":"Exordium Thugs","floor":14,"turns":3},{"damage":10,"enemies":"Slime Boss","floor":16,"turns":6},{"damage":15,"enemies":"Shell Parasite","floor":18,"turns":4},{"damage":15,"enemies":"3 Byrds","floor":20,"turns":3},{"damage":15,"enemies":"Snake Plant","floor":24,"turns":3},{"damage":18,"enemies":"Sentry and Sphere","floor":28,"turns":4},{"damage":0,"enemies":"Gremlin Leader","floor":29,"turns":4},{"damage":43,"enemies":"Champ","floor":33,"turns":7},{"damage":11,"enemies":"3 Shapes","floor":35,"turns":6},{"damage":45,"enemies":"3 Darklings","floor":36,"turns":6},{"damage":25,"enemies":"Transient","floor":39,"turns":5},{"damage":37,"enemies":"Jaw Worm Horde","floor":40,"turns":2}],"seed_played":"2475438214213334047","potions_obtained":[{"floor":4,"key":"Dexterity Potion"},{"floor":11,"key":"Fire Potion"},{"floor":12,"key":"SpeedPotion"},{"floor":20,"key":"AttackPotion"},{"floor":29,"key":"AttackPotion"}],"is_trial":false,"path_per_floor":["M","?","$","M","?","R","$","E","T","$","M","M","R","M","R","B",null,"M","$","M","$","?","R","M","R","T","R","M","E","R","?","R","B",null,"M","M","?","?","M","M"],"character_chosen":"DEFECT","items_purchased":["Panache","Darkness","Blood Vial"],"campfire_rested":2,"item_purchase_floors":[3,10,19],"current_hp_per_floor":[73,66,66,60,53,53,53,34,34,34,30,26,26,21,43,33,75,60,60,47,47,47,47,34,34,34,56,40,42,42,42,42,32,75,64,29,48,48,33,0],"gold":300,"neow_bonus":"RANDOM_COLORLESS","is_prod":false,"is_daily":false,"chose_seed":false,"campfire_upgraded":6,"win_rate":0,"timestamp":1544228513,"path_taken":["M","?","?","M","?","R","?","E","T","$","M","?","R","M","R","BOSS","M","$","M","$","?","R","M","R","T","R","M","E","R","?","R","BOSS","M","M","?","?","M","M"],"build_version":"2018-12-06","purchased_purges":0,"victory":false,"max_hp_per_floor":[75,75,75,75,75,75,75,75,75,75,75,75,75,75,75,75,75,75,75,75,75,75,75,75,75,75,75,75,75,75,75,75,75,75,75,75,75,75,75,75],"card_choices":[{"not_picked":["Glacier","Redo","Sweeping Beam"],"picked":"SKIP","floor":1},{"not_picked":["Reprogram","Force Field"],"picked":"Ball Lightning","floor":4},{"not_picked":["Fission","Sweeping Beam"],"picked":"Darkness","floor":8},{"not_picked":["Hello World","Ball Lightning"],"picked":"FTL","floor":11},{"not_picked":["Aggregate","Recycle"],"picked":"Skim","floor":12},{"not_picked":["Rebound","Coolheaded"],"picked":"Lockon","floor":14},{"not_picked":["All For One","Seek"],"picked":"Multi-Cast","floor":16},{"not_picked":["Conserve Battery","Steam+1"],"picked":"Sunder","floor":18},{"not_picked":["Steam Power+1","Tempest"],"picked":"Melter","floor":20},{"not_picked":["Tempest","Fusion"],"picked":"White Noise+1","floor":24},{"not_picked":["Leap","Redo"],"picked":"Defragment+1","floor":28},{"not_picked":["Cold Snap","Reinforced Body"],"picked":"Capacitor+1","floor":29},{"not_picked":["Thunder Strike","Hyperbeam"],"picked":"Creative AI","floor":33},{"not_picked":["Compile Driver+1","Coolheaded","Conserve Battery"],"picked":"SKIP","floor":35},{"not_picked":["Sweeping Beam","Go for the Eyes","Ball Lightning+1"],"picked":"SKIP","floor":36},{"not_picked":["Static Discharge","Gash","Ball Lightning"],"picked":"SKIP","floor":39}],"player_experience":549866,"relics_obtained":[{"floor":8,"key":"Turnip"},{"floor":9,"key":"Orichalcum"},{"floor":26,"key":"Pantograph"},{"floor":29,"key":"Boot"}],"event_choices":[{"damage_healed":0,"gold_gain":75,"player_choice":"Touch","damage_taken":7,"max_hp_gain":0,"max_hp_loss":0,"event_name":"FaceTrader","floor":2,"gold_loss":0},{"cards_removed":["Strike_B"],"damage_healed":0,"gold_gain":0,"player_choice":"Card Removal","damage_taken":7,"max_hp_gain":0,"max_hp_loss":0,"event_name":"Golden Wing","floor":5,"gold_loss":0},{"damage_healed":0,"gold_gain":0,"player_choice":"Stole Relic","damage_taken":0,"relics_obtained":["Omamori"],"max_hp_gain":0,"max_hp_loss":0,"event_name":"Addict","floor":22,"gold_loss":0,"cards_obtained":["Shame"]},{"damage_healed":0,"gold_gain":0,"player_choice":"Became a vampire (Vial)","damage_taken":0,"max_hp_gain":0,"max_hp_loss":0,"event_name":"Vampires","floor":31,"relics_lost":["Blood Vial"],"gold_loss":0,"cards_obtained":["Bite","Bite","Bite","Bite","Bite"]},{"damage_healed":19,"gold_gain":0,"player_choice":"Writhe","damage_taken":0,"max_hp_gain":0,"max_hp_loss":0,"event_name":"Winding Halls","floor":37,"gold_loss":0,"cards_obtained":["Writhe"]},{"damage_healed":0,"gold_gain":0,"player_choice":"Ignored","damage_taken":0,"max_hp_gain":0,"max_hp_loss":0,"event_name":"Tomb of Lord Red Mask","floor":38,"gold_loss":0}],"is_beta":false,"boss_relics":[{"not_picked":["Coffee Dripper","Runic Dome"],"picked":"Astrolabe"},{"not_picked":["Nuclear Battery","Tiny House"],"picked":"Sozu"}],"items_purged_floors":[],"is_endless":false,"potions_floor_spawned":[4,11,12,20,28,29,35,39],"killed_by":"Jaw Worm Horde","ascension_level":0}