{"gold_per_floor":[115,128,128,128,142,199,199,199,224,224,251,216,272,272,272,372,372,389,389,389,423,31,31,45,45,71,86,86,86,9,43,43,145,145,160,177,139,149,149,11,28,28,55,55,70,70,70,70,70,70],"floor_reached":51,"playtime":1651,"items_purged":["Bash"],"score":719,"play_id":"3dccce0f-df7e-4ee4-b580-1f5a1f7ce532","local_time":"20181229183250","is_ascension_mode":false,"campfire_choices":[{"data":"Perfected Strike","floor":7,"key":"SMITH"},{"data":"Perfected Strike","floor":10,"key":"SMITH"},{"floor":15,"key":"REST"},{"data":"Perfected Strike","floor":23,"key":"SMITH"},{"floor":25,"key":"REST"},{"data":"Uppercut","floor":29,"key":"SMITH"},{"floor":32,"key":"REST"},{"data":"Demon Form","floor":42,"key":"SMITH"},{"floor":46,"key":"REST"},{"floor":49,"key":"REST"}],"neow_cost":"NONE","seed_source_timestamp":717338629286198,"circlet_count":0,"master_deck":["Strike_R","Strike_R","Strike_R","Strike_R","Strike_R+1","Defend_R","Defend_R+1","Defend_R+1","Shrug It Off","Perfected Strike+1","Perfected Strike+1","Uppercut+1","Limit Break+1","Perfected Strike+1","Wild Strike","Immolate","Demon Form+1","Perfected Strike","Disarm","Twin Strike","Enlightenment"],"relics":["Black Blood","Tiny Chest","Ancient Tea Set","StoneCalendar","Calipers","Red Mask","Membership Card","Bag of Marbles","Self Forming Clay","War Paint","Pocketwatch","Singing Bowl","Runic Pyramid","Sundial","Lee\u0027s Waffle","Oddly Smooth Stone"],"potions_floor_usage":[11,16,21,33,33,44,45,50],"damage_taken":[{"damage":4,"enemies":"Small Slimes","floor":1,"turns":5},{"damage":3,"enemies":"Jaw Worm","floor":2,"turns":3},{"damage":2,"enemies":"2 Louse","floor":5,"turns":2},{"damage":23,"enemies":"3 Sentries","floor":6,"turns":8},{"damage":31,"enemies":"Lagavulin","floor":11,"turns":6},{"damage":31,"enemies":"Lagavulin Event","floor":13,"turns":4},{"damage":36,"enemies":"Hexaghost","floor":16,"turns":9},{"damage":32,"enemies":"Shell Parasite","floor":18,"turns":7},{"damage":9,"enemies":"Masked Bandits","floor":21,"turns":3},{"damage":7,"enemies":"2 Thieves","floor":24,"turns":2},{"damage":12,"enemies":"3 Cultists","floor":27,"turns":4},{"damage":9,"enemies":"Slavers","floor":31,"turns":2},{"damage":71,"enemies":"Collector","floor":33,"turns":9},{"damage":4,"enemies":"3 Shapes","floor":35,"turns":3},{"damage":19,"enemies":"3 Darklings","floor":36,"turns":7},{"damage":48,"enemies":"Maw","floor":38,"turns":9},{"damage":25,"enemies":"Spire Growth","floor":41,"turns":4},{"damage":8,"enemies":"Jaw Worm Horde","floor":44,"turns":2},{"damage":58,"enemies":"Transient","floor":45,"turns":5},{"damage":106,"enemies":"Awakened One","floor":50,"turns":11}],"seed_played":"6673706759276518935","potions_obtained":[{"floor":2,"key":"Regen Potion"},{"floor":11,"key":"SpeedPotion"},{"floor":16,"key":"SpeedPotion"},{"floor":18,"key":"AttackPotion"},{"floor":27,"key":"SmokeBomb"},{"floor":31,"key":"Block Potion"},{"floor":38,"key":"Explosive Potion"},{"floor":45,"key":"BloodPotion"}],"is_trial":false,"path_per_floor":["M","M","?","?","M","E","R","$","T","R","E","?","?","?","R","B",null,"M","?","?","?","$","R","M","R","T","M","T","R","$","E","R","B",null,"M","M","$","M","T","$","M","R","T","M","M","R","?","?","R","B",null],"character_chosen":"IRONCLAD","items_purchased":["Membership Card","Bag of Marbles","Self Forming Clay","Immolate","Disarm","Lee\u0027s Waffle"],"campfire_rested":5,"item_purchase_floors":[22,22,22,30,37,40],"current_hp_per_floor":[80,80,85,78,82,65,65,65,65,65,52,73,48,31,56,26,85,63,63,47,48,48,48,51,78,78,76,76,76,76,79,92,31,92,92,85,85,49,49,103,88,88,88,90,44,75,75,75,100,14],"gold":70,"neow_bonus":"THREE_CARDS","is_prod":false,"is_daily":false,"chose_seed":false,"campfire_upgraded":5,"win_rate":0,"timestamp":1546104770,"path_taken":["M","M","?","?","?","E","R","$","T","R","E","?","?","?","R","BOSS","M","?","?","?","$","R","M","R","T","M","?","R","$","E","R","BOSS","M","M","$","M","?","$","M","R","T","M","M","R","?","?","R","BOSS"],"build_version":"2018-12-20","purchased_purges":1,"victory":true,"max_hp_per_floor":[80,80,85,85,85,85,85,85,85,85,85,85,85,85,85,85,85,85,85,90,90,90,90,90,90,90,90,90,90,90,92,92,92,92,92,94,94,96,96,103,103,103,103,103,105,105,100,100,100,100],"card_choices":[{"not_picked":["Wild Strike","Anger"],"picked":"Shrug It Off","floor":0},{"not_picked":["Thunderclap","Spot Weakness"],"picked":"Perfected Strike","floor":1},{"not_picked":["Anger","Warcry"],"picked":"Perfected Strike","floor":2},{"not_picked":["Body Slam","Brutality"],"picked":"Uppercut","floor":5},{"not_picked":["Intimidate","Searing Blow","Rupture"],"picked":"SKIP","floor":6},{"not_picked":["Warcry","Iron Wave","Clothesline"],"picked":"SKIP","floor":11},{"not_picked":["Immolate","Barricade"],"picked":"Limit Break","floor":16},{"not_picked":["Iron Wave+1","Rupture","Warcry"],"picked":"SKIP","floor":18},{"not_picked":["Whirlwind","Body Slam"],"picked":"Perfected Strike","floor":21},{"not_picked":["Thunderclap","Iron Wave"],"picked":"Wild Strike","floor":24},{"not_picked":["Havoc","Anger","Headbutt"],"picked":"SKIP","floor":27},{"not_picked":["Armaments","Anger+1","Carnage"],"picked":"Singing Bowl","floor":31},{"not_picked":["Immolate","Feed"],"picked":"Demon Form","floor":33},{"not_picked":["Clash+1","Dropkick+1"],"picked":"Perfected Strike","floor":35},{"not_picked":["Uppercut+1","Clothesline+1","Second Wind"],"picked":"Singing Bowl","floor":36},{"not_picked":["Flex","Clothesline+1","Thunderclap"],"picked":"Singing Bowl","floor":38},{"not_picked":["Iron Wave+1","Rage+1"],"picked":"Twin Strike","floor":41},{"not_picked":["Bludgeon","True Grit+1","Thunderclap"],"picked":"Singing Bowl","floor":45},{"not_picked":["Discovery","Flash of Steel"],"picked":"Enlightenment","floor":48}],"player_experience":241908,"relics_obtained":[{"floor":6,"key":"Tiny Chest"},{"floor":9,"key":"Ancient Tea Set"},{"floor":11,"key":"StoneCalendar"},{"floor":13,"key":"Calipers"},{"floor":21,"key":"Red Mask"},{"floor":26,"key":"War Paint"},{"floor":28,"key":"Pocketwatch"},{"floor":31,"key":"Singing Bowl"},{"floor":39,"key":"Sundial"},{"floor":43,"key":"Oddly Smooth Stone"}],"event_choices":[{"damage_healed":0,"gold_gain":0,"player_choice":"Donut","damage_taken":0,"max_hp_gain":5,"max_hp_loss":0,"event_name":"Big Fish","floor":3,"gold_loss":0},{"cards_removed":["Defend_R"],"damage_healed":0,"gold_gain":0,"player_choice":"Card Removal","damage_taken":7,"max_hp_gain":0,"max_hp_loss":0,"event_name":"Golden Wing","floor":4,"gold_loss":0},{"damage_healed":21,"gold_gain":0,"player_choice":"Healed","damage_taken":0,"max_hp_gain":0,"max_hp_loss":0,"event_name":"The Cleric","floor":12,"gold_loss":35},{"damage_healed":0,"gold_gain":0,"player_choice":"Searched \u00271\u0027 times","damage_taken":0,"max_hp_gain":0,"max_hp_loss":0,"event_name":"Dead Adventurer","floor":13,"gold_loss":0},{"damage_healed":0,"gold_gain":0,"player_choice":"Entered Light","damage_taken":17,"max_hp_gain":0,"max_hp_loss":0,"event_name":"Shining Light","floor":14,"gold_loss":0,"cards_upgraded":["Defend_R","Strike_R"]},{"damage_healed":0,"gold_gain":0,"player_choice":"Ignored","damage_taken":0,"max_hp_gain":0,"max_hp_loss":0,"event_name":"Vampires","floor":19,"gold_loss":0},{"damage_healed":0,"gold_gain":0,"player_choice":"Shed Blood","damage_taken":21,"max_hp_gain":5,"max_hp_loss":0,"event_name":"Forgotten Altar","floor":20,"gold_loss":0},{"damage_healed":0,"gold_gain":0,"player_choice":"Fought Bandits","damage_taken":0,"max_hp_gain":0,"max_hp_loss":0,"event_name":"Masked Bandits","floor":21,"gold_loss":0},{"damage_healed":0,"gold_gain":0,"player_choice":"Max HP","damage_taken":0,"max_hp_gain":0,"max_hp_loss":5,"event_name":"Winding Halls","floor":47,"gold_loss":0},{"damage_healed":0,"gold_gain":0,"player_choice":"Memory 1","damage_taken":0,"max_hp_gain":0,"max_hp_loss":0,"event_name":"SensoryStone","floor":48,"gold_loss":0}],"is_beta":false,"boss_relics":[{"not_picked":["Astrolabe","Eternal Feather"],"picked":"Black Blood"},{"not_picked":["Empty Cage","Coffee Dripper"],"picked":"Runic Pyramid"}],"items_purged_floors":[40],"is_endless":false,"potions_floor_spawned":[2,11,16,18,27,31,38,44,45],"ascension_level":0}