{"gold_per_floor":[115,128,128,128,146,146,174,174,200,200,200,200,210,230,230,335,335,346,361,376,394,407,407,407,425,425,350,366,385,385],"floor_reached":30,"playtime":1105,"items_purged":["Parasite"],"score":286,"play_id":"1950a197-4803-4440-baf2-0dd867e46acc","local_time":"20180719224453","is_ascension_mode":false,"campfire_choices":[{"data":"Zap","floor":6,"key":"SMITH"},{"data":"Thunder Strike","floor":8,"key":"SMITH"},{"data":"Auto Shields","floor":10,"key":"SMITH"},{"data":"Electrodynamics","floor":12,"key":"SMITH"},{"floor":15,"key":"REST"},{"floor":23,"key":"REST"}],"neow_cost":"NONE","seed_source_timestamp":386418315897500,"circlet_count":0,"master_deck":["Strike_B","Strike_B","Defend_B","Defend_B","Defend_B","Defend_B","Zap+1","Dualcast","Electrodynamics+1","Auto Shields+1","Tempest","Thunder Strike+1","Leap","Redo","Creative AI","Defragment+1","Go for the Eyes","Self Repair","Reboot","Biased Cognition"],"relics":["Cracked Core","Vajra","Empty Cage","Nloth\u0027s Gift","Ornamental Fan"],"potions_floor_usage":[],"damage_taken":[{"damage":0,"enemies":"Small Slimes","floor":1,"turns":2},{"damage":0,"enemies":"Cultist","floor":2,"turns":4},{"damage":0,"enemies":"2 Louse","floor":5,"turns":1},{"damage":24,"enemies":"Gremlin Nob","floor":7,"turns":4},{"damage":9,"enemies":"Blue Slaver","floor":13,"turns":3},{"damage":0,"enemies":"3 Louse","floor":14,"turns":1},{"damage":0,"enemies":"Slime Boss","floor":16,"turns":6},{"damage":9,"enemies":"Shell Parasite","floor":18,"turns":5},{"damage":12,"enemies":"3 Byrds","floor":19,"turns":5},{"damage":12,"enemies":"Snake Plant","floor":20,"turns":4},{"damage":6,"enemies":"Chosen and Byrds","floor":21,"turns":4},{"damage":28,"enemies":"Centurion and Healer","floor":22,"turns":4},{"damage":24,"enemies":"Sentry and Sphere","floor":25,"turns":5},{"damage":0,"enemies":"3 Cultists","floor":28,"turns":3},{"damage":23,"enemies":"Chosen and Byrds","floor":29,"turns":6},{"damage":18,"enemies":"Slaver and Parasite","floor":30,"turns":1}],"seed_played":"-6539738343114223111","potions_obtained":[{"floor":5,"key":"AttackPotion"},{"floor":7,"key":"Strength Potion"},{"floor":14,"key":"PowerPotion"},{"floor":18,"key":"FearPotion"}],"is_trial":false,"path_per_floor":["M","M","?","?","M","R","E","R","T","R","?","R","M","M","R","B",null,"M","M","M","M","M","R","?","M","T","$","M","M"],"character_chosen":"DEFECT","items_purchased":[],"campfire_rested":2,"item_purchase_floors":[],"current_hp_per_floor":[75,75,75,80,80,80,56,56,56,56,76,76,67,67,80,80,80,71,59,47,41,20,44,44,27,27,27,34,18,0],"gold":385,"neow_bonus":"ONE_RANDOM_RARE_CARD","is_prod":false,"is_daily":false,"chose_seed":false,"campfire_upgraded":4,"win_rate":0.0,"timestamp":1532011493,"path_taken":["M","M","?","?","M","R","E","R","T","R","?","R","M","M","R","BOSS","M","M","M","M","M","R","?","M","T","$","?","M","M"],"build_version":"2018-07-12","purchased_purges":1,"victory":false,"max_hp_per_floor":[75,75,75,80,80,80,80,80,80,80,80,80,80,80,80,80,80,80,80,80,80,80,80,80,80,80,77,77,77,77],"card_choices":[{"not_picked":["Cold Snap","Compile Driver","Turbo"],"picked":"SKIP","floor":1},{"not_picked":["Doom and Gloom","BootSequence"],"picked":"Auto Shields","floor":2},{"not_picked":["Heatsinks","Barrage"],"picked":"Tempest","floor":5},{"not_picked":["Stack","Rebound"],"picked":"Thunder Strike","floor":7},{"not_picked":["Turbo","Static Discharge"],"picked":"Leap","floor":13},{"not_picked":["White Noise","Hologram"],"picked":"Redo","floor":14},{"not_picked":["Electrodynamics","Multi-Cast"],"picked":"Creative AI","floor":16},{"not_picked":["Capacitor","Skim+1"],"picked":"Defragment+1","floor":18},{"not_picked":["Steam","Rebound","Go for the Eyes+1"],"picked":"SKIP","floor":19},{"not_picked":["White Noise","Scrape"],"picked":"Go for the Eyes","floor":20},{"not_picked":["Hologram","Redo"],"picked":"Self Repair","floor":21},{"not_picked":["Hologram+1","Doom and Gloom","Scrape"],"picked":"SKIP","floor":22},{"not_picked":["Steam+1","Sweeping Beam"],"picked":"Reboot","floor":25},{"not_picked":["Sweeping Beam","Cold Snap"],"picked":"Biased Cognition","floor":28},{"not_picked":["Compile Driver+1","Tempest","Sweeping Beam"],"picked":"SKIP","floor":29}],"player_experience":26615,"relics_obtained":[{"floor":7,"key":"Vajra"},{"floor":9,"key":"Bag of Marbles"},{"floor":26,"key":"Ornamental Fan"}],"event_choices":[{"event_name":"Liars Game","player_choice":"disagreed","floor":3,"damage_taken":0},{"event_name":"Big Fish","player_choice":"Donut","floor":4,"damage_taken":0},{"event_name":"Mushrooms","player_choice":"Healed and dodged fight","floor":11,"damage_taken":0},{"event_name":"N\u0027loth","player_choice":"Traded a Bag of Marbles","floor":24,"damage_taken":0}],"boss_relics":[{"not_picked":["Velvet Choker","Busted Crown"],"picked":"Empty Cage"}],"items_purged_floors":[27],"is_endless":false,"potions_floor_spawned":[5,7,14,18,20,28,29],"killed_by":"Slaver and Parasite","ascension_level":0}