{"gold_per_floor":[113,128,52,66,66,66,66,83,110,110,125,125,125,135,135,235,235,254,45,45],"floor_reached":20,"playtime":635,"items_purged":[],"score":164,"play_id":"462665f1-e4e5-4b20-bc0b-6d90401eb59d","local_time":"20190105180131","is_ascension_mode":false,"campfire_choices":[{"data":"Loop","floor":6.0,"key":"SMITH"},{"data":"Zap","floor":10.0,"key":"SMITH"},{"data":"Defragment","floor":12.0,"key":"SMITH"},{"data":"Streamline","floor":15.0,"key":"SMITH"}],"neow_cost":"NONE","seed_source_timestamp":0,"circlet_count":0,"master_deck":["Strike_B","Strike_B","Strike_B","Strike_B","Defend_B","Defend_B","Defend_B","Defend_B","Zap+1","Redo","Streamline+1","Defragment+1","Loop+1","Strike_G","Steam","Reinforced Body","Double Energy","Amplify"],"special_seed":0,"relics":["Cracked Core","Ancient Tea Set","Letter Opener","Cursed Key","Chemical X"],"potions_floor_usage":[20],"damage_taken":[{"damage":9.0,"enemies":"2 Louse","floor":1.0,"turns":3.0},{"damage":0.0,"enemies":"Cultist","floor":2.0,"turns":4.0},{"damage":6.0,"enemies":"Jaw Worm","floor":4.0,"turns":4.0},{"damage":10.0,"enemies":"Looter","floor":8.0,"turns":4.0},{"damage":7.0,"enemies":"2 Fungi Beasts","floor":11.0,"turns":3.0},{"damage":3.0,"enemies":"Red Slaver","floor":14.0,"turns":3.0},{"damage":15.0,"enemies":"Slime Boss","floor":16.0,"turns":6.0},{"damage":14.0,"enemies":"3 Byrds","floor":18.0,"turns":5.0},{"damage":26,"enemies":"Colosseum Slavers","floor":20,"turns":5},{"damage":58,"enemies":"Colosseum Nobs","floor":20,"turns":4}],"seed_played":"8277453668702495008","potions_obtained":[{"floor":1.0,"key":"Poison Potion"},{"floor":16.0,"key":"SkillPotion"},{"floor":18.0,"key":"Regen Potion"}],"is_trial":false,"path_per_floor":["M","M","$","M","?","R","?","M","T","R","M","R","T","M","R","B",null,"M","$","?"],"character_chosen":"DEFECT","items_purchased":["Defragment","Chemical X"],"campfire_rested":0,"item_purchase_floors":[3,19],"current_hp_per_floor":[73,73,73,67,82,82,82,72,72,72,65,65,65,62,62,47,82,68,68,0],"gold":45,"neow_bonus":"TEN_PERCENT_HP_BONUS","is_prod":false,"is_daily":false,"chose_seed":false,"campfire_upgraded":4,"win_rate":0.0,"timestamp":1546707691,"path_taken":["M","M","$","M","?","R","?","?","T","R","M","R","?","M","R","BOSS","M","$","?"],"build_version":"2019-01-03v4","purchased_purges":0,"victory":false,"max_hp_per_floor":[82,82,82,82,82,82,82,82,82,82,82,82,82,82,82,82,82,82,82,82],"card_choices":[{"not_picked":["Auto Shields","Heatsinks"],"picked":"Redo","floor":1.0},{"not_picked":["Hologram","Cold Snap"],"picked":"Streamline","floor":2.0},{"not_picked":["Rebound","Turbo"],"picked":"Loop","floor":4.0},{"not_picked":["Streamline","Cold Snap"],"picked":"Steam","floor":8.0},{"not_picked":["BootSequence","Meteor Strike"],"picked":"Reinforced Body","floor":11.0},{"not_picked":["Gash","Hologram"],"picked":"Double Energy","floor":14.0},{"not_picked":["Meteor Strike","Fission"],"picked":"Amplify","floor":16.0},{"not_picked":["Hologram","Glacier","Blizzard"],"picked":"SKIP","floor":18.0}],"player_experience":380480,"relics_obtained":[{"floor":9.0,"key":"Ancient Tea Set"},{"floor":13.0,"key":"Letter Opener"}],"event_choices":[{"damage_healed":27.0,"max_hp_gain":0.0,"max_hp_loss":0.0,"gold_gain":0.0,"event_name":"Big Fish","player_choice":"Banana","floor":5.0,"gold_loss":0.0,"damage_taken":0.0},{"cards_removed":["Dualcast"],"damage_healed":0.0,"max_hp_gain":0.0,"max_hp_loss":0.0,"gold_gain":0.0,"event_name":"NoteForYourself","player_choice":"Took Card","floor":7.0,"gold_loss":0.0,"damage_taken":0.0,"cards_obtained":["Strike_G"]},{"damage_healed":0,"gold_gain":0,"player_choice":"Fight","damage_taken":0,"max_hp_gain":0,"max_hp_loss":0,"event_name":"Colosseum","floor":20,"gold_loss":0},{"damage_healed":0,"gold_gain":0,"player_choice":"Fought Nobs","damage_taken":0,"max_hp_gain":0,"max_hp_loss":0,"event_name":"Colosseum","floor":20,"gold_loss":0}],"is_beta":false,"boss_relics":[{"not_picked":["Lizard Tail","Nuclear Battery"],"picked":"Cursed Key"}],"items_purged_floors":[],"is_endless":false,"potions_floor_spawned":[1,16,18],"killed_by":"Colosseum Nobs","ascension_level":0}