{"gold_per_floor":[117,129,148,167,182,182,199,199,199,199,218,232,243,261,261,360,360,377,476,486,502,522,522,575,575,623,548,561,561,571,471,471,471],"floor_reached":33,"playtime":1935,"items_purged":["Strike_R","Strike_R"],"score":247,"play_id":"1eda265f-1719-4748-955c-c2d7546d36a1","local_time":"20180722184215","is_ascension_mode":false,"campfire_choices":[{"data":"Searing Blow","floor":6,"key":"SMITH"},{"data":"Searing Blow+1","floor":8,"key":"SMITH"},{"data":"Searing Blow+2","floor":10,"key":"SMITH"},{"data":"Armaments","floor":15,"key":"SMITH"},{"floor":23,"key":"REST"},{"floor":25,"key":"REST"},{"data":"Searing Blow+3","floor":29,"key":"SMITH"},{"floor":32,"key":"REST"}],"neow_cost":"NONE","seed_source_timestamp":630229084347141,"circlet_count":0,"master_deck":["Strike_R","Strike_R","Strike_R","Defend_R","Defend_R","Defend_R","Defend_R","Bash+1","Searing Blow+4","Armaments+1","Anger","Cleave","Shrug It Off","Battle Trance","Warcry","Ghostly Armor","Metallicize","Anger","Warcry"],"relics":["Black Blood","Mummified Hand","Happy Flower","Boot"],"potions_floor_usage":[16,16,33,33,33],"damage_taken":[{"damage":6,"enemies":"Jaw Worm","floor":1,"turns":3},{"damage":9,"enemies":"Small Slimes","floor":2,"turns":4},{"damage":1,"enemies":"Cultist","floor":3,"turns":4},{"damage":11,"enemies":"Red Slaver","floor":4,"turns":3},{"damage":18,"enemies":"Exordium Thugs","floor":5,"turns":5},{"damage":11,"enemies":"Exordium Wildlife","floor":7,"turns":5},{"damage":3,"enemies":"3 Louse","floor":11,"turns":3},{"damage":3,"enemies":"Large Slime","floor":12,"turns":5},{"damage":4,"enemies":"2 Fungi Beasts","floor":13,"turns":2},{"damage":0,"enemies":"3 Louse","floor":14,"turns":4},{"damage":66,"enemies":"The Guardian","floor":16,"turns":11},{"damage":14,"enemies":"Shell Parasite","floor":18,"turns":7},{"damage":5,"enemies":"Chosen","floor":20,"turns":6},{"damage":43,"enemies":"Snecko","floor":21,"turns":10},{"damage":29,"enemies":"3 Cultists","floor":22,"turns":7},{"damage":25,"enemies":"Sentry and Sphere","floor":28,"turns":8},{"damage":8,"enemies":"Centurion and Healer","floor":30,"turns":5},{"damage":85,"enemies":"Champ","floor":33,"turns":10}],"seed_played":"-984703731226322335","potions_obtained":[{"floor":2,"key":"Poison Potion"},{"floor":3,"key":"Ancient Potion"},{"floor":4,"key":"FearPotion"},{"floor":14,"key":"Explosive Potion"},{"floor":18,"key":"Poison Potion"},{"floor":22,"key":"Regen Potion"},{"floor":30,"key":"Dexterity Potion"}],"is_trial":false,"path_per_floor":["M","M","M","M","M","R","M","R","T","R","M","M","M","M","R","B",null,"M","?","M","M","M","R","T","R","T","$","M","R","M","$","R"],"character_chosen":"IRONCLAD","items_purchased":[],"campfire_rested":3,"item_purchase_floors":[],"current_hp_per_floor":[80,77,80,75,63,63,58,58,58,58,61,64,66,72,72,12,80,76,76,80,47,28,52,52,76,76,76,61,61,63,63,80,0],"gold":471,"neow_bonus":"UPGRADE_CARD","is_prod":false,"is_daily":false,"chose_seed":false,"campfire_upgraded":5,"win_rate":0.0,"timestamp":1532256135,"path_taken":["M","M","M","M","M","R","M","R","T","R","M","M","M","M","R","BOSS","M","?","M","M","?","R","?","R","T","?","M","R","M","$","R","BOSS"],"build_version":"2018-07-19v2","purchased_purges":2,"victory":false,"max_hp_per_floor":[80,80,80,80,80,80,80,80,80,80,80,80,80,80,80,80,80,80,80,80,80,80,80,80,80,80,80,80,80,80,80,80,80],"card_choices":[{"not_picked":["Twin Strike","Fire Breathing"],"picked":"Searing Blow","floor":1},{"not_picked":["Thunderclap","Heavy Blade"],"picked":"Armaments","floor":2},{"not_picked":["Bludgeon","Blood for Blood"],"picked":"Anger","floor":3},{"not_picked":["Thunderclap","Wild Strike"],"picked":"Cleave","floor":4},{"not_picked":["Thunderclap","Pommel Strike"],"picked":"Shrug It Off","floor":5},{"not_picked":["Heavy Blade","Clothesline"],"picked":"Battle Trance","floor":7},{"not_picked":["Perfected Strike","Blood for Blood","Dark Embrace"],"picked":"SKIP","floor":11},{"not_picked":["Pommel Strike","True Grit"],"picked":"Warcry","floor":12},{"not_picked":["True Grit","Armaments"],"picked":"Ghostly Armor","floor":13},{"not_picked":["Pommel Strike","Iron Wave","Wild Strike"],"picked":"SKIP","floor":14},{"not_picked":["Hemokinesis","Seeing Red"],"picked":"Metallicize","floor":18},{"not_picked":["Shockwave","Evolve"],"picked":"Anger","floor":20},{"not_picked":["Seeing Red+1","Iron Wave","Perfected Strike+1"],"picked":"SKIP","floor":21},{"not_picked":["Wild Strike","Twin Strike+1","Entrench"],"picked":"SKIP","floor":22},{"not_picked":["Perfected Strike+1","Clash+1","Body Slam+1"],"picked":"SKIP","floor":28},{"not_picked":["Flex","Clash"],"picked":"Warcry","floor":30}],"player_experience":49904,"relics_obtained":[{"floor":9,"key":"Mummified Hand"},{"floor":24,"key":"Happy Flower"},{"floor":26,"key":"Boot"}],"event_choices":[{"event_name":"Nest","player_choice":"Stole From Cult","floor":19,"damage_taken":0}],"is_beta":false,"boss_relics":[{"not_picked":["Astrolabe","Velvet Choker"],"picked":"Black Blood"}],"items_purged_floors":[27,31],"is_endless":false,"potions_floor_spawned":[2,3,4,7,14,18,22,30],"killed_by":"Champ","ascension_level":0}