{"gold_per_floor":[215,226,239,164,176,176,206,206,206,240,252,270,285,311,311,411,411,425,425,350,350,367,386,286,301,301,320,320,331,0,0,0,99,99,119,137,147,72,72,72,83,98,123,123,143,543,543,559,559,559],"floor_reached":50,"playtime":2411,"items_purged":["Defend_B","Strike_B"],"score":545,"play_id":"a9bd483a-bed4-4322-a0aa-032b8720d2f4","local_time":"20190201213439","is_ascension_mode":false,"campfire_choices":[{"data":"Conserve Battery","floor":6.0,"key":"SMITH"},{"data":"Loop","floor":8.0,"key":"SMITH"},{"data":"Cold Snap","floor":15.0,"key":"SMITH"},{"data":"Streamline","floor":28.0,"key":"SMITH"},{"data":"Zap","floor":32.0,"key":"SMITH"},{"data":"Leap","floor":40.0,"key":"SMITH"},{"floor":47.0,"key":"RECALL"},{"data":"Leap","floor":49.0,"key":"SMITH"}],"neow_cost":"NONE","seed_source_timestamp":1243814985035413,"circlet_count":0,"master_deck":["Strike_B","Strike_B","Defend_B","Defend_B","Defend_B","Zap+1","Dualcast","Cold Snap+1","Conserve Battery+1","Gash","Barrage","Loop+1","Leap+1","Recycle","Gash","Leap+1","All For One","Go for the Eyes","Gash","Cold Snap","Streamline+1","All For One","Core Surge","Blizzard","Go for the Eyes","Leap+1","Leap"],"special_seed":0,"relics":["Cracked Core","Kunai","Pear","StoneCalendar","Coffee Dripper","Peace Pipe","White Beast Statue","PreservedInsect","Old Coin"],"potions_floor_usage":[50],"damage_taken":[{"damage":6.0,"enemies":"Jaw Worm","floor":1.0,"turns":3.0},{"damage":0.0,"enemies":"2 Louse","floor":2.0,"turns":2.0},{"damage":0.0,"enemies":"Cultist","floor":3.0,"turns":4.0},{"damage":0.0,"enemies":"2 Fungi Beasts","floor":5.0,"turns":2.0},{"damage":8.0,"enemies":"3 Sentries","floor":7.0,"turns":7.0},{"damage":10.0,"enemies":"Lagavulin","floor":10.0,"turns":8.0},{"damage":2.0,"enemies":"3 Louse","floor":11.0,"turns":3.0},{"damage":8.0,"enemies":"Lots of Slimes","floor":12.0,"turns":4.0},{"damage":5.0,"enemies":"Blue Slaver","floor":13.0,"turns":3.0},{"damage":14.0,"enemies":"3 Sentries","floor":14.0,"turns":8.0},{"damage":17.0,"enemies":"The Guardian","floor":16.0,"turns":11.0},{"damage":5.0,"enemies":"3 Byrds","floor":18.0,"turns":4.0},{"damage":0.0,"enemies":"Spheric Guardian","floor":22.0,"turns":3.0},{"damage":0.0,"enemies":"Cultist and Chosen","floor":23.0,"turns":7.0},{"damage":9.0,"enemies":"Shelled Parasite and Fungi","floor":25.0,"turns":6.0},{"damage":6.0,"enemies":"Centurion and Healer","floor":27.0,"turns":7.0},{"damage":2.0,"enemies":"Chosen and Byrds","floor":29.0,"turns":6.0},{"damage":14.0,"enemies":"Colosseum Slavers","floor":31.0,"turns":5.0},{"damage":16.0,"enemies":"Collector","floor":33.0,"turns":9.0},{"damage":8.0,"enemies":"Orb Walker","floor":35.0,"turns":4.0},{"damage":7.0,"enemies":"3 Shapes","floor":36.0,"turns":6.0},{"damage":18.0,"enemies":"Writhing Mass","floor":37.0,"turns":8.0},{"damage":10.0,"enemies":"Sphere and 2 Shapes","floor":41.0,"turns":7.0},{"damage":2.0,"enemies":"Spire Growth","floor":42.0,"turns":5.0},{"damage":13.0,"enemies":"Transient","floor":45.0,"turns":5.0},{"damage":8.0,"enemies":"Mind Bloom Boss Battle","floor":46.0,"turns":6.0},{"damage":14.0,"enemies":"Maw","floor":48.0,"turns":8.0},{"damage":23,"enemies":"Awakened One","floor":50,"turns":4}],"seed_played":"-1514542040315858991","potions_obtained":[{"floor":2.0,"key":"GamblersBrew"},{"floor":5.0,"key":"Swift Potion"},{"floor":7.0,"key":"Block Potion"},{"floor":11.0,"key":"PowerPotion"},{"floor":16.0,"key":"FearPotion"},{"floor":29.0,"key":"Fire Potion"},{"floor":36.0,"key":"Block Potion"},{"floor":37.0,"key":"Poison Potion"},{"floor":41.0,"key":"Regen Potion"},{"floor":45.0,"key":"Ancient Potion"},{"floor":46.0,"key":"SpeedPotion"}],"is_trial":false,"path_per_floor":["M","M","M","$","M","R","E","R","T","E","M","M","M","E","R","B",null,"M","?","?","?","M","M","$","M","T","M","R","M","?","?","R","B",null,"M","M","M","$","?","R","M","M","T","?","M","?","R","M","R","B"],"character_chosen":"DEFECT","items_purchased":["LiquidBronze"],"campfire_rested":0,"item_purchase_floors":[38],"current_hp_per_floor":[69,69,69,69,69,69,61,61,61,61,59,51,46,32,32,15,85,80,80,80,64,64,64,64,55,55,49,49,47,47,33,33,17,90,82,75,57,57,57,57,47,45,45,45,32,33,33,19,19,0],"gold":559,"neow_bonus":"HUNDRED_GOLD","is_prod":false,"is_daily":false,"chose_seed":false,"campfire_upgraded":7,"win_rate":0,"timestamp":1549028079,"path_taken":["M","M","M","$","M","R","E","R","T","E","M","M","M","E","R","BOSS","M","?","?","?","M","M","?","?","T","M","R","M","?","?","R","BOSS","M","M","M","$","?","R","M","M","T","?","?","?","R","M","R","BOSS"],"build_version":"2019-01-23","purchased_purges":2,"victory":false,"max_hp_per_floor":[75,75,75,75,75,75,75,75,75,85,85,85,85,85,85,85,85,85,85,85,90,90,90,90,90,90,90,90,90,90,90,90,90,90,90,90,90,90,90,90,90,90,90,90,90,90,90,90,90,90],"card_choices":[{"not_picked":["Beam Cell","Consume"],"picked":"Cold Snap","floor":1.0},{"not_picked":["Go for the Eyes","Steam"],"picked":"Conserve Battery","floor":2.0},{"not_picked":["Redo","Ball Lightning"],"picked":"Gash","floor":3.0},{"not_picked":["Undo","Double Energy"],"picked":"Barrage","floor":5.0},{"not_picked":["Machine Learning","Beam Cell"],"picked":"Loop","floor":7.0},{"not_picked":["Stack","Reprogram"],"picked":"Leap","floor":10.0},{"not_picked":["Ball Lightning","Genetic Algorithm"],"picked":"Recycle","floor":11.0},{"not_picked":["Reprogram","Hologram","Beam Cell"],"picked":"SKIP","floor":12.0},{"not_picked":["Rebound","Stack"],"picked":"Gash","floor":13.0},{"not_picked":["Biased Cognition","Beam Cell"],"picked":"Leap","floor":14.0},{"not_picked":["Multi-Cast","Biased Cognition"],"picked":"All For One","floor":16.0},{"not_picked":["Stack+1","Beam Cell"],"picked":"Go for the Eyes","floor":18.0},{"not_picked":["Steam","Rebound"],"picked":"Cold Snap","floor":22.0},{"not_picked":["Steam+1","Scrape"],"picked":"Streamline","floor":23.0},{"not_picked":["Barrage","Stack+1"],"picked":"All For One","floor":25.0},{"not_picked":["Double Energy","Hologram","Cold Snap"],"picked":"SKIP","floor":27.0},{"not_picked":["Cold Snap","Turbo"],"picked":"Leap+1","floor":29.0},{"not_picked":["Fission","Reboot"],"picked":"Core Surge","floor":33.0},{"not_picked":["Hello World","Steam+1","Stack"],"picked":"SKIP","floor":35.0},{"not_picked":["Turbo","Cold Snap","Static Discharge"],"picked":"SKIP","floor":36.0},{"not_picked":["Chaos+1","Chill+1"],"picked":"Blizzard","floor":37.0},{"not_picked":["Hologram+1","Ball Lightning+1"],"picked":"Go for the Eyes","floor":41.0},{"not_picked":["Meteor Strike","Skim","Scrape"],"picked":"SKIP","floor":42.0},{"not_picked":["Steam Power+1","Beam Cell","Turbo+1"],"picked":"SKIP","floor":45.0},{"not_picked":["Sunder","Recycle+1"],"picked":"Leap+1","floor":46.0},{"not_picked":["Reprogram+1","Beam Cell+1"],"picked":"Leap","floor":48.0}],"player_experience":624940,"relics_obtained":[{"floor":7.0,"key":"Kunai"},{"floor":10.0,"key":"Pear"},{"floor":14.0,"key":"StoneCalendar"},{"floor":26.0,"key":"Peace Pipe"},{"floor":43.0,"key":"PreservedInsect"},{"floor":46.0,"key":"Old Coin"}],"event_choices":[{"damage_healed":0.0,"max_hp_gain":0.0,"max_hp_loss":0.0,"gold_gain":0.0,"event_name":"The Library","player_choice":"Read","floor":19.0,"gold_loss":0.0,"damage_taken":0.0,"cards_obtained":["Gash"]},{"cards_removed":["Strike_B"],"damage_healed":0.0,"max_hp_gain":0.0,"max_hp_loss":0.0,"gold_gain":0.0,"event_name":"Beggar","player_choice":"Gave Gold","floor":20.0,"gold_loss":75.0,"damage_taken":0.0},{"damage_healed":0.0,"max_hp_gain":5.0,"max_hp_loss":0.0,"gold_gain":0.0,"event_name":"Forgotten Altar","player_choice":"Shed Blood","floor":21.0,"gold_loss":0.0,"damage_taken":21.0},{"damage_healed":0.0,"max_hp_gain":0.0,"max_hp_loss":0.0,"gold_gain":0.0,"event_name":"Masked Bandits","player_choice":"Paid Fearfully","floor":30.0,"gold_loss":331.0,"damage_taken":0.0},{"damage_healed":0.0,"max_hp_gain":0.0,"max_hp_loss":0.0,"gold_gain":0.0,"event_name":"Colosseum","player_choice":"Fight","floor":31.0,"gold_loss":0.0,"damage_taken":0.0},{"damage_healed":0.0,"max_hp_gain":0.0,"max_hp_loss":0.0,"gold_gain":0.0,"event_name":"Colosseum","player_choice":"Fled From Nobs","floor":31.0,"gold_loss":0.0,"damage_taken":0.0},{"cards_removed":["Leap"],"damage_healed":0.0,"max_hp_gain":0.0,"max_hp_loss":0.0,"gold_gain":0.0,"event_name":"Falling","player_choice":"Removed Skill","floor":39.0,"gold_loss":0.0,"damage_taken":0.0},{"damage_healed":0.0,"max_hp_gain":0.0,"max_hp_loss":0.0,"gold_gain":0.0,"event_name":"NoteForYourself","player_choice":"Ignored","floor":44.0,"gold_loss":0.0,"damage_taken":0.0},{"damage_healed":0.0,"max_hp_gain":0.0,"max_hp_loss":0.0,"gold_gain":0.0,"event_name":"MindBloom","player_choice":"Fight","floor":46.0,"gold_loss":0.0,"damage_taken":0.0}],"is_beta":false,"boss_relics":[{"not_picked":["Astrolabe","Eternal Feather"],"picked":"Coffee Dripper"},{"not_picked":["Sozu","Runic Pyramid"],"picked":"White Beast Statue"}],"items_purged_floors":[4,24],"is_endless":false,"potions_floor_spawned":[2,5,7,11,14,16,18,23,29,35,36,37,41,42,45,46,48],"killed_by":"Awakened One","ascension_level":0}