{"gold_per_floor":[116,116,116,134,209,238,257,257,257,286,286,306,306,316,316,414,414,425,425,425,435,454,489,506,522,522,522,532,532,532,548,548,649,649,666,666,679,452,452,452,466,246,246,246,264,264,297,308,308,308],"floor_reached":51,"playtime":1985,"items_purged":["Defend_R","Defend_R"],"score":1114,"play_id":"bd1559fd-0c83-4b5e-a19a-323f983301ca","local_time":"20190106150808","is_ascension_mode":true,"campfire_choices":[{"data":"Perfected Strike","floor":11,"key":"SMITH"},{"floor":15,"key":"REST"},{"floor":27,"key":"REST"},{"data":"Perfected Strike","floor":30,"key":"SMITH"},{"data":"Perfected Strike","floor":32,"key":"SMITH"},{"data":"Armaments","floor":40,"key":"SMITH"},{"data":"Perfected Strike","floor":44,"key":"SMITH"},{"floor":46,"key":"REST"},{"floor":49,"key":"REST"}],"neow_cost":"NONE","seed_source_timestamp":1395940952766095,"circlet_count":0,"master_deck":["AscendersBane","Strike_R","Strike_R","Strike_R","Strike_R","Strike_R","Defend_R","Defend_R","Bash","Armaments+1","Clothesline","Shrug It Off","Disarm","Perfected Strike+1","Perfected Strike+1","Pommel Strike","Shrug It Off","Power Through","Perfected Strike+1","Shrug It Off","Heavy Blade+1","Spot Weakness+1","Double Tap","Battle Trance+1","Inflame","Wild Strike","Exhume"],"relics":["Burning Blood","NeowsBlessing","Red Skull","PreservedInsect","Happy Flower","Kunai","Vajra","Orichalcum","Sozu","Enchiridion","Shovel","Ornamental Fan","Busted Crown","Oddly Smooth Stone","Blue Candle","Omamori"],"potions_floor_usage":[10,16,22,31],"damage_taken":[{"damage":0,"enemies":"2 Louse","floor":1,"turns":1},{"damage":0,"enemies":"Jaw Worm","floor":4,"turns":1},{"damage":0,"enemies":"3 Sentries","floor":6,"turns":2},{"damage":5,"enemies":"Small Slimes","floor":7,"turns":3},{"damage":22,"enemies":"Lagavulin","floor":10,"turns":6},{"damage":6,"enemies":"Looter","floor":12,"turns":4},{"damage":8,"enemies":"Blue Slaver","floor":14,"turns":3},{"damage":25,"enemies":"Slime Boss","floor":16,"turns":11},{"damage":17,"enemies":"2 Thieves","floor":18,"turns":3},{"damage":6,"enemies":"3 Byrds","floor":21,"turns":5},{"damage":11,"enemies":"3 Cultists","floor":22,"turns":4},{"damage":34,"enemies":"Book of Stabbing","floor":23,"turns":4},{"damage":18,"enemies":"Shelled Parasite and Fungi","floor":24,"turns":4},{"damage":4,"enemies":"Cultist and Chosen","floor":25,"turns":3},{"damage":27,"enemies":"Snake Plant","floor":28,"turns":4},{"damage":2,"enemies":"3 Cultists","floor":31,"turns":4},{"damage":60,"enemies":"Automaton","floor":33,"turns":13},{"damage":0,"enemies":"3 Shapes","floor":35,"turns":3},{"damage":4,"enemies":"Orb Walker","floor":37,"turns":2},{"damage":14,"enemies":"4 Shapes","floor":41,"turns":6},{"damage":25,"enemies":"Maw","floor":45,"turns":7},{"damage":33,"enemies":"Reptomancer","floor":47,"turns":4},{"damage":3,"enemies":"Jaw Worm Horde","floor":48,"turns":4},{"damage":67,"enemies":"Awakened One","floor":50,"turns":12}],"seed_played":"6471019962353442388","potions_obtained":[{"floor":1,"key":"Energy Potion"},{"floor":6,"key":"SkillPotion"},{"floor":10,"key":"BloodPotion"},{"floor":16,"key":"Poison Potion"}],"is_trial":false,"path_per_floor":["M","?","T","M","?","E","M","?","T","E","R","M","?","M","R","B",null,"M","?","?","M","M","E","M","M","T","R","M","?","R","M","R","B",null,"M","?","M","$","?","R","M","$","T","R","M","R","E","M","R","B",null],"character_chosen":"IRONCLAD","items_purchased":["Oddly Smooth Stone","Inflame","Wild Strike"],"campfire_rested":4,"item_purchase_floors":[38,42,42],"current_hp_per_floor":[78,66,66,72,61,67,68,68,68,52,52,52,45,43,67,48,72,61,45,45,45,48,20,8,10,10,34,13,90,90,90,90,36,77,83,83,85,85,85,85,77,77,77,77,58,85,58,61,88,27],"gold":308,"neow_bonus":"THREE_ENEMY_KILL","is_prod":false,"is_daily":false,"chose_seed":false,"campfire_upgraded":5,"win_rate":0,"timestamp":1546783688,"path_taken":["M","?","?","M","?","E","M","?","T","E","R","M","?","M","R","BOSS","M","?","?","?","M","E","M","M","T","R","M","?","R","M","R","BOSS","M","?","M","$","?","R","?","$","T","R","M","R","E","?","R","BOSS"],"build_version":"2019-01-03v4","purchased_purges":2,"victory":true,"max_hp_per_floor":[80,80,80,80,80,80,80,80,80,80,80,80,80,80,80,80,80,80,80,80,80,80,80,80,80,80,80,80,90,90,90,90,90,90,90,90,90,90,90,90,90,90,90,90,90,90,90,90,90,90],"card_choices":[{"not_picked":["Metallicize","Heavy Blade"],"picked":"Armaments","floor":1},{"not_picked":["Twin Strike","Combust"],"picked":"Clothesline","floor":4},{"not_picked":["Pommel Strike","Brutality"],"picked":"Shrug It Off","floor":6},{"not_picked":["Headbutt","Clothesline"],"picked":"Disarm","floor":7},{"not_picked":["Sword Boomerang","Corruption"],"picked":"Perfected Strike","floor":10},{"not_picked":["Flex","Anger"],"picked":"Perfected Strike","floor":12},{"not_picked":["Iron Wave","Clothesline"],"picked":"Pommel Strike","floor":14},{"not_picked":["Brutality","Feed"],"picked":"Double Tap","floor":16},{"not_picked":["Flex","Wild Strike"],"picked":"Shrug It Off","floor":18},{"not_picked":["Anger","Hemokinesis","Intimidate"],"picked":"SKIP","floor":21},{"not_picked":["Iron Wave","Thunderclap"],"picked":"Power Through","floor":22},{"not_picked":["Dropkick","Pommel Strike"],"picked":"Perfected Strike","floor":23},{"not_picked":["Twin Strike","Armaments"],"picked":"Perfected Strike","floor":24},{"not_picked":["Second Wind","Exhume"],"picked":"Shrug It Off","floor":25},{"not_picked":["Twin Strike","Shrug It Off"],"picked":"Heavy Blade+1","floor":28},{"not_picked":["Flex","Headbutt"],"picked":"Spot Weakness+1","floor":31},{"not_picked":["Fiend Fire","Immolate"],"picked":"Double Tap","floor":33},{"not_picked":[],"picked":"Battle Trance+1","floor":35},{"not_picked":["Sword Boomerang+1"],"picked":"SKIP","floor":37},{"not_picked":["Feel No Pain"],"picked":"SKIP","floor":41},{"not_picked":["Sword Boomerang"],"picked":"SKIP","floor":45},{"not_picked":[],"picked":"Exhume","floor":47},{"not_picked":["Shrug It Off"],"picked":"SKIP","floor":48}],"player_experience":260911,"relics_obtained":[{"floor":3,"key":"PreservedInsect"},{"floor":6,"key":"Happy Flower"},{"floor":9,"key":"Vajra"},{"floor":10,"key":"Orichalcum"},{"floor":19,"key":"Enchiridion"},{"floor":23,"key":"Shovel"},{"floor":26,"key":"Ornamental Fan"},{"floor":43,"key":"Blue Candle"},{"floor":47,"key":"Omamori"}],"event_choices":[{"damage_healed":0,"gold_gain":0,"player_choice":"Success","damage_taken":12,"relics_obtained":["Red Skull"],"max_hp_gain":0,"max_hp_loss":0,"event_name":"Scrap Ooze","floor":2,"gold_loss":0},{"damage_healed":0,"gold_gain":75,"player_choice":"Gather Gold","damage_taken":11,"max_hp_gain":0,"max_hp_loss":0,"event_name":"World of Goop","floor":5,"gold_loss":0},{"damage_healed":0,"gold_gain":0,"player_choice":"Box","damage_taken":0,"relics_obtained":["Kunai"],"max_hp_gain":0,"max_hp_loss":0,"event_name":"Big Fish","floor":8,"gold_loss":0,"cards_obtained":["Regret"]},{"cards_removed":["Regret"],"damage_healed":0,"gold_gain":0,"player_choice":"Card Removal","damage_taken":7,"max_hp_gain":0,"max_hp_loss":0,"event_name":"Golden Wing","floor":13,"gold_loss":0},{"damage_healed":0,"gold_gain":0,"player_choice":"Obtained Book","damage_taken":16,"max_hp_gain":0,"max_hp_loss":0,"event_name":"Cursed Tome","floor":19,"gold_loss":0},{"damage_healed":0,"gold_gain":0,"player_choice":"0 cards matched","damage_taken":0,"max_hp_gain":0,"max_hp_loss":0,"event_name":"Match and Keep!","floor":20,"gold_loss":0,"cards_obtained":[]},{"cards_removed":["Double Tap"],"damage_healed":67,"gold_gain":0,"player_choice":"Offered Rare","damage_taken":0,"max_hp_gain":10,"max_hp_loss":0,"event_name":"Bonfire Elementals","floor":29,"gold_loss":0},{"cards_removed":["Perfected Strike"],"damage_healed":0,"gold_gain":0,"player_choice":"Removed Attack","damage_taken":0,"max_hp_gain":0,"max_hp_loss":0,"event_name":"Falling","floor":36,"gold_loss":0},{"damage_healed":0,"gold_gain":0,"player_choice":"Ignored","damage_taken":0,"max_hp_gain":0,"max_hp_loss":0,"event_name":"Mysterious Sphere","floor":39,"gold_loss":0}],"is_beta":false,"boss_relics":[{"not_picked":["Runic Dome","Black Star"],"picked":"Sozu"},{"not_picked":["Fusion Hammer","White Beast Statue"],"picked":"Busted Crown"}],"items_purged_floors":[38,42],"is_endless":false,"potions_floor_spawned":[1,6,10,16,22,25,28,31,33,37,45],"ascension_level":10}