{"gold_per_floor":[109,109,132,132,152,152,185,185,185,201,234,37,63,74,74,177,177,194,211,231,104,117,117,148,148,148,77,77,110,120,120,120,220,220,232,232,248,262,222,251,251,264,264,139,139,139,139,158,158,158],"floor_reached":51,"playtime":2779,"items_purged":["Pain","Strike_B","Self Repair+1"],"score":860,"play_id":"abf07144-9d7b-41f7-8a92-3c037bcb63d8","local_time":"20190202114002","is_ascension_mode":true,"campfire_choices":[{"data":"Zap","floor":6,"key":"SMITH"},{"data":"Self Repair","floor":8,"key":"SMITH"},{"data":"Turbo","floor":15,"key":"SMITH"},{"data":"Sweeping Beam","floor":23,"key":"SMITH"},{"data":"Go for the Eyes","floor":25,"key":"SMITH"},{"floor":28,"key":"REST"},{"data":"Leap","floor":32,"key":"SMITH"},{"floor":41,"key":"REST"},{"floor":45,"key":"REST"},{"floor":47,"key":"REST"},{"floor":49,"key":"REST"}],"neow_cost":"NONE","seed_source_timestamp":156185424018300,"circlet_count":0,"master_deck":["Strike_B+1","Defend_B+1","Defend_B","Defend_B","Defend_B","Zap+1","Dualcast","Compile Driver","Cold Snap","Turbo+1","Gash","Stack","Rebound","Go for the Eyes+1","Steam","Sweeping Beam+1","Cold Snap+1","Leap+1","Coolheaded","Hologram","Conserve Battery+1","Cold Snap","Conserve Battery+1","Gash"],"relics":["Cracked Core","Vajra","Potion Belt","WarpedTongs","Shuriken","Pear","Orichalcum","Ginger","Empty Cage","Symbiotic Virus","Kunai","Ornamental Fan","Ancient Tea Set","Runic Pyramid","Oddly Smooth Stone","Frozen Egg 2"],"potions_floor_usage":[11,13,13,29,33,33,50,50,50],"damage_taken":[{"damage":4,"enemies":"Jaw Worm","floor":1,"turns":3},{"damage":1,"enemies":"Small Slimes","floor":5,"turns":2},{"damage":35,"enemies":"3 Sentries","floor":7,"turns":8},{"damage":7,"enemies":"Cultist","floor":10,"turns":3},{"damage":18,"enemies":"Lagavulin","floor":11,"turns":6},{"damage":12,"enemies":"Gremlin Nob","floor":13,"turns":3},{"damage":5,"enemies":"Gremlin Gang","floor":14,"turns":6},{"damage":8,"enemies":"Hexaghost","floor":16,"turns":11},{"damage":11,"enemies":"Spheric Guardian","floor":18,"turns":4},{"damage":3,"enemies":"Shell Parasite","floor":19,"turns":5},{"damage":15,"enemies":"Cultist and Chosen","floor":20,"turns":6},{"damage":23,"enemies":"Centurion and Healer","floor":22,"turns":8},{"damage":27,"enemies":"Book of Stabbing","floor":24,"turns":6},{"damage":13,"enemies":"Slavers","floor":29,"turns":8},{"damage":4,"enemies":"Snake Plant","floor":30,"turns":4},{"damage":47,"enemies":"Automaton","floor":33,"turns":14},{"damage":0,"enemies":"Orb Walker","floor":35,"turns":3},{"damage":28,"enemies":"3 Darklings","floor":37,"turns":5},{"damage":11,"enemies":"Maw","floor":38,"turns":9},{"damage":57,"enemies":"Giant Head","floor":40,"turns":13},{"damage":0,"enemies":"Spire Growth","floor":42,"turns":5},{"damage":25,"enemies":"Jaw Worm Horde","floor":48,"turns":4},{"damage":11,"enemies":"Awakened One","floor":50,"turns":22}],"seed_played":"8177614748962245978","potions_obtained":[{"floor":1,"key":"Swift Potion"},{"floor":7,"key":"Ancient Potion"},{"floor":10,"key":"PowerPotion"},{"floor":11,"key":"AttackPotion"},{"floor":16,"key":"AttackPotion"},{"floor":18,"key":"SteroidPotion"},{"floor":24,"key":"Energy Potion"},{"floor":29,"key":"EssenceOfSteel"},{"floor":30,"key":"SkillPotion"},{"floor":37,"key":"FairyPotion"},{"floor":40,"key":"EssenceOfSteel"}],"is_trial":false,"path_per_floor":["M","?","T","?","M","R","E","R","T","M","E","$","E","M","R","B",null,"M","M","M","$","M","R","E","R","T","$","R","E","M","?","R","B",null,"M","?","M","M","?","E","R","M","T","$","R","$","R","M","R","B",null],"character_chosen":"DEFECT","items_purchased":["Regen Potion","Gash","Sweeping Beam","Coolheaded","Hologram"],"campfire_rested":5,"item_purchase_floors":[12,12,21,27,27],"current_hp_per_floor":[71,56,56,56,55,55,30,30,40,43,35,35,42,47,47,49,85,84,81,76,76,63,63,46,46,46,46,71,68,74,74,74,37,85,85,81,63,62,62,15,39,49,49,49,73,73,81,56,80,69],"gold":158,"neow_bonus":"RANDOM_COMMON_RELIC","is_prod":false,"is_daily":false,"chose_seed":false,"campfire_upgraded":6,"win_rate":0,"timestamp":1549107602,"path_taken":["M","?","?","?","M","R","E","R","T","M","E","$","E","?","R","BOSS","M","M","M","$","M","R","E","R","T","$","R","E","?","?","R","BOSS","M","?","M","M","?","E","R","M","T","$","R","$","R","?","R","BOSS"],"build_version":"2019-01-23","purchased_purges":3,"victory":true,"max_hp_per_floor":[75,75,75,75,75,75,75,75,85,85,85,85,85,85,85,85,85,85,85,85,85,85,85,85,85,85,85,85,85,85,85,85,85,85,85,81,81,81,81,81,81,81,81,81,81,81,81,81,81,81],"card_choices":[{"not_picked":["Loop","Capacitor","Fusion"],"picked":"SKIP","floor":1},{"not_picked":["Turbo","Blizzard"],"picked":"Self Repair","floor":5},{"not_picked":["Barrage","Stack"],"picked":"Compile Driver","floor":7},{"not_picked":["Coolheaded","Barrage"],"picked":"Cold Snap","floor":10},{"not_picked":["Reprogram","Melter"],"picked":"Turbo","floor":11},{"not_picked":["Creative AI","Doom and Gloom","Blizzard"],"picked":"SKIP","floor":13},{"not_picked":["Redo","Scrape"],"picked":"Stack","floor":14},{"not_picked":["Leap","Genetic Algorithm"],"picked":"Rebound","floor":18},{"not_picked":["Aggregate","Doom and Gloom"],"picked":"Go for the Eyes","floor":19},{"not_picked":["Redo","Aggregate"],"picked":"Steam","floor":20},{"not_picked":["Coolheaded","Stack"],"picked":"Cold Snap+1","floor":22},{"not_picked":["BootSequence","Skim+1"],"picked":"Leap","floor":24},{"not_picked":["Multi-Cast","Storm+1","Recycle"],"picked":"SKIP","floor":29},{"not_picked":["Rebound","Recycle"],"picked":"Conserve Battery+1","floor":30},{"not_picked":["Blizzard+1","Barrage"],"picked":"Cold Snap","floor":35},{"not_picked":["Coolheaded","Stack"],"picked":"Conserve Battery","floor":37},{"not_picked":["Steam","Sweeping Beam","Darkness+1"],"picked":"SKIP","floor":38},{"not_picked":["Turbo","Steam+1"],"picked":"Gash","floor":40},{"not_picked":["Static Discharge","Scrape","Undo"],"picked":"SKIP","floor":42},{"not_picked":["Streamline","Skim","Doom and Gloom+1"],"picked":"SKIP","floor":48}],"player_experience":200756,"relics_obtained":[{"floor":3,"key":"Potion Belt"},{"floor":7,"key":"Shuriken"},{"floor":9,"key":"Pear"},{"floor":11,"key":"Orichalcum"},{"floor":13,"key":"Ginger"},{"floor":24,"key":"Symbiotic Virus"},{"floor":26,"key":"Kunai"},{"floor":29,"key":"Ornamental Fan"},{"floor":40,"key":"Oddly Smooth Stone"},{"floor":43,"key":"Frozen Egg 2"}],"event_choices":[{"damage_healed":0,"gold_gain":0,"player_choice":"Entered Light","damage_taken":15,"max_hp_gain":0,"max_hp_loss":0,"event_name":"Shining Light","floor":2,"gold_loss":0,"cards_upgraded":["Strike_B","Defend_B"]},{"damage_healed":0,"gold_gain":0,"player_choice":"Rummage","damage_taken":0,"relics_obtained":["WarpedTongs"],"max_hp_gain":0,"max_hp_loss":0,"event_name":"Accursed Blacksmith","floor":4,"gold_loss":0,"cards_obtained":["Pain"]},{"damage_healed":0,"gold_gain":0,"player_choice":"Opened","damage_taken":0,"relics_obtained":["Ancient Tea Set"],"max_hp_gain":0,"max_hp_loss":0,"event_name":"The Mausoleum","floor":31,"gold_loss":0},{"damage_healed":0,"gold_gain":0,"player_choice":"Max HP","damage_taken":0,"max_hp_gain":0,"max_hp_loss":4,"event_name":"Winding Halls","floor":36,"gold_loss":0},{"damage_healed":0,"gold_gain":0,"player_choice":"Upgrade","damage_taken":0,"max_hp_gain":0,"max_hp_loss":0,"event_name":"Designer","floor":39,"gold_loss":40,"cards_upgraded":["Conserve Battery"]}],"is_beta":false,"boss_relics":[{"not_picked":["Velvet Choker","Coffee Dripper"],"picked":"Empty Cage"},{"not_picked":["Astrolabe","Eternal Feather"],"picked":"Runic Pyramid"}],"items_purged_floors":[12,21,44],"is_endless":false,"potions_floor_spawned":[1,7,10,11,16,18,24,29,30,37,40,48],"ascension_level":3}