{"gold_per_floor":[119,89,104,123,48,48,74,92,92,119,137,137,137,149,149,251,251,261,360,360,376,87,87,112,5,5,25,25,25,36,46,46,150,150,163,163,33,44,57,57,92,92,140,140,166,182,199,79,79,79],"floor_reached":51,"playtime":8175,"items_purged":["Doubt"],"score":773,"play_id":"2930f324-c4c1-4866-8327-b11f75f690b5","local_time":"20190202105033","is_ascension_mode":true,"campfire_choices":[{"data":"Bloodletting","floor":6.0,"key":"SMITH"},{"data":"Berserk","floor":15.0,"key":"SMITH"},{"data":"Intimidate","floor":23.0,"key":"SMITH"},{"floor":28.0,"key":"REST"},{"floor":32,"key":"REST"},{"floor":40,"key":"DIG"},{"floor":42,"key":"DIG"},{"floor":44,"key":"DIG"},{"floor":49,"key":"REST"}],"neow_cost":"CURSE","seed_source_timestamp":0,"circlet_count":0,"master_deck":["Bash","Bloodletting+1","Battle Trance","Battle Trance","Rupture","Carnage","Feed","Metallicize","Reckless Charge","Metallicize","Berserk+1","Metallicize","Bludgeon","Intimidate+1","Bludgeon","Battle Trance","Sword Boomerang","Reaper","Shrug It Off+1","Rage+1","Spot Weakness","Master of Strategy","Reckless Charge","Armaments+1","Madness+1","Shrug It Off+1","Impervious+1","Warcry+1","Exhume+1","Headbutt+1","Jack Of All Trades+1","Pummel","Shrug It Off+1","Pummel+1","Warcry+1","Spot Weakness+1","Evolve","Bandage Up+1"],"special_seed":0,"relics":["Burning Blood","Peace Pipe","Charon\u0027s Ashes","Shovel","Pandora\u0027s Box","Toxic Egg 2","Shuriken","Sozu","CultistMask","Orichalcum","Juzu Bracelet","Art of War","Vajra","Self Forming Clay","Omamori"],"potions_floor_usage":[50],"damage_taken":[{"damage":14.0,"enemies":"Jaw Worm","floor":1.0,"turns":4.0},{"damage":4.0,"enemies":"Cultist","floor":3.0,"turns":3.0},{"damage":4.0,"enemies":"Small Slimes","floor":4.0,"turns":5.0},{"damage":15.0,"enemies":"Gremlin Nob","floor":7.0,"turns":4.0},{"damage":12.0,"enemies":"Exordium Wildlife","floor":8.0,"turns":5.0},{"damage":11.0,"enemies":"Lagavulin","floor":10.0,"turns":6.0},{"damage":4.0,"enemies":"Large Slime","floor":11.0,"turns":5.0},{"damage":5.0,"enemies":"Exordium Thugs","floor":14.0,"turns":4.0},{"damage":18.0,"enemies":"The Guardian","floor":16.0,"turns":9.0},{"damage":15.0,"enemies":"Chosen","floor":18.0,"turns":4.0},{"damage":23.0,"enemies":"Colosseum Slavers","floor":20.0,"turns":4.0},{"damage":13.0,"enemies":"2 Thieves","floor":21.0,"turns":3.0},{"damage":74.0,"enemies":"Slavers","floor":24.0,"turns":6.0},{"damage":7.0,"enemies":"Snake Plant","floor":27.0,"turns":3.0},{"damage":43.0,"enemies":"Sentry and Sphere","floor":30.0,"turns":6.0},{"damage":5,"enemies":"Chosen and Byrds","floor":31,"turns":5},{"damage":21,"enemies":"Champ","floor":33,"turns":9},{"damage":27,"enemies":"3 Darklings","floor":35,"turns":4},{"damage":12,"enemies":"Orb Walker","floor":38,"turns":2},{"damage":0,"enemies":"Jaw Worm Horde","floor":39,"turns":4},{"damage":44,"enemies":"Reptomancer","floor":41,"turns":9},{"damage":8,"enemies":"Spire Growth","floor":46,"turns":4},{"damage":12,"enemies":"Maw","floor":47,"turns":7},{"damage":67,"enemies":"Time Eater","floor":50,"turns":11}],"seed_played":"-1496291401452642403","potions_obtained":[{"floor":1.0,"key":"AttackPotion"},{"floor":2.0,"key":"Explosive Potion"},{"floor":2.0,"key":"SkillPotion"},{"floor":7.0,"key":"SpeedPotion"},{"floor":11.0,"key":"Explosive Potion"},{"floor":14.0,"key":"PowerPotion"},{"floor":24.0,"key":"Block Potion"},{"floor":30.0,"key":"SpeedPotion"},{"floor":33,"key":"Weak Potion"}],"is_trial":false,"path_per_floor":["M","?","M","M","$","R","E","M","T","E","M","?","?","M","R","B",null,"M","?","?","M","$","R","E","$","T","M","R","?","M","M","R","B",null,"M","?","$","M","M","R","E","R","T","R","T","M","M","$","R","B",null],"character_chosen":"IRONCLAD","items_purchased":["Spot Weakness","Master of Strategy","Reckless Charge","Armaments+1","Madness+1","Jack Of All Trades+1","Pummel","Evolve","Bandage Up+1"],"campfire_rested":3,"item_purchase_floors":[22,22,22,25,25,37,37,48,48],"current_hp_per_floor":[72,72,74,76,76,76,67,64,64,59,61,61,54,58,58,46,86,81,81,67,71,71,71,20,20,20,22,51,51,14,28,58,48,101,87,87,87,81,101,101,87,87,87,87,87,85,79,79,104,58],"gold":79,"neow_bonus":"TRANSFORM_TWO_CARDS","is_prod":false,"is_daily":false,"chose_seed":false,"campfire_upgraded":3,"win_rate":0,"timestamp":1549122633,"path_taken":["M","?","?","M","$","R","E","?","T","E","M","?","?","M","R","BOSS","M","?","?","M","$","R","E","$","T","M","R","?","M","M","R","BOSS","M","?","?","M","M","R","E","R","T","R","?","M","M","$","R","BOSS"],"build_version":"2019-01-23","purchased_purges":1,"victory":true,"max_hp_per_floor":[80,80,80,80,80,80,80,83,83,83,83,83,83,86,86,86,86,86,86,89,92,92,92,95,95,95,98,98,98,98,101,101,101,101,101,101,101,101,101,101,104,104,104,104,104,104,104,104,104,104],"card_choices":[{"not_picked":["Rampage","Havoc"],"picked":"Battle Trance","floor":1.0},{"not_picked":["Reckless Charge","Cleave"],"picked":"Rupture","floor":3.0},{"not_picked":["True Grit","Havoc"],"picked":"Carnage","floor":4.0},{"not_picked":["Heavy Blade","Thunderclap"],"picked":"Feed","floor":7.0},{"not_picked":["Dual Wield","Fire Breathing"],"picked":"Metallicize","floor":8.0},{"not_picked":["Second Wind","Dual Wield"],"picked":"Reckless Charge","floor":10.0},{"not_picked":["Shrug It Off","Headbutt"],"picked":"Metallicize","floor":11.0},{"not_picked":["Flex","Headbutt"],"picked":"Metallicize","floor":14.0},{"not_picked":["Fiend Fire","Berserk"],"picked":"Bludgeon","floor":16.0},{"not_picked":["Rampage","Flex"],"picked":"Shrug It Off+1","floor":18.0},{"not_picked":["Cleave","Havoc"],"picked":"Rage+1","floor":21.0},{"not_picked":["Clothesline","Pommel Strike","Inflame"],"picked":"SKIP","floor":24.0},{"not_picked":["Corruption","Sever Soul+1"],"picked":"Shrug It Off+1","floor":27.0},{"not_picked":["Spot Weakness+1","Evolve"],"picked":"Impervious+1","floor":30.0},{"not_picked":["Second Wind+1","Twin Strike+1"],"picked":"Warcry+1","floor":31},{"not_picked":["Fiend Fire","Limit Break+1"],"picked":"Exhume+1","floor":33},{"not_picked":["Corruption","Clash+1"],"picked":"Headbutt+1","floor":35},{"not_picked":["Rupture","Cleave+1"],"picked":"Shrug It Off+1","floor":38},{"not_picked":["Iron Wave+1","Searing Blow+1"],"picked":"Pummel+1","floor":39},{"not_picked":["Bloodletting+1","Carnage"],"picked":"Warcry+1","floor":41},{"not_picked":["Pommel Strike","Clothesline","Searing Blow"],"picked":"SKIP","floor":46},{"not_picked":["Dual Wield+1","Intimidate+1"],"picked":"Spot Weakness+1","floor":47}],"player_experience":174600,"relics_obtained":[{"floor":7.0,"key":"Peace Pipe"},{"floor":9.0,"key":"Charon\u0027s Ashes"},{"floor":10.0,"key":"Shovel"},{"floor":24.0,"key":"Toxic Egg 2"},{"floor":26.0,"key":"Shuriken"},{"floor":40,"key":"Orichalcum"},{"floor":41,"key":"Juzu Bracelet"},{"floor":42,"key":"Art of War"},{"floor":43,"key":"Vajra"},{"floor":44,"key":"Self Forming Clay"},{"floor":45,"key":"Omamori"}],"event_choices":[{"damage_healed":0.0,"max_hp_gain":0.0,"max_hp_loss":0.0,"gold_gain":0.0,"event_name":"The Woman in Blue","player_choice":"Bought 2 Potions","floor":2.0,"gold_loss":0.0,"damage_taken":0.0},{"damage_healed":0.0,"max_hp_gain":0.0,"max_hp_loss":0.0,"gold_gain":0.0,"cards_transformed":["Strike_R"],"event_name":"Living Wall","player_choice":"Change","floor":12.0,"gold_loss":0.0,"damage_taken":0.0,"cards_obtained":["Berserk"]},{"cards_removed":["Strike_R"],"damage_healed":0.0,"max_hp_gain":0.0,"max_hp_loss":0.0,"gold_gain":0.0,"event_name":"Golden Wing","player_choice":"Card Removal","floor":13.0,"gold_loss":0.0,"damage_taken":7.0},{"damage_healed":0.0,"max_hp_gain":0.0,"max_hp_loss":0.0,"gold_gain":99.0,"event_name":"Nest","player_choice":"Stole From Cult","floor":19.0,"gold_loss":0.0,"damage_taken":0.0},{"damage_healed":0.0,"max_hp_gain":0.0,"max_hp_loss":0.0,"gold_gain":0.0,"event_name":"Colosseum","player_choice":"Fight","floor":20.0,"gold_loss":0.0,"damage_taken":0.0},{"damage_healed":0.0,"max_hp_gain":0.0,"max_hp_loss":0.0,"gold_gain":0.0,"event_name":"Colosseum","player_choice":"Fled From Nobs","floor":20.0,"gold_loss":0.0,"damage_taken":0.0},{"damage_healed":0.0,"max_hp_gain":0.0,"max_hp_loss":0.0,"gold_gain":0.0,"event_name":"Beggar","player_choice":"Ignored","floor":29.0,"gold_loss":0.0,"damage_taken":0.0},{"damage_healed":0,"gold_gain":0,"player_choice":"Trade","damage_taken":0,"relics_obtained":["CultistMask"],"max_hp_gain":0,"max_hp_loss":0,"event_name":"FaceTrader","floor":36,"gold_loss":0}],"is_beta":false,"boss_relics":[{"not_picked":["Runic Pyramid","Runic Dome"],"picked":"Pandora\u0027s Box"},{"not_picked":["Black Blood","Busted Crown"],"picked":"Sozu"}],"items_purged_floors":[5],"is_endless":false,"potions_floor_spawned":[1,7,11,14,20,24,30,33,39,41,47],"ascension_level":2}