{"gold_per_floor":[116,116,132,29,204,237,237,237,237,250,277,296,327,327,327,425,425,442,172,185,29,46,46],"floor_reached":23,"playtime":792,"items_purged":["Doubt"],"score":281,"play_id":"4912c740-7f27-4717-8d19-085f265e6072","local_time":"20181220233302","is_ascension_mode":true,"campfire_choices":[{"data":"Shrug It Off","floor":7.0,"key":"SMITH"},{"floor":15.0,"key":"REST"}],"neow_cost":"NONE","seed_source_timestamp":0,"circlet_count":0,"master_deck":["Strike_R","Strike_R","Strike_R","Strike_R","Strike_R","Defend_R","Defend_R","Defend_R","Defend_R","Bash+1","Clash","Shrug It Off+1","Armaments+1","Immolate","Flex","Hemokinesis","Cleave","Flex","Demon Form","Heavy Blade","Shrug It Off","Armaments"],"special_seed":0,"relics":["Black Blood","NeowsBlessing","Mango","Shuriken","Incense Burner","Bottled Flame","Dodecahedron","PreservedInsect","Happy Flower"],"potions_floor_usage":[23,23],"damage_taken":[{"damage":0.0,"enemies":"2 Louse","floor":1.0,"turns":1.0},{"damage":0.0,"enemies":"Cultist","floor":3.0,"turns":1.0},{"damage":0.0,"enemies":"Gremlin Nob","floor":6.0,"turns":1.0},{"damage":5.0,"enemies":"Small Slimes","floor":10.0,"turns":3.0},{"damage":25.0,"enemies":"3 Sentries","floor":11.0,"turns":6.0},{"damage":0.0,"enemies":"Looter","floor":12.0,"turns":2.0},{"damage":20.0,"enemies":"Lagavulin","floor":13.0,"turns":5.0},{"damage":50.0,"enemies":"Hexaghost","floor":16.0,"turns":9.0},{"damage":14.0,"enemies":"Spheric Guardian","floor":18.0,"turns":4.0},{"damage":33.0,"enemies":"Shell Parasite","floor":20.0,"turns":5.0},{"damage":44.0,"enemies":"Centurion and Healer","floor":22.0,"turns":8.0},{"damage":23,"enemies":"Book of Stabbing","floor":23,"turns":4}],"seed_played":"-6058353146819055086","potions_obtained":[{"floor":6.0,"key":"Dexterity Potion"},{"floor":12.0,"key":"SkillPotion"},{"floor":16.0,"key":"Dexterity Potion"}],"is_trial":false,"path_per_floor":["M","?","M","$","?","E","R","?","T","M","E","M","E","?","R","B",null,"M","$","M","$","M","E"],"character_chosen":"IRONCLAD","items_purchased":["Flex","Armaments","PreservedInsect","Strength Potion","Happy Flower"],"campfire_rested":1,"item_purchase_floors":[4,4,19,19,21],"current_hp_per_floor":[80,80,80,80,80,94,94,94,94,94,75,81,67,67,94,50,94,90,90,67,67,33,10],"gold":46,"neow_bonus":"THREE_ENEMY_KILL","is_prod":false,"is_daily":false,"chose_seed":false,"campfire_upgraded":1,"win_rate":0,"timestamp":1545377582,"path_taken":["M","?","?","$","?","E","R","?","T","M","E","?","E","?","R","BOSS","M","$","M","$","M","E"],"build_version":"2018-12-20","purchased_purges":1,"victory":false,"max_hp_per_floor":[80,80,80,80,80,94,94,94,94,94,94,94,94,94,94,94,94,94,94,94,94,94,94],"card_choices":[{"not_picked":["Body Slam","Iron Wave"],"picked":"Clash","floor":1.0},{"not_picked":["Headbutt","Sword Boomerang"],"picked":"Shrug It Off","floor":3.0},{"not_picked":["Brutality","Anger"],"picked":"Immolate","floor":6.0},{"not_picked":["Iron Wave","Disarm"],"picked":"Flex","floor":10.0},{"not_picked":["Barricade","Headbutt"],"picked":"Hemokinesis","floor":11.0},{"not_picked":["Disarm","Headbutt"],"picked":"Cleave","floor":12.0},{"not_picked":["Battle Trance","Headbutt"],"picked":"Flex","floor":13.0},{"not_picked":["Bludgeon","Exhume"],"picked":"Demon Form","floor":16.0},{"not_picked":["Havoc+1","Twin Strike+1"],"picked":"Heavy Blade","floor":18.0},{"not_picked":["Anger","Warcry"],"picked":"Shrug It Off","floor":20.0},{"not_picked":["Dropkick","Rage"],"picked":"Armaments","floor":22.0}],"player_experience":212787,"relics_obtained":[{"floor":6.0,"key":"Mango"},{"floor":9.0,"key":"Shuriken"},{"floor":11.0,"key":"Incense Burner"},{"floor":13.0,"key":"Bottled Flame"}],"event_choices":[{"damage_healed":0.0,"max_hp_gain":0.0,"max_hp_loss":0.0,"gold_gain":0.0,"event_name":"Accursed Blacksmith","player_choice":"Forge","floor":2.0,"gold_loss":0.0,"damage_taken":0.0,"cards_upgraded":["Bash"]},{"damage_healed":0.0,"max_hp_gain":0.0,"max_hp_loss":0.0,"gold_gain":175.0,"event_name":"Liars Game","player_choice":"AGREE","floor":5.0,"gold_loss":0.0,"damage_taken":0.0,"cards_obtained":["Doubt"]},{"damage_healed":0.0,"max_hp_gain":0.0,"max_hp_loss":0.0,"gold_gain":0.0,"event_name":"Upgrade Shrine","player_choice":"Upgraded","floor":8.0,"gold_loss":0.0,"damage_taken":0.0,"cards_upgraded":["Armaments"]},{"cards_removed":["Flex"],"damage_healed":0.0,"max_hp_gain":0.0,"max_hp_loss":0.0,"gold_gain":0.0,"event_name":"WeMeetAgain","player_choice":"Gave Card","floor":14.0,"gold_loss":0.0,"damage_taken":0.0,"relics_obtained":["Dodecahedron"]}],"is_beta":false,"boss_relics":[{"not_picked":["Black Star","Fusion Hammer"],"picked":"Black Blood"}],"items_purged_floors":[19],"is_endless":false,"potions_floor_spawned":[6,12,16],"killed_by":"Book of Stabbing","ascension_level":4}