{"gold_per_floor":[115,126,126,126,74,99,99,125,125,125],"floor_reached":10,"playtime":453,"items_purged":[],"score":111,"play_id":"39c92298-2b55-4c7f-98c1-66f77b2579ab","local_time":"20190130165945","is_ascension_mode":true,"campfire_choices":[{"data":"Body Slam","floor":7,"key":"SMITH"}],"neow_cost":"NONE","seed_source_timestamp":506041932067600,"circlet_count":0,"master_deck":["AscendersBane","Strike_R","Strike_R","Strike_R","Defend_R","Defend_R","Defend_R","Defend_R","Bash+1","Pommel Strike","Cleave","Feed","Body Slam+1","True Grit"],"relics":["Burning Blood","The Courier","Bag of Marbles","Kunai"],"potions_floor_usage":[10,10],"damage_taken":[{"damage":11,"enemies":"2 Louse","floor":1,"turns":3},{"damage":2,"enemies":"Small Slimes","floor":2,"turns":4},{"damage":40,"enemies":"3 Sentries","floor":6,"turns":8},{"damage":20,"enemies":"Gremlin Nob","floor":8,"turns":4},{"damage":40,"enemies":"Lagavulin","floor":10,"turns":7}],"seed_played":"6798592572678793448","potions_obtained":[{"floor":2,"key":"Poison Potion"},{"floor":8,"key":"Ancient Potion"}],"is_trial":false,"path_per_floor":["M","M","?","?","$","E","R","E","T","E"],"character_chosen":"IRONCLAD","items_purchased":["Block Potion"],"campfire_rested":0,"item_purchase_floors":[5],"current_hp_per_floor":[67,71,71,71,71,37,37,26,26,0],"gold":125,"neow_bonus":"REMOVE_CARD","is_prod":false,"is_daily":false,"chose_seed":false,"campfire_upgraded":1,"win_rate":0,"timestamp":1548867585,"path_taken":["M","M","?","?","$","E","R","E","T","E"],"build_version":"2019-01-23","purchased_purges":0,"victory":false,"max_hp_per_floor":[80,80,80,80,80,80,80,83,83,83],"card_choices":[{"not_picked":["Flex","Rampage"],"picked":"Pommel Strike","floor":1},{"not_picked":["Corruption","Perfected Strike"],"picked":"Cleave","floor":2},{"not_picked":["Intimidate","Dual Wield"],"picked":"Body Slam","floor":6},{"not_picked":["Infernal Blade","Anger"],"picked":"True Grit","floor":8}],"player_experience":183619,"relics_obtained":[{"floor":6,"key":"The Courier"},{"floor":8,"key":"Bag of Marbles"},{"floor":9,"key":"Kunai"}],"event_choices":[{"damage_healed":0,"gold_gain":0,"player_choice":"Grow","damage_taken":0,"max_hp_gain":0,"max_hp_loss":0,"event_name":"Living Wall","floor":3,"gold_loss":0,"cards_upgraded":["Bash"]},{"damage_healed":0,"gold_gain":0,"cards_transformed":["Strike_R"],"player_choice":"Transformed","damage_taken":0,"max_hp_gain":0,"max_hp_loss":0,"event_name":"Transmorgrifier","floor":4,"gold_loss":0,"cards_obtained":["Feed"]}],"is_beta":false,"boss_relics":[],"items_purged_floors":[],"is_endless":false,"potions_floor_spawned":[2,8],"killed_by":"Lagavulin","ascension_level":10}