{"gold_per_floor":[112,62,137,16,26,57,57,92,142,173,187,187,287,301,301,399,399,419,419,438,438,451,486,505,532,532,561,561,573,573,592,592,690,690,705,722,733,747,449,449,465,491,540,540,223,237,237,237,237,237,237,237,37,66,66],"floor_reached":56,"playtime":3299,"items_purged":["Defend_G","Strike_G","Strike_G"],"score":1282,"play_id":"b42f5d24-19c3-4c3b-9700-5811107e111d","local_time":"20190201174731","is_ascension_mode":false,"campfire_choices":[{"data":"Skewer","floor":7,"key":"SMITH"},{"data":"Footwork","floor":12,"key":"SMITH"},{"data":"Bouncing Flask","floor":15,"key":"SMITH"},{"floor":28,"key":"REST"},{"data":"Well Laid Plans","floor":30,"key":"SMITH"},{"data":"Calculated Gamble","floor":32,"key":"SMITH"},{"floor":40,"key":"REST"},{"floor":49,"key":"RECALL"},{"floor":52,"key":"REST"}],"neow_cost":"NONE","seed_source_timestamp":106097762180235,"circlet_count":0,"master_deck":["Defend_G","Defend_G","Defend_G","Defend_G","Strike_G","Survivor","Neutralize","Skewer+1","Footwork+1","Bandage Up","Deflect","Leg Sweep","Deflect","Bouncing Flask+1","Adrenaline","Well Laid Plans+1","Calculated Gamble+1","Flechettes+1","Well Laid Plans","Noxious Fumes","Malaise","Footwork","Backflip","Caltrops","Noxious Fumes","Catalyst","PiercingWail"],"relics":["Ring of the Snake","NeowsBlessing","Pen Nib","Bottled Tornado","Happy Flower","Philosopher\u0027s Stone","Paper Crane","Strawberry","Bronze Scales","Blue Candle","Mercury Hourglass","Fusion Hammer","Bag of Preparation","Thread and Needle","Anchor","Snake Skull","Bottled Flame"],"potions_floor_usage":[10,16,23,24,27,27,50,55,55],"damage_taken":[{"damage":0,"enemies":"2 Louse","floor":1,"turns":1},{"damage":0,"enemies":"Jaw Worm","floor":5,"turns":1},{"damage":0,"enemies":"Lagavulin","floor":6,"turns":1},{"damage":10,"enemies":"3 Sentries","floor":8,"turns":13},{"damage":29,"enemies":"Gremlin Nob","floor":10,"turns":6},{"damage":0,"enemies":"Cultist","floor":11,"turns":4},{"damage":0,"enemies":"Looter","floor":14,"turns":2},{"damage":31,"enemies":"Slime Boss","floor":16,"turns":9},{"damage":6,"enemies":"Shell Parasite","floor":18,"turns":7},{"damage":0,"enemies":"Spheric Guardian","floor":20,"turns":1},{"damage":0,"enemies":"Snake Plant","floor":22,"turns":4},{"damage":43,"enemies":"Slavers","floor":23,"turns":10},{"damage":0,"enemies":"Shelled Parasite and Fungi","floor":24,"turns":6},{"damage":0,"enemies":"Book of Stabbing","floor":25,"turns":6},{"damage":21,"enemies":"Slavers","floor":27,"turns":7},{"damage":4,"enemies":"Sentry and Sphere","floor":29,"turns":4},{"damage":0,"enemies":"Snake Plant","floor":31,"turns":3},{"damage":19,"enemies":"Champ","floor":33,"turns":9},{"damage":26,"enemies":"3 Darklings","floor":35,"turns":5},{"damage":0,"enemies":"3 Shapes","floor":36,"turns":5},{"damage":0,"enemies":"Maw","floor":37,"turns":8},{"damage":18,"enemies":"3 Darklings","floor":38,"turns":5},{"damage":1,"enemies":"Sphere and 2 Shapes","floor":41,"turns":4},{"damage":13,"enemies":"Nemesis","floor":42,"turns":7},{"damage":6,"enemies":"Spire Growth","floor":46,"turns":4},{"damage":4,"enemies":"Time Eater","floor":50,"turns":9},{"damage":13,"enemies":"Shield and Spear","floor":54,"turns":5},{"damage":46,"enemies":"The Heart","floor":55,"turns":11}],"seed_played":"-8974770701962633983","potions_obtained":[{"floor":1,"key":"FearPotion"},{"floor":5,"key":"Regen Potion"},{"floor":11,"key":"Regen Potion"},{"floor":16,"key":"Dexterity Potion"},{"floor":18,"key":"Swift Potion"},{"floor":22,"key":"Block Potion"},{"floor":24,"key":"Weak Potion"},{"floor":38,"key":"Dexterity Potion"},{"floor":42,"key":"FearPotion"},{"floor":44,"key":"SkillPotion"}],"is_trial":false,"path_per_floor":["M","?","?","$","M","E","R","E","T","E","M","R","?","M","R","B",null,"M","?","M","?","M","E","M","E","T","E","R","M","R","M","R","B",null,"M","M","M","M","$","R","M","E","T","?","$","M","?","?","R","B",null,"R","$","E","B",null],"character_chosen":"THE_SILENT","items_purchased":["Footwork","Bandage Up","Bag of Preparation","Caltrops","Catalyst","Snake Skull","EssenceOfSteel"],"campfire_rested":3,"item_purchase_floors":[4,4,39,39,45,45,53],"current_hp_per_floor":[70,70,59,59,59,59,59,53,53,43,47,47,47,51,51,39,70,68,68,68,68,68,36,40,44,44,27,50,50,50,54,54,39,77,55,59,63,49,49,72,75,66,66,66,66,64,64,64,64,64,77,77,77,68,26],"gold":66,"neow_bonus":"THREE_ENEMY_KILL","is_prod":false,"is_daily":false,"chose_seed":false,"campfire_upgraded":5,"win_rate":0,"timestamp":1549036051,"path_taken":["M","?","?","?","?","E","R","E","T","E","M","R","?","M","R","BOSS","M","?","M","?","M","E","M","E","T","E","R","M","R","M","R","BOSS","M","?","M","M","$","R","M","E","T","?","$","?","?","?","R","BOSS","R","$","E","BOSS"],"build_version":"2019-01-23","purchased_purges":3,"victory":true,"max_hp_per_floor":[70,70,70,70,70,70,70,70,70,70,70,70,70,70,70,70,70,70,70,70,70,70,77,77,77,77,77,77,77,77,77,77,77,77,77,77,77,77,77,77,77,77,77,77,77,77,77,77,77,77,77,77,77,77,77],"card_choices":[{"not_picked":["Deadly Poison","Bane"],"picked":"Skewer","floor":1},{"not_picked":["Deflect","Expertise","Backstab"],"picked":"SKIP","floor":5},{"not_picked":["Expertise","Backstab"],"picked":"Deflect","floor":5},{"not_picked":["Wraith Form v2","Slice"],"picked":"Leg Sweep","floor":6},{"not_picked":["Sucker Punch","Skewer","Accuracy"],"picked":"SKIP","floor":8},{"not_picked":["Deadly Poison","Underhanded Strike","Venomology"],"picked":"SKIP","floor":10},{"not_picked":["Distraction","Blade Dance"],"picked":"Deflect","floor":11},{"not_picked":["Quick Slash","Leg Sweep"],"picked":"Bouncing Flask","floor":14},{"not_picked":["Grand Finale","Venomology"],"picked":"Adrenaline","floor":16},{"not_picked":["Acrobatics+1","Blade Dance","Dagger Throw"],"picked":"SKIP","floor":18},{"not_picked":["Dodge and Roll","Quick Slash+1","Bane"],"picked":"SKIP","floor":20},{"not_picked":["Slice","Bane","Quick Slash"],"picked":"SKIP","floor":22},{"not_picked":["Outmaneuver+1","Underhanded Strike","Dash"],"picked":"SKIP","floor":23},{"not_picked":["Flying Knee","Quick Slash"],"picked":"Calculated Gamble","floor":24},{"not_picked":["Concentrate","Deadly Poison","Cloak And Dagger+1"],"picked":"SKIP","floor":25},{"not_picked":["Eviscerate","Setup"],"picked":"Flechettes+1","floor":27},{"not_picked":["Dash+1","Slice"],"picked":"Well Laid Plans","floor":29},{"not_picked":["Dagger Throw","Acrobatics"],"picked":"Noxious Fumes","floor":31},{"not_picked":["Doppelganger","Burst"],"picked":"Malaise","floor":33},{"not_picked":["Predator","Bane"],"picked":"Footwork","floor":35},{"not_picked":["Finisher","Heel Hook+1","Blade Dance+1"],"picked":"SKIP","floor":36},{"not_picked":["Slice+1","Bouncing Flask","Skewer+1"],"picked":"SKIP","floor":37},{"not_picked":["Dagger Throw","Choke+1"],"picked":"Backflip","floor":38},{"not_picked":["Bouncing Flask","Sucker Punch+1","Predator+1"],"picked":"SKIP","floor":41},{"not_picked":["Blade Dance","Footwork"],"picked":"Noxious Fumes","floor":42},{"not_picked":["Bane+1","Dagger Spray","Bouncing Flask"],"picked":"SKIP","floor":46},{"not_picked":["Slice","Deflect+1"],"picked":"PiercingWail","floor":54}],"player_experience":206157,"relics_obtained":[{"floor":6,"key":"Pen Nib"},{"floor":8,"key":"Bottled Tornado"},{"floor":10,"key":"Happy Flower"},{"floor":23,"key":"Strawberry"},{"floor":25,"key":"Bronze Scales"},{"floor":26,"key":"Blue Candle"},{"floor":27,"key":"Mercury Hourglass"},{"floor":42,"key":"Thread and Needle"},{"floor":43,"key":"Anchor"},{"floor":54,"key":"Bottled Flame"}],"event_choices":[{"cards_removed":["Strike_G"],"damage_healed":0,"gold_gain":0,"player_choice":"Card Removal","damage_taken":0,"max_hp_gain":0,"max_hp_loss":0,"event_name":"The Cleric","floor":2,"gold_loss":50},{"damage_healed":0,"gold_gain":75,"player_choice":"Gather Gold","damage_taken":11,"max_hp_gain":0,"max_hp_loss":0,"event_name":"World of Goop","floor":3,"gold_loss":0},{"damage_healed":0,"gold_gain":100,"player_choice":"Pray","damage_taken":0,"max_hp_gain":0,"max_hp_loss":0,"event_name":"Golden Shrine","floor":13,"gold_loss":0},{"damage_healed":0,"gold_gain":0,"player_choice":"Read","damage_taken":0,"max_hp_gain":0,"max_hp_loss":0,"event_name":"The Library","floor":19,"gold_loss":0,"cards_obtained":["Well Laid Plans"]},{"damage_healed":0,"gold_gain":0,"player_choice":"Gave Potion","damage_taken":0,"relics_obtained":["Paper Crane"],"max_hp_gain":0,"max_hp_loss":0,"event_name":"WeMeetAgain","floor":21,"gold_loss":0},{"damage_healed":0,"gold_gain":0,"player_choice":"Got Potions","damage_taken":0,"max_hp_gain":0,"max_hp_loss":0,"event_name":"Lab","floor":44,"gold_loss":0},{"cards_removed":["Strike_G"],"damage_healed":0,"gold_gain":0,"player_choice":"Removed Attack","damage_taken":0,"max_hp_gain":0,"max_hp_loss":0,"event_name":"Falling","floor":47,"gold_loss":0},{"damage_healed":0,"gold_gain":0,"player_choice":"Leave","damage_taken":0,"max_hp_gain":0,"max_hp_loss":0,"event_name":"FaceTrader","floor":48,"gold_loss":0}],"is_beta":false,"boss_relics":[{"not_picked":["WristBlade","HoveringKite"],"picked":"Philosopher\u0027s Stone"},{"not_picked":["Black Star","Empty Cage"],"picked":"Fusion Hammer"}],"items_purged_floors":[39,45,53],"is_endless":false,"potions_floor_spawned":[1,5,11,16,18,22,24,38,42,46],"ascension_level":0}