{"gold_per_floor":[111,36,311,329,21,48,59,59],"floor_reached":8,"playtime":331,"items_purged":["Regret"],"score":98,"play_id":"6962a249-0a9b-409e-bcdb-83b887fd206a","local_time":"20190202181044","is_ascension_mode":true,"campfire_choices":[],"neow_cost":"NONE","seed_source_timestamp":14415041648900,"circlet_count":0,"master_deck":["AscendersBane","Defend_G","Defend_G","Defend_G","Defend_G","Defend_G","Strike_G","Strike_G","Strike_G","Strike_G","Survivor+1","Neutralize+1","PiercingWail+1","Backstab","Bane","All Out Attack"],"relics":["Ring of the Snake","War Paint"],"potions_floor_usage":[6,6,8],"damage_taken":[{"damage":1,"enemies":"2 Louse","floor":1,"turns":4},{"damage":1,"enemies":"Small Slimes","floor":4,"turns":6},{"damage":34,"enemies":"Lagavulin","floor":6,"turns":10},{"damage":0,"enemies":"Cultist","floor":7,"turns":4},{"damage":25,"enemies":"3 Sentries","floor":8,"turns":8}],"seed_played":"7877927890272997217","potions_obtained":[{"floor":6,"key":"Block Potion"}],"is_trial":false,"path_per_floor":["M","?","?","M","$","E","M","E"],"character_chosen":"THE_SILENT","items_purchased":["Backstab","Bane","SkillPotion","Block Potion"],"campfire_rested":0,"item_purchase_floors":[5,5,5,5],"current_hp_per_floor":[58,58,58,57,57,23,23,0],"gold":59,"neow_bonus":"UPGRADE_CARD","is_prod":false,"is_daily":false,"chose_seed":false,"campfire_upgraded":0,"win_rate":0,"timestamp":1549123844,"path_taken":["M","?","?","?","$","E","M","E"],"build_version":"2019-01-23","purchased_purges":1,"victory":false,"max_hp_per_floor":[66,66,66,66,66,66,66,66],"card_choices":[{"not_picked":["Deflect","Riddle With Holes"],"picked":"PiercingWail","floor":1},{"not_picked":["Dodge and Roll","Quick Slash","Dagger Spray"],"picked":"SKIP","floor":4},{"not_picked":["Prepared","Expertise","Acrobatics"],"picked":"SKIP","floor":6},{"not_picked":["Dodge and Roll","Leg Sweep"],"picked":"All Out Attack","floor":7}],"player_experience":578729,"relics_obtained":[{"floor":6,"key":"War Paint"}],"event_choices":[{"cards_removed":["Strike_G"],"damage_healed":0,"gold_gain":0,"player_choice":"Card Removal","damage_taken":0,"max_hp_gain":0,"max_hp_loss":0,"event_name":"The Cleric","floor":2,"gold_loss":75},{"damage_healed":0,"gold_gain":275,"player_choice":"Desecrate","damage_taken":0,"max_hp_gain":0,"max_hp_loss":0,"event_name":"Golden Shrine","floor":3,"gold_loss":0,"cards_obtained":["Regret"]}],"is_beta":false,"boss_relics":[],"items_purged_floors":[5],"is_endless":false,"potions_floor_spawned":[6],"killed_by":"3 Sentries","ascension_level":15}