{"gold_per_floor":[109,126,126,4,79,108,108,137,137,10,27,40,40,55,55,154,154,164,179,104,104,104,104,118,136,188,76,103,113,31,41,41,136,136,146,166,266,276,288,288,288,317,317,317,317,335,347,347,347,347],"floor_reached":51,"playtime":3268,"items_purged":["Strike_G","Defend_G"],"score":742,"play_id":"94e540af-7340-41b2-a64e-a9831af53361","local_time":"20190113160812","is_ascension_mode":true,"campfire_choices":[{"data":"Neutralize","floor":7,"key":"SMITH"},{"data":"Footwork","floor":15,"key":"SMITH"},{"data":"Backflip","floor":23,"key":"SMITH"},{"floor":32,"key":"REST"},{"data":"Footwork","floor":40,"key":"SMITH"},{"floor":44,"key":"DIG"},{"floor":49,"key":"DIG"}],"neow_cost":"NONE","seed_source_timestamp":129851872078484,"circlet_count":0,"master_deck":["Defend_G","Defend_G","Survivor","Neutralize+1","Predator+1","Poisoned Stab+1","A Thousand Cuts+1","Deadly Poison","Acrobatics","Outmaneuver","Footwork+1","Outmaneuver","Quick Slash+1","Poisoned Stab+1","A Thousand Cuts","Backflip+1","Bane+1","Crippling Poison","Well Laid Plans","Burst","Deflect+1","Footwork+1","Backflip","Burst","Poisoned Stab+1","Backflip+1","Parasite","Footwork+1","Dodge and Roll+1","Sucker Punch+1"],"relics":["Astrolabe","Molten Egg 2","Thread and Needle","Smiling Mask","Black Star","Strawberry","PreservedInsect","Pantograph","Coffee Dripper","Shovel","Pen Nib","Mummified Hand","Omamori","Snake Skull"],"potions_floor_usage":[18,28,29,42,47,50,50,50,50,50,50],"damage_taken":[{"damage":1,"enemies":"Jaw Worm","floor":1,"turns":3},{"damage":2,"enemies":"Small Slimes","floor":2,"turns":3},{"damage":13,"enemies":"Lagavulin","floor":6,"turns":5},{"damage":13,"enemies":"3 Sentries","floor":8,"turns":5},{"damage":0,"enemies":"Cultist","floor":11,"turns":3},{"damage":0,"enemies":"Blue Slaver","floor":12,"turns":2},{"damage":0,"enemies":"2 Fungi Beasts","floor":14,"turns":3},{"damage":12,"enemies":"Hexaghost","floor":16,"turns":9},{"damage":5,"enemies":"3 Byrds","floor":18,"turns":2},{"damage":0,"enemies":"Shell Parasite","floor":19,"turns":6},{"damage":8,"enemies":"3 Cultists","floor":24,"turns":4},{"damage":10,"enemies":"Centurion and Healer","floor":25,"turns":6},{"damage":16,"enemies":"Book of Stabbing","floor":28,"turns":6},{"damage":4,"enemies":"Chosen and Byrds","floor":29,"turns":6},{"damage":24,"enemies":"Snake Plant","floor":31,"turns":4},{"damage":1,"enemies":"Automaton","floor":33,"turns":11},{"damage":1,"enemies":"3 Darklings","floor":35,"turns":6},{"damage":0,"enemies":"3 Shapes","floor":36,"turns":5},{"damage":4,"enemies":"Transient","floor":38,"turns":5},{"damage":6,"enemies":"Writhing Mass","floor":39,"turns":6},{"damage":33,"enemies":"Reptomancer","floor":42,"turns":5},{"damage":13,"enemies":"4 Shapes","floor":46,"turns":5},{"damage":3,"enemies":"Sphere and 2 Shapes","floor":47,"turns":6},{"damage":40,"enemies":"Donu and Deca","floor":50,"turns":12}],"seed_played":"4338890927204423174","potions_obtained":[{"floor":8,"key":"GamblersBrew"},{"floor":11,"key":"Strength Potion"},{"floor":12,"key":"LiquidBronze"},{"floor":19,"key":"Dexterity Potion"},{"floor":24,"key":"FearPotion"},{"floor":28,"key":"LiquidBronze"},{"floor":29,"key":"EntropicBrew"},{"floor":42,"key":"GamblersBrew"},{"floor":46,"key":"Regen Potion"},{"floor":47,"key":"Ancient Potion"}],"is_trial":false,"path_per_floor":["M","M","?","$","?","E","R","E","T","$","M","M","?","M","R","B",null,"M","M","?","?","?","R","M","M","T","$","E","M","$","M","R","B",null,"M","M","?","M","M","R","?","E","T","R","?","M","M","?","R","B",null],"character_chosen":"THE_SILENT","items_purchased":["Acrobatics","Footwork","Crippling Poison","Well Laid Plans","Footwork","Backflip"],"campfire_rested":1,"item_purchase_floors":[4,10,27,27,30,30],"current_hp_per_floor":[69,67,60,60,49,36,36,23,23,23,23,23,70,70,70,58,70,65,65,65,65,65,65,57,47,54,54,38,34,34,10,33,57,77,76,76,76,72,66,66,66,33,33,33,33,20,32,32,32,17],"gold":347,"neow_bonus":"BOSS_RELIC","is_prod":false,"is_daily":false,"chose_seed":false,"campfire_upgraded":4,"win_rate":0,"timestamp":1547413692,"path_taken":["M","M","?","$","?","E","R","E","T","?","M","?","?","?","R","BOSS","M","M","?","?","?","R","?","M","T","$","E","M","$","M","R","BOSS","M","M","?","?","M","R","?","E","T","R","?","M","M","?","R","BOSS"],"build_version":"2019-01-10","purchased_purges":2,"victory":true,"max_hp_per_floor":[70,70,70,70,70,70,70,70,70,70,70,70,70,70,70,70,70,70,70,70,70,70,70,70,70,77,77,77,77,77,77,77,77,77,77,77,77,77,77,77,73,73,73,73,73,73,73,73,73,73],"card_choices":[{"not_picked":["Flechettes","Blade Dance"],"picked":"Deadly Poison","floor":1},{"not_picked":["Blade Dance","Dagger Spray"],"picked":"Endless Agony","floor":2},{"not_picked":["Bane","Sucker Punch"],"picked":"Outmaneuver","floor":6},{"not_picked":["Flechettes+1","Endless Agony+1"],"picked":"Poisoned Stab+1","floor":8},{"not_picked":["Infinite Blades","Underhanded Strike+1"],"picked":"Outmaneuver","floor":11},{"not_picked":["Dagger Throw+1","Phantasmal Killer"],"picked":"Quick Slash+1","floor":12},{"not_picked":["Sucker Punch+1","Quick Slash+1"],"picked":"Poisoned Stab+1","floor":14},{"not_picked":["Wraith Form v2","Phantasmal Killer"],"picked":"A Thousand Cuts","floor":16},{"not_picked":["Quick Slash+1","Outmaneuver"],"picked":"Backflip","floor":18},{"not_picked":["Prepared","Cloak And Dagger"],"picked":"Bane+1","floor":19},{"not_picked":["Cloak And Dagger","Dagger Spray+1","Outmaneuver"],"picked":"SKIP","floor":24},{"not_picked":["Venomology","Dagger Spray+1","Sucker Punch+1"],"picked":"SKIP","floor":25},{"not_picked":["Distraction","Bane+1"],"picked":"Burst","floor":28},{"not_picked":["Bane+1","Expertise"],"picked":"Deflect+1","floor":29},{"not_picked":["Prepared","Reflex+1","Infinite Blades"],"picked":"SKIP","floor":31},{"not_picked":["Night Terror","Glass Knife+1"],"picked":"Burst","floor":33},{"not_picked":["Infinite Blades","Dagger Throw+1"],"picked":"Poisoned Stab+1","floor":35},{"not_picked":["Masterful Stab+1","Deadly Poison"],"picked":"Backflip+1","floor":36},{"not_picked":["Quick Slash+1","Wraith Form v2","Choke+1"],"picked":"SKIP","floor":38},{"not_picked":["Bane+1","Accuracy"],"picked":"Footwork+1","floor":39},{"not_picked":["Flying Knee+1","Choke+1"],"picked":"Dodge and Roll+1","floor":42},{"not_picked":["Skewer+1","Slice+1","Dagger Spray+1"],"picked":"SKIP","floor":46},{"not_picked":["Dagger Spray+1","Outmaneuver"],"picked":"Sucker Punch+1","floor":47}],"player_experience":82871,"relics_obtained":[{"floor":6,"key":"Molten Egg 2"},{"floor":8,"key":"Thread and Needle"},{"floor":9,"key":"Smiling Mask"},{"floor":26,"key":"Strawberry"},{"floor":28,"key":"PreservedInsect"},{"floor":28,"key":"Pantograph"},{"floor":42,"key":"Shovel"},{"floor":42,"key":"Pen Nib"},{"floor":43,"key":"Mummified Hand"},{"floor":44,"key":"Omamori"},{"floor":49,"key":"Snake Skull"}],"event_choices":[{"cards_removed":["Strike_G"],"damage_healed":0,"gold_gain":0,"player_choice":"Card Removal","damage_taken":7,"max_hp_gain":0,"max_hp_loss":0,"event_name":"Golden Wing","floor":3,"gold_loss":0},{"damage_healed":0,"gold_gain":75,"player_choice":"Gather Gold","damage_taken":11,"max_hp_gain":0,"max_hp_loss":0,"event_name":"World of Goop","floor":5,"gold_loss":0},{"cards_removed":["Endless Agony"],"damage_healed":47,"gold_gain":0,"player_choice":"Offered Uncommon","damage_taken":0,"max_hp_gain":0,"max_hp_loss":0,"event_name":"Bonfire Elementals","floor":13,"gold_loss":0},{"cards_removed":["Defend_G"],"damage_healed":0,"gold_gain":0,"player_choice":"Gave Gold","damage_taken":0,"max_hp_gain":0,"max_hp_loss":0,"event_name":"Beggar","floor":20,"gold_loss":75},{"cards_removed":["Defend_G"],"damage_healed":0,"gold_gain":0,"player_choice":"Elegance","damage_taken":0,"max_hp_gain":0,"max_hp_loss":0,"event_name":"Back to Basics","floor":21,"gold_loss":0},{"damage_healed":0,"gold_gain":0,"player_choice":"Bought 0 Potions","damage_taken":0,"max_hp_gain":0,"max_hp_loss":0,"event_name":"The Woman in Blue","floor":22,"gold_loss":0},{"damage_healed":0,"gold_gain":100,"player_choice":"Pray","damage_taken":0,"max_hp_gain":0,"max_hp_loss":0,"event_name":"Golden Shrine","floor":37,"gold_loss":0},{"damage_healed":0,"gold_gain":0,"player_choice":"Max HP","damage_taken":0,"max_hp_gain":0,"max_hp_loss":4,"event_name":"Winding Halls","floor":41,"gold_loss":0},{"cards_removed":["Poisoned Stab"],"damage_healed":0,"gold_gain":0,"player_choice":"Removed Attack","damage_taken":0,"max_hp_gain":0,"max_hp_loss":0,"event_name":"Falling","floor":45,"gold_loss":0},{"damage_healed":0,"gold_gain":0,"player_choice":"Ignored","damage_taken":0,"max_hp_gain":0,"max_hp_loss":0,"event_name":"Mysterious Sphere","floor":48,"gold_loss":0}],"is_beta":false,"boss_relics":[{"not_picked":["White Beast Statue","Eternal Feather"],"picked":"Black Star"},{"not_picked":["Snecko Eye","Runic Pyramid"],"picked":"Coffee Dripper"}],"items_purged_floors":[4,10],"is_endless":false,"potions_floor_spawned":[8,11,12,19,24,28,29,42,46,47],"ascension_level":1}