{"gold_per_floor":[365,20,32,52,70,102,117,144,199,11,26,26,26,99,99,199,199,210,226,226,226,151,184,184,201,272,4,53,53,64,138,138,233,233,245,255,273,27,45,45,63,338,390,390,425,425,450,450,450,450],"floor_reached":51,"playtime":2611,"items_purged":[],"score":860,"play_id":"8f06cf71-b1df-49fd-b0b2-856bb5cf627f","local_time":"20181122002042","is_ascension_mode":false,"campfire_choices":[{"floor":12,"key":"REST"},{"floor":15,"key":"REST"},{"floor":24,"key":"REST"},{"data":"Barricade","floor":29,"key":"SMITH"},{"floor":32,"key":"REST"},{"floor":40,"key":"REST"},{"floor":46,"key":"REST"},{"floor":49,"key":"REST"}],"neow_cost":"TEN_PERCENT_HP_LOSS","seed_source_timestamp":1242179329437300,"circlet_count":0,"master_deck":["Strike_R","Strike_R","Defend_R","Defend_R","Defend_R","Defend_R","Bash","Battle Trance","Shrug It Off","Seeing Red","Thunderclap","True Grit","Fiend Fire+1","Spot Weakness","Rage","Shrug It Off","Warcry","Pommel Strike","Shrug It Off","Barricade+1","Shockwave+1","Shrug It Off","Cleave","Rage","Combust","Metallicize+1","Shrug It Off","Metallicize+1","Offering","Demon Form+1","Shrug It Off","Rage","Immolate","Rupture+1","Thunderclap","Clothesline","Flex","Flex+1","Pommel Strike+1","Rupture+1","Regret","Writhe","Entrench+1","Dropkick+1","Fire Breathing+1","Clash","Combust+1"],"relics":["Burning Blood","Bronze Scales","Dream Catcher","FossilizedHelix","Pen Nib","Tiny Chest","Vajra","Velvet Choker","Boot","Frozen Egg 2","Red Skull","Juzu Bracelet","Meat on the Bone","Philosopher\u0027s Stone","Happy Flower","Bag of Marbles","Mummified Hand"],"potions_floor_usage":[6,6,7,23,23,25,25,35,37,39,39,47,50,50],"damage_taken":[{"damage":10,"enemies":"Cultist","floor":1,"turns":4},{"damage":0,"enemies":"2 Louse","floor":3,"turns":2},{"damage":4,"enemies":"Small Slimes","floor":4,"turns":4},{"damage":18,"enemies":"2 Fungi Beasts","floor":5,"turns":4},{"damage":21,"enemies":"3 Sentries","floor":6,"turns":9},{"damage":0,"enemies":"Looter","floor":7,"turns":2},{"damage":30,"enemies":"Lagavulin","floor":8,"turns":9},{"damage":0,"enemies":"Exordium Wildlife","floor":11,"turns":4},{"damage":56,"enemies":"Hexaghost","floor":16,"turns":10},{"damage":2,"enemies":"Spheric Guardian","floor":18,"turns":4},{"damage":2,"enemies":"Shell Parasite","floor":19,"turns":4},{"damage":42,"enemies":"Slavers","floor":23,"turns":5},{"damage":6,"enemies":"Centurion and Healer","floor":25,"turns":5},{"damage":22,"enemies":"Snake Plant","floor":30,"turns":4},{"damage":20,"enemies":"Champ","floor":33,"turns":15},{"damage":16,"enemies":"3 Shapes","floor":35,"turns":4},{"damage":0,"enemies":"Orb Walker","floor":36,"turns":4},{"damage":48,"enemies":"Transient","floor":37,"turns":5},{"damage":3,"enemies":"Maw","floor":39,"turns":5},{"damage":11,"enemies":"Sphere and 2 Shapes","floor":41,"turns":3},{"damage":51,"enemies":"Giant Head","floor":45,"turns":10},{"damage":37,"enemies":"Reptomancer","floor":47,"turns":5},{"damage":63,"enemies":"Donu and Deca","floor":50,"turns":8}],"seed_played":"-5920925416208571547","potions_obtained":[{"floor":4,"key":"Weak Potion"},{"floor":5,"key":"Energy Potion"},{"floor":6,"key":"LiquidBronze"},{"floor":16,"key":"Regen Potion"},{"floor":18,"key":"PowerPotion"},{"floor":23,"key":"EntropicBrew"},{"floor":25,"key":"FearPotion"},{"floor":36,"key":"PowerPotion"},{"floor":41,"key":"Dexterity Potion"},{"floor":45,"key":"PowerPotion"}],"is_trial":false,"path_per_floor":["M","$","M","M","M","E","M","E","T","$","M","R","?","?","R","B",null,"M","M","?","?","?","E","R","M","T","$","T","R","M","T","R","B",null,"M","M","M","$","M","R","M","?","T","?","E","R","E","?","R","B",null],"character_chosen":"IRONCLAD","items_purchased":["Bronze Scales","Dream Catcher","Shrug It Off","Vajra","Shrug It Off","Red Skull","Metallicize+1","Shrug It Off","Rupture+1","Thunderclap","Clothesline","AttackPotion","Flex"],"campfire_rested":7,"item_purchase_floors":[2,2,2,10,10,27,27,27,38,38,38,38,38],"current_hp_per_floor":[68,68,72,72,60,45,51,27,27,27,33,54,54,54,72,22,72,72,72,72,59,59,37,60,60,60,60,60,60,44,44,67,53,77,67,73,43,43,46,69,64,64,64,77,44,67,48,48,71,26],"gold":450,"neow_bonus":"TWO_FIFTY_GOLD","is_prod":false,"is_daily":false,"chose_seed":false,"campfire_upgraded":1,"win_rate":0.0,"timestamp":1542874842,"path_taken":["M","$","?","M","M","E","M","E","T","?","M","R","?","?","R","BOSS","M","M","?","?","?","E","R","?","T","$","?","R","M","?","R","BOSS","M","M","M","$","M","R","M","?","T","?","E","R","E","?","R","BOSS"],"build_version":"2018-11-15","purchased_purges":0,"victory":true,"max_hp_per_floor":[72,72,72,72,72,72,72,72,72,72,72,72,72,72,72,72,72,72,72,72,77,77,77,77,77,77,77,77,77,77,77,77,77,77,77,77,77,77,77,77,77,77,77,77,77,77,77,77,77,77],"card_choices":[{"not_picked":["Twin Strike","Rampage"],"picked":"Battle Trance","floor":1},{"not_picked":["Corruption","Iron Wave"],"picked":"Seeing Red","floor":3},{"not_picked":["Perfected Strike","Body Slam"],"picked":"Thunderclap","floor":4},{"not_picked":["Evolve","Burning Pact"],"picked":"True Grit","floor":5},{"not_picked":["Rampage","Warcry"],"picked":"Fiend Fire","floor":6},{"not_picked":["Pommel Strike","Armaments"],"picked":"Spot Weakness","floor":7},{"not_picked":["Anger","Thunderclap"],"picked":"Rage","floor":8},{"not_picked":["Pummel","True Grit"],"picked":"Warcry","floor":11},{"not_picked":["Second Wind","Wild Strike"],"picked":"Pommel Strike","floor":12},{"not_picked":["Armaments","Body Slam"],"picked":"Shrug It Off","floor":15},{"not_picked":["Limit Break","Brutality"],"picked":"Barricade","floor":16},{"not_picked":["Power Through","Spot Weakness"],"picked":"Shockwave+1","floor":18},{"not_picked":["Wild Strike","True Grit"],"picked":"Shrug It Off","floor":19},{"not_picked":["Searing Blow+1","Wild Strike"],"picked":"Cleave","floor":23},{"not_picked":["Anger+1","Warcry"],"picked":"Rage","floor":24},{"not_picked":["Anger","Seeing Red"],"picked":"Combust","floor":25},{"not_picked":["Burning Pact+1","Armaments"],"picked":"Metallicize+1","floor":30},{"not_picked":["Disarm","Shockwave"],"picked":"Offering","floor":32},{"not_picked":["Offering","Feed"],"picked":"Demon Form+1","floor":33},{"not_picked":["Battle Trance","Heavy Blade"],"picked":"Shrug It Off","floor":35},{"not_picked":["Anger+1","Blood for Blood"],"picked":"Rage","floor":36},{"not_picked":["Carnage+1","Pommel Strike"],"picked":"Immolate","floor":37},{"not_picked":["Armaments","Twin Strike+1"],"picked":"Flex+1","floor":39},{"not_picked":["Second Wind","Wild Strike+1"],"picked":"Pommel Strike+1","floor":40},{"not_picked":["Inflame+1","Pommel Strike"],"picked":"Rupture+1","floor":41},{"not_picked":["Spot Weakness","Dropkick"],"picked":"Entrench+1","floor":45},{"not_picked":["Flame Barrier","Armaments"],"picked":"Dropkick+1","floor":46},{"not_picked":["Reaper","Thunderclap"],"picked":"Fire Breathing+1","floor":47},{"not_picked":["Rampage","Headbutt"],"picked":"Combust+1","floor":49}],"player_experience":111623,"relics_obtained":[{"floor":6,"key":"FossilizedHelix"},{"floor":8,"key":"Pen Nib"},{"floor":9,"key":"Tiny Chest"},{"floor":23,"key":"Boot"},{"floor":26,"key":"Frozen Egg 2"},{"floor":28,"key":"Juzu Bracelet"},{"floor":31,"key":"Meat on the Bone"},{"floor":43,"key":"Happy Flower"},{"floor":45,"key":"Bag of Marbles"},{"floor":47,"key":"Mummified Hand"}],"event_choices":[{"damage_healed":0,"gold_gain":0,"player_choice":"Grow","damage_taken":0,"max_hp_gain":0,"max_hp_loss":0,"event_name":"Living Wall","floor":13,"gold_loss":0,"cards_upgraded":["Fiend Fire"]},{"damage_healed":0,"gold_gain":73,"player_choice":"Gained Gold","damage_taken":0,"max_hp_gain":0,"max_hp_loss":0,"event_name":"Golden Wing","floor":14,"gold_loss":0},{"cards_removed":["Strike_R"],"damage_healed":0,"gold_gain":0,"player_choice":"Elegance","damage_taken":0,"max_hp_gain":0,"max_hp_loss":0,"event_name":"Back to Basics","floor":20,"gold_loss":0},{"damage_healed":0,"gold_gain":0,"player_choice":"Shed Blood","damage_taken":18,"max_hp_gain":5,"max_hp_loss":0,"event_name":"Forgotten Altar","floor":21,"gold_loss":0},{"cards_removed":["Strike_R"],"damage_healed":0,"gold_gain":0,"player_choice":"Gave Gold","damage_taken":0,"max_hp_gain":0,"max_hp_loss":0,"event_name":"Beggar","floor":22,"gold_loss":75},{"damage_healed":0,"gold_gain":275,"player_choice":"Desecrate","damage_taken":0,"max_hp_gain":0,"max_hp_loss":0,"event_name":"Golden Shrine","floor":42,"gold_loss":0,"cards_obtained":["Regret"]},{"damage_healed":19,"gold_gain":0,"player_choice":"Writhe","damage_taken":0,"max_hp_gain":0,"max_hp_loss":0,"event_name":"Winding Halls","floor":44,"gold_loss":0,"cards_obtained":["Writhe"]},{"damage_healed":0,"gold_gain":0,"cards_transformed":["Strike_R"],"player_choice":"Transformed","damage_taken":0,"max_hp_gain":0,"max_hp_loss":0,"event_name":"Transmorgrifier","floor":48,"gold_loss":0,"cards_obtained":["Clash"]}],"is_beta":false,"boss_relics":[{"not_picked":["Ectoplasm","White Beast Statue"],"picked":"Velvet Choker"},{"not_picked":["Runic Dome","Orrery"],"picked":"Philosopher\u0027s Stone"}],"items_purged_floors":[],"is_endless":false,"potions_floor_spawned":[4,5,6,16,18,23,25,33,36,41,45],"ascension_level":0}