{"gold_per_floor":[119,138,69,144,161,161,161,178,178,190,202,289,301,344,356,472,484,515,507,537,564,201,201,234,234,234,246,246,246,281,380,380,485,485,499,548,548,559,89,89,106,106,132,146,96,96,96,119,119,119],"floor_reached":51,"playtime":1872,"items_purged":["Strike_R","Strike_R","Strike_R"],"score":754,"play_id":"d41fe2ae-6101-4193-8333-4b857aca4ed7","local_time":"20190116105220","is_ascension_mode":false,"campfire_choices":[{"data":"Anger","floor":6,"key":"SMITH"},{"data":"Twin Strike","floor":10,"key":"SMITH"},{"data":"Inflame","floor":13,"key":"SMITH"},{"data":"Twin Strike","floor":15,"key":"SMITH"},{"data":"Seeing Red","floor":23,"key":"SMITH"},{"data":"Metallicize","floor":25,"key":"SMITH"},{"floor":32,"key":"REST"},{"data":"True Grit","floor":40,"key":"SMITH"},{"data":"Limit Break","floor":42,"key":"SMITH"},{"floor":47,"key":"DIG"},{"floor":49,"key":"DIG"}],"neow_cost":"NONE","seed_source_timestamp":473673078270938,"circlet_count":0,"master_deck":["Strike_R","Defend_R","Defend_R","Defend_R","Defend_R","Bash","Inflame+1","Anger+1","Metallicize+1","Twin Strike+1","Twin Strike+1","Feed","Pummel","Seeing Red+1","Evolve+1","Inflame+1","Blood for Blood+1","Limit Break+1","Inflame+1","True Grit+1","Anger+1","Offering","Reaper","Anger+1","Flex"],"relics":["Burning Blood","NeowsBlessing","MawBank","Frozen Egg 2","Pocketwatch","Runic Pyramid","Tiny Chest","Boot","Gremlin Horn","Smiling Mask","Ice Cream","Coffee Dripper","Unceasing Top","Shovel","Brimstone","Regal Pillow","Anchor","Blood Vial","Letter Opener"],"potions_floor_usage":[16,21,22,24,30,50,50],"damage_taken":[{"damage":0,"enemies":"2 Louse","floor":1,"turns":1},{"damage":0,"enemies":"Small Slimes","floor":2,"turns":1},{"damage":0,"enemies":"Cultist","floor":5,"turns":2},{"damage":3,"enemies":"Red Slaver","floor":8,"turns":5},{"damage":17,"enemies":"Gremlin Nob","floor":14,"turns":4},{"damage":21,"enemies":"Hexaghost","floor":16,"turns":7},{"damage":0,"enemies":"Spheric Guardian","floor":18,"turns":3},{"damage":9,"enemies":"Shell Parasite","floor":20,"turns":4},{"damage":19,"enemies":"Centurion and Healer","floor":21,"turns":6},{"damage":27,"enemies":"Book of Stabbing","floor":24,"turns":4},{"damage":8,"enemies":"Cultist and Chosen","floor":27,"turns":6},{"damage":15,"enemies":"Gremlin Leader","floor":30,"turns":4},{"damage":49,"enemies":"Automaton","floor":33,"turns":8},{"damage":9,"enemies":"3 Shapes","floor":35,"turns":2},{"damage":19,"enemies":"2 Orb Walkers","floor":36,"turns":3},{"damage":41,"enemies":"3 Darklings","floor":38,"turns":4},{"damage":19,"enemies":"Spire Growth","floor":41,"turns":3},{"damage":56,"enemies":"Writhing Mass","floor":44,"turns":3},{"damage":63,"enemies":"Awakened One","floor":50,"turns":5}],"seed_played":"-7524160616475317688","potions_obtained":[{"floor":5,"key":"Ancient Potion"},{"floor":14,"key":"Dexterity Potion"},{"floor":19,"key":"Dexterity Potion"},{"floor":20,"key":"Strength Potion"},{"floor":24,"key":"Block Potion"},{"floor":35,"key":"Ancient Potion"},{"floor":38,"key":"SteroidPotion"}],"is_trial":false,"path_per_floor":["M","M","$","?","M","R","?","M","T","R","?","?","R","E","R","B",null,"M","?","M","M","$","R","E","R","T","M","?","?","E","?","R","B",null,"M","?","T","M","$","R","M","R","T","M","$","?","R","T","R","B",null],"character_chosen":"IRONCLAD","items_purchased":["Metallicize","Tiny Chest","Evolve+1","Fruit Juice","Brimstone","Offering","Reaper"],"campfire_rested":1,"item_purchase_floors":[3,22,22,22,39,39,39],"current_hp_per_floor":[80,80,80,69,75,75,75,78,78,78,66,58,58,47,47,32,80,83,83,83,73,78,78,60,60,60,61,61,61,55,55,85,45,106,103,93,93,58,58,58,70,70,70,37,37,101,101,101,101,52],"gold":119,"neow_bonus":"THREE_ENEMY_KILL","is_prod":false,"is_daily":false,"chose_seed":false,"campfire_upgraded":8,"win_rate":0,"timestamp":1547648540,"path_taken":["M","M","$","?","M","R","?","M","T","R","?","?","R","E","R","BOSS","M","?","?","M","$","R","E","R","T","M","?","?","E","?","R","BOSS","M","?","?","M","?","R","?","R","T","M","$","?","R","?","R","BOSS"],"build_version":"2019-01-10","purchased_purges":3,"victory":true,"max_hp_per_floor":[80,80,80,80,80,80,80,80,80,80,80,80,80,80,80,80,80,83,83,86,89,94,94,97,97,97,100,100,100,103,103,103,106,106,106,109,109,109,109,109,112,112,112,115,115,101,101,101,101,101],"card_choices":[{"not_picked":["Wild Strike","True Grit"],"picked":"Inflame","floor":1},{"not_picked":["Flex","Warcry"],"picked":"Anger","floor":2},{"not_picked":["True Grit","Dropkick","Disarm"],"picked":"SKIP","floor":5},{"not_picked":["Cleave","Dropkick"],"picked":"Twin Strike","floor":8},{"not_picked":["Berserk+1","Body Slam"],"picked":"Twin Strike","floor":14},{"not_picked":["Juggernaut+1","Limit Break"],"picked":"Feed","floor":16},{"not_picked":["Iron Wave","Anger","Dropkick"],"picked":"SKIP","floor":18},{"not_picked":["Sever Soul+1","Twin Strike+1"],"picked":"Pummel","floor":20},{"not_picked":["Shockwave","Warcry"],"picked":"Seeing Red","floor":21},{"not_picked":["Sentinel","Shrug It Off"],"picked":"Inflame+1","floor":24},{"not_picked":["Searing Blow","Clash+1"],"picked":"Blood for Blood+1","floor":27},{"not_picked":["Impervious","Corruption+1","Iron Wave"],"picked":"SKIP","floor":30},{"not_picked":["Impervious","Juggernaut+1"],"picked":"Limit Break","floor":33},{"not_picked":["Uppercut","Sword Boomerang"],"picked":"Inflame+1","floor":35},{"not_picked":["Wild Strike","Clash"],"picked":"True Grit","floor":36},{"not_picked":["Perfected Strike","Shrug It Off"],"picked":"Anger+1","floor":38},{"not_picked":["Disarm+1","Twin Strike"],"picked":"Anger+1","floor":41},{"not_picked":["Anger+1","Fire Breathing+1"],"picked":"Flex","floor":44}],"player_experience":168097,"relics_obtained":[{"floor":9,"key":"MawBank"},{"floor":14,"key":"Pocketwatch"},{"floor":24,"key":"Boot"},{"floor":26,"key":"Gremlin Horn"},{"floor":30,"key":"Ice Cream"},{"floor":36,"key":"Unceasing Top"},{"floor":37,"key":"Shovel"},{"floor":43,"key":"Regal Pillow"},{"floor":47,"key":"Anchor"},{"floor":48,"key":"Blood Vial"},{"floor":49,"key":"Letter Opener"}],"event_choices":[{"damage_healed":0,"gold_gain":75,"player_choice":"Gather Gold","damage_taken":11,"max_hp_gain":0,"max_hp_loss":0,"event_name":"World of Goop","floor":4,"gold_loss":0},{"cards_removed":["Strike_R"],"damage_healed":0,"gold_gain":0,"player_choice":"Forget","damage_taken":0,"max_hp_gain":0,"max_hp_loss":0,"event_name":"Living Wall","floor":7,"gold_loss":0},{"damage_healed":0,"gold_gain":0,"player_choice":"Success","damage_taken":12,"relics_obtained":["Frozen Egg 2"],"max_hp_gain":0,"max_hp_loss":0,"event_name":"Scrap Ooze","floor":11,"gold_loss":0},{"damage_healed":0,"gold_gain":75,"player_choice":"Touch","damage_taken":8,"max_hp_gain":0,"max_hp_loss":0,"event_name":"FaceTrader","floor":12,"gold_loss":0},{"damage_healed":0,"gold_gain":0,"player_choice":"Bought 1 Potion","damage_taken":0,"max_hp_gain":0,"max_hp_loss":0,"event_name":"The Woman in Blue","floor":19,"gold_loss":0},{"damage_healed":0,"gold_gain":0,"player_choice":"Opened","damage_taken":0,"relics_obtained":["Smiling Mask"],"max_hp_gain":0,"max_hp_loss":0,"event_name":"The Mausoleum","floor":28,"gold_loss":0},{"damage_healed":0,"gold_gain":0,"player_choice":"Ignored","damage_taken":0,"max_hp_gain":0,"max_hp_loss":0,"event_name":"Ghosts","floor":29,"gold_loss":0},{"damage_healed":0,"gold_gain":99,"player_choice":"Stole From Cult","damage_taken":0,"max_hp_gain":0,"max_hp_loss":0,"event_name":"Nest","floor":31,"gold_loss":0},{"damage_healed":0,"gold_gain":0,"player_choice":"Fight","damage_taken":0,"max_hp_gain":0,"max_hp_loss":0,"event_name":"Mysterious Sphere","floor":36,"gold_loss":0},{"damage_healed":101,"gold_gain":0,"player_choice":"Heal","damage_taken":0,"max_hp_gain":0,"max_hp_loss":14,"event_name":"The Moai Head","floor":46,"gold_loss":0}],"is_beta":false,"boss_relics":[{"not_picked":["Tiny House","Ectoplasm"],"picked":"Runic Pyramid"},{"not_picked":["Astrolabe","Fusion Hammer"],"picked":"Coffee Dripper"}],"items_purged_floors":[22,39,45],"is_endless":false,"potions_floor_spawned":[5,14,20,24,35,38,44],"ascension_level":0}