{"gold_per_floor":[113,130,130,80,96,126,126,158,158,169,169,169,185,199,199,199],"floor_reached":16,"playtime":557,"items_purged":[],"score":185,"play_id":"49d16cef-18dd-41aa-adbf-918747a36d8b","local_time":"20190202131258","is_ascension_mode":true,"campfire_choices":[{"data":"Whirlwind","floor":7,"key":"SMITH"},{"data":"Rage","floor":11,"key":"SMITH"},{"data":"Pommel Strike","floor":15,"key":"SMITH"}],"neow_cost":"NONE","seed_source_timestamp":163993546853700,"circlet_count":0,"master_deck":["AscendersBane","Strike_R","Strike_R","Strike_R","Strike_R","Defend_R","Defend_R","Defend_R","Defend_R","Bash+1","Cleave","Whirlwind+1","Shrug It Off","Pommel Strike+1","Rage+1","Limit Break","Headbutt"],"relics":["Burning Blood","Happy Flower","Frozen Egg 2","Ornamental Fan","Darkstone Periapt"],"potions_floor_usage":[6,16],"damage_taken":[{"damage":10,"enemies":"2 Louse","floor":1,"turns":3},{"damage":14,"enemies":"Jaw Worm","floor":2,"turns":3},{"damage":6,"enemies":"Cultist","floor":5,"turns":3},{"damage":32,"enemies":"3 Sentries","floor":6,"turns":6},{"damage":16,"enemies":"Gremlin Nob","floor":8,"turns":3},{"damage":0,"enemies":"Red Slaver","floor":10,"turns":3},{"damage":6,"enemies":"Exordium Thugs","floor":13,"turns":4},{"damage":0,"enemies":"Large Slime","floor":14,"turns":4},{"damage":48,"enemies":"Hexaghost","floor":16,"turns":9}],"seed_played":"-3975694169132029304","potions_obtained":[{"floor":2,"key":"SkillPotion"},{"floor":5,"key":"Regen Potion"},{"floor":6,"key":"SmokeBomb"},{"floor":13,"key":"Fire Potion"}],"is_trial":false,"path_per_floor":["M","M","?","?","M","E","R","E","T","M","R","?","M","M","R","B"],"character_chosen":"IRONCLAD","items_purchased":[],"campfire_rested":0,"item_purchase_floors":[],"current_hp_per_floor":[76,68,68,68,68,57,57,47,47,53,53,41,41,47,47,0],"gold":199,"neow_bonus":"TEN_PERCENT_HP_BONUS","is_prod":false,"is_daily":false,"chose_seed":false,"campfire_upgraded":3,"win_rate":0,"timestamp":1549113178,"path_taken":["M","M","?","?","M","E","R","E","T","M","R","?","M","M","R","BOSS"],"build_version":"2019-01-23","purchased_purges":0,"victory":false,"max_hp_per_floor":[88,88,88,88,88,88,88,88,88,88,88,88,88,88,88,88],"card_choices":[{"not_picked":["Thunderclap","Heavy Blade"],"picked":"Cleave","floor":1},{"not_picked":["Sever Soul","Thunderclap"],"picked":"Whirlwind","floor":2},{"not_picked":["Bloodletting","Sword Boomerang"],"picked":"Shrug It Off","floor":5},{"not_picked":["Wild Strike","Clash"],"picked":"Pommel Strike","floor":6},{"not_picked":["Perfected Strike","Sword Boomerang"],"picked":"Rage","floor":8},{"not_picked":["Burning Pact","True Grit"],"picked":"Limit Break","floor":10},{"not_picked":["Flex","Sword Boomerang"],"picked":"Headbutt","floor":13},{"not_picked":["Clash","Twin Strike","Cleave"],"picked":"SKIP","floor":14}],"player_experience":207041,"relics_obtained":[{"floor":6,"key":"Happy Flower"},{"floor":8,"key":"Frozen Egg 2"},{"floor":9,"key":"Ornamental Fan"}],"event_choices":[{"damage_healed":0,"gold_gain":0,"player_choice":"Grow","damage_taken":0,"max_hp_gain":0,"max_hp_loss":0,"event_name":"Living Wall","floor":3,"gold_loss":0,"cards_upgraded":["Bash"]},{"cards_removed":["Strike_R"],"damage_healed":0,"gold_gain":0,"player_choice":"Card Removal","damage_taken":0,"max_hp_gain":0,"max_hp_loss":0,"event_name":"The Cleric","floor":4,"gold_loss":50},{"damage_healed":0,"gold_gain":0,"player_choice":"Success","damage_taken":12,"relics_obtained":["Darkstone Periapt"],"max_hp_gain":0,"max_hp_loss":0,"event_name":"Scrap Ooze","floor":12,"gold_loss":0}],"is_beta":false,"boss_relics":[],"items_purged_floors":[],"is_endless":false,"potions_floor_spawned":[2,5,6,13],"killed_by":"Hexaghost","ascension_level":13}