{"gold_per_floor":[211,211,211,281,292,324,337,347,347,95,110,110,173,89,89,187,187,199,209,209,225,237,272,292,292,315,315,365,400,400,413,413,508,508,523,541,561,611,661,688,784,802,802,952,962,962,992,1004,1004,1004],"floor_reached":50,"playtime":3405,"items_purged":["Strike_G","Strike_G"],"score":631,"play_id":"ead2fe75-ec27-4c3b-8152-fad6afdee69a","local_time":"20190128144216","is_ascension_mode":false,"campfire_choices":[{"floor":12.0,"key":"REST"},{"floor":15.0,"key":"REST"},{"floor":25.0,"key":"REST"},{"data":"Catalyst","floor":27.0,"key":"SMITH"},{"data":"Catalyst","floor":30.0,"key":"SMITH"},{"floor":32.0,"key":"REST"},{"floor":46.0,"key":"REST"},{"floor":49.0,"key":"REST"}],"neow_cost":"NONE","seed_source_timestamp":57164073435604,"circlet_count":0,"master_deck":["Defend_G","Defend_G","Defend_G","Defend_G","Defend_G+1","Survivor","Neutralize","Crippling Poison","Catalyst+1","Bouncing Flask+1","Catalyst+1","Well Laid Plans","Slice","Calculated Gamble","Noxious Fumes","Catalyst+1","Regret","Infinite Blades","Wraith Form v2","Adrenaline","Well Laid Plans+1","Backstab+1","Trip","Noxious Fumes+1","Prepared+1"],"special_seed":0,"relics":["Ring of the Snake","SsserpentHead","Gremlin Horn","Smiling Mask","TwistedFunnel","Tiny Chest","Cursed Key","Question Card","Omamori","Bottled Flame","Sozu","Oddly Smooth Stone","War Paint","Regal Pillow","Nunchaku","Ninja Scroll"],"potions_floor_usage":[],"damage_taken":[{"damage":0.0,"enemies":"Jaw Worm","floor":1.0,"turns":6.0},{"damage":2.0,"enemies":"2 Louse","floor":4.0,"turns":4.0},{"damage":5.0,"enemies":"Cultist","floor":5.0,"turns":8.0},{"damage":31.0,"enemies":"Gremlin Nob","floor":6.0,"turns":4.0},{"damage":7.0,"enemies":"Exordium Wildlife","floor":7.0,"turns":4.0},{"damage":1.0,"enemies":"Blue Slaver","floor":8.0,"turns":4.0},{"damage":0.0,"enemies":"2 Fungi Beasts","floor":11.0,"turns":3.0},{"damage":23.0,"enemies":"3 Sentries","floor":13.0,"turns":10.0},{"damage":22.0,"enemies":"Slime Boss","floor":16.0,"turns":11.0},{"damage":5.0,"enemies":"Shell Parasite","floor":18.0,"turns":4.0},{"damage":6.0,"enemies":"Chosen","floor":19.0,"turns":3.0},{"damage":17.0,"enemies":"Snecko","floor":21.0,"turns":4.0},{"damage":0.0,"enemies":"Sentry and Sphere","floor":22.0,"turns":4.0},{"damage":20.0,"enemies":"Slavers","floor":23.0,"turns":5.0},{"damage":10.0,"enemies":"Shelled Parasite and Fungi","floor":24.0,"turns":4.0},{"damage":3.0,"enemies":"Book of Stabbing","floor":29.0,"turns":3.0},{"damage":7.0,"enemies":"Cultist and Chosen","floor":31.0,"turns":5.0},{"damage":29.0,"enemies":"Automaton","floor":33.0,"turns":6.0},{"damage":3.0,"enemies":"Orb Walker","floor":35.0,"turns":3.0},{"damage":8.0,"enemies":"3 Darklings","floor":36.0,"turns":3.0},{"damage":4.0,"enemies":"4 Shapes","floor":37.0,"turns":4.0},{"damage":5.0,"enemies":"Giant Head","floor":40.0,"turns":3.0},{"damage":1.0,"enemies":"Transient","floor":42.0,"turns":5.0},{"damage":7.0,"enemies":"Mind Bloom Boss Battle","floor":44.0,"turns":5.0},{"damage":21.0,"enemies":"3 Darklings","floor":45.0,"turns":4.0},{"damage":1.0,"enemies":"Nemesis","floor":47.0,"turns":3.0},{"damage":9.0,"enemies":"Writhing Mass","floor":48.0,"turns":3.0},{"damage":86,"enemies":"Awakened One","floor":50,"turns":5}],"seed_played":"4652244298514043303","potions_obtained":[{"floor":4.0,"key":"EssenceOfSteel"},{"floor":6.0,"key":"Strength Potion"},{"floor":7.0,"key":"GhostInAJar"},{"floor":21.0,"key":"FairyPotion"},{"floor":23.0,"key":"Fire Potion"}],"is_trial":false,"path_per_floor":["M","?","?","M","M","E","M","M","T","$","M","R","E","$","R","B",null,"M","M","$","M","M","E","M","R","T","R","?","E","R","M","R","B",null,"M","M","M","?","?","E","T","M","T","?","M","R","E","M","R","B"],"character_chosen":"THE_SILENT","items_purchased":["TwistedFunnel","Noxious Fumes"],"campfire_rested":6,"item_purchase_floors":[10,14],"current_hp_per_floor":[70,70,70,68,63,32,25,24,24,24,24,45,22,22,43,21,70,65,59,59,42,42,22,12,33,33,33,33,30,30,23,44,15,70,67,59,55,55,55,50,50,49,49,42,21,57,56,47,70,0],"gold":1004,"neow_bonus":"HUNDRED_GOLD","is_prod":false,"is_daily":false,"chose_seed":false,"campfire_upgraded":2,"win_rate":0,"timestamp":1548708136,"path_taken":["M","?","?","?","M","E","M","M","T","$","M","R","E","$","R","BOSS","M","M","$","M","M","E","M","R","T","R","?","E","R","M","R","BOSS","M","M","M","?","?","E","?","M","T","?","M","R","E","M","R","BOSS"],"build_version":"2019-01-23","purchased_purges":2,"victory":false,"max_hp_per_floor":[70,70,70,70,70,70,70,70,70,70,70,70,70,70,70,70,70,70,70,70,70,70,70,70,70,70,70,70,70,70,70,70,70,70,70,70,70,70,70,70,70,70,70,70,70,70,70,70,70,70],"card_choices":[{"not_picked":["Sucker Punch","Poisoned Stab"],"picked":"Crippling Poison","floor":1.0},{"not_picked":["Dagger Throw","Slice"],"picked":"Catalyst","floor":4.0},{"not_picked":["Riddle With Holes","Sucker Punch"],"picked":"Bouncing Flask","floor":5.0},{"not_picked":["Sucker Punch","Bane"],"picked":"Catalyst","floor":6.0},{"not_picked":["Terror","Skewer","Quick Slash"],"picked":"SKIP","floor":7.0},{"not_picked":["Underhanded Strike","Dagger Throw"],"picked":"Well Laid Plans","floor":8.0},{"not_picked":["Skewer","Deadly Poison"],"picked":"Slice","floor":11.0},{"not_picked":["Escape Plan","Venomology"],"picked":"Calculated Gamble","floor":13.0},{"not_picked":["Acrobatics","PiercingWail+1","Accuracy"],"picked":"SKIP","floor":18.0},{"not_picked":["Bane","Acrobatics+1"],"picked":"Catalyst+1","floor":19.0},{"not_picked":["Underhanded Strike","PiercingWail","Quick Slash"],"picked":"SKIP","floor":21.0},{"not_picked":["Accuracy","Cloak And Dagger","Reflex"],"picked":"SKIP","floor":22.0},{"not_picked":["Dodge and Roll","Riddle With Holes","Concentrate+1"],"picked":"SKIP","floor":23.0},{"not_picked":["Backflip","Prepared","Outmaneuver","Quick Slash"],"picked":"SKIP","floor":24.0},{"not_picked":["Leg Sweep+1","Doppelganger","Skewer"],"picked":"Adrenaline","floor":29.0},{"not_picked":["Footwork+1","Dagger Spray","Tactician"],"picked":"Well Laid Plans+1","floor":31.0},{"not_picked":["Deflect+1","Eviscerate+1","Underhanded Strike"],"picked":"Backstab+1","floor":35.0},{"not_picked":["Heel Hook+1","Cloak And Dagger+1","Dagger Spray+1","Flying Knee"],"picked":"SKIP","floor":36.0},{"not_picked":["Prepared","Flying Knee+1","Blade Dance","Dagger Throw"],"picked":"SKIP","floor":37.0},{"not_picked":["Good Instincts","Madness","The Bomb"],"picked":"Trip","floor":39.0},{"not_picked":["Grand Finale","Distraction","All Out Attack+1"],"picked":"Noxious Fumes+1","floor":40.0},{"not_picked":["Endless Agony+1","Dash","Accuracy","Slice+1"],"picked":"SKIP","floor":42.0},{"not_picked":["Underhanded Strike+1","PiercingWail+1","Slice+1"],"picked":"Prepared+1","floor":44.0},{"not_picked":["Backflip","Prepared+1","A Thousand Cuts","Poisoned Stab+1"],"picked":"SKIP","floor":45.0},{"not_picked":["Dagger Throw","Tactician+1","PiercingWail+1","Envenom"],"picked":"SKIP","floor":47.0},{"not_picked":["Cloak And Dagger+1","Dagger Throw","Prepared","Concentrate+1"],"picked":"SKIP","floor":48.0}],"player_experience":211418,"relics_obtained":[{"floor":6.0,"key":"Gremlin Horn"},{"floor":9.0,"key":"Smiling Mask"},{"floor":13.0,"key":"Tiny Chest"},{"floor":23.0,"key":"Question Card"},{"floor":26.0,"key":"Omamori"},{"floor":29.0,"key":"Bottled Flame"},{"floor":40.0,"key":"Oddly Smooth Stone"},{"floor":41.0,"key":"War Paint"},{"floor":43.0,"key":"Regal Pillow"},{"floor":44.0,"key":"Nunchaku"},{"floor":47.0,"key":"Ninja Scroll"}],"event_choices":[{"cards_removed":["Strike_G"],"damage_healed":0.0,"max_hp_gain":0.0,"max_hp_loss":0.0,"gold_gain":0.0,"event_name":"Living Wall","player_choice":"Forget","floor":2.0,"gold_loss":0.0,"damage_taken":0.0},{"damage_healed":0.0,"max_hp_gain":0.0,"max_hp_loss":0.0,"gold_gain":0.0,"event_name":"FaceTrader","player_choice":"Trade","floor":3.0,"gold_loss":0.0,"damage_taken":0.0,"relics_obtained":["SsserpentHead"]},{"damage_healed":0.0,"max_hp_gain":0.0,"max_hp_loss":0.0,"gold_gain":0.0,"cards_transformed":["Strike_G","Strike_G"],"event_name":"Drug Dealer","player_choice":"Became Test Subject","floor":28.0,"gold_loss":0.0,"damage_taken":0.0,"cards_obtained":["Infinite Blades","Wraith Form v2"]},{"damage_healed":0.0,"max_hp_gain":0.0,"max_hp_loss":0.0,"gold_gain":0.0,"event_name":"Mysterious Sphere","player_choice":"Ignored","floor":38.0,"gold_loss":0.0,"damage_taken":0.0},{"damage_healed":0.0,"max_hp_gain":0.0,"max_hp_loss":0.0,"gold_gain":0.0,"event_name":"SensoryStone","player_choice":"Memory 1","floor":39.0,"gold_loss":0.0,"damage_taken":0.0},{"damage_healed":0.0,"max_hp_gain":0.0,"max_hp_loss":0.0,"gold_gain":0.0,"event_name":"MindBloom","player_choice":"Fight","floor":44.0,"gold_loss":0.0,"damage_taken":0.0}],"is_beta":false,"boss_relics":[{"not_picked":["Ring of the Serpent","Lizard Tail"],"picked":"Cursed Key"},{"not_picked":["HoveringKite","Pandora\u0027s Box"],"picked":"Sozu"}],"items_purged_floors":[10,14],"is_endless":false,"potions_floor_spawned":[4,6,7,13,21,23,24,35,36,42,45],"killed_by":"Awakened One","ascension_level":0}