{"gold_per_floor":[11,24,99,99,117,117,135,135,135,135,149,149,149],"floor_reached":13,"playtime":332,"items_purged":[],"score":138,"play_id":"ef63b7c7-3823-4f70-9607-bd5ee452fd07","local_time":"20190130171516","is_ascension_mode":true,"campfire_choices":[{"data":"Bash","floor":6,"key":"SMITH"},{"data":"Clothesline","floor":8,"key":"SMITH"},{"data":"Entrench","floor":10,"key":"SMITH"},{"data":"Metallicize","floor":12,"key":"SMITH"}],"neow_cost":"NO_GOLD","seed_source_timestamp":507094779459200,"circlet_count":0,"master_deck":["AscendersBane","Strike_R","Strike_R+1","Strike_R","Strike_R","Strike_R","Defend_R","Defend_R","Defend_R","Defend_R+1","Bash+1","Entrench+1","Clothesline+1","Metallicize+1","Cleave","Headbutt"],"relics":["Burning Blood","Du-Vu Doll"],"potions_floor_usage":[11],"damage_taken":[{"damage":7,"enemies":"Small Slimes","floor":1,"turns":4},{"damage":12,"enemies":"Jaw Worm","floor":2,"turns":2},{"damage":8,"enemies":"2 Louse","floor":5,"turns":2},{"damage":37,"enemies":"Exordium Thugs","floor":7,"turns":5},{"damage":0,"enemies":"Exordium Wildlife","floor":11,"turns":5},{"damage":28,"enemies":"Lots of Slimes","floor":13,"turns":2}],"seed_played":"-9050355911237173281","potions_obtained":[{"floor":5,"key":"Block Potion"}],"is_trial":false,"path_per_floor":["M","M","?","?","M","R","M","R","T","R","M","R","M"],"character_chosen":"IRONCLAD","items_purchased":[],"campfire_rested":0,"item_purchase_floors":[],"current_hp_per_floor":[87,81,70,51,49,49,18,18,18,18,24,24,0],"gold":149,"neow_bonus":"TWENTY_PERCENT_HP_BONUS","is_prod":false,"is_daily":false,"chose_seed":false,"campfire_upgraded":4,"win_rate":0,"timestamp":1548868516,"path_taken":["M","M","?","?","M","R","M","R","T","R","M","R","M"],"build_version":"2019-01-23","purchased_purges":0,"victory":false,"max_hp_per_floor":[96,96,96,96,96,96,96,96,96,96,96,96,96],"card_choices":[{"not_picked":["Heavy Blade","Havoc"],"picked":"Entrench","floor":1},{"not_picked":["Whirlwind","Burning Pact"],"picked":"Clothesline","floor":2},{"not_picked":["Clothesline","Infernal Blade"],"picked":"Metallicize","floor":5},{"not_picked":["Second Wind","Rage"],"picked":"Cleave","floor":7},{"not_picked":["Havoc","Perfected Strike"],"picked":"Headbutt","floor":11}],"player_experience":184627,"relics_obtained":[{"floor":9,"key":"Du-Vu Doll"}],"event_choices":[{"damage_healed":0,"gold_gain":75,"player_choice":"Gather Gold","damage_taken":11,"max_hp_gain":0,"max_hp_loss":0,"event_name":"World of Goop","floor":3,"gold_loss":0},{"damage_healed":0,"gold_gain":0,"player_choice":"Entered Light","damage_taken":19,"max_hp_gain":0,"max_hp_loss":0,"event_name":"Shining Light","floor":4,"gold_loss":0,"cards_upgraded":["Strike_R","Defend_R"]}],"is_beta":false,"boss_relics":[],"items_purged_floors":[],"is_endless":false,"potions_floor_spawned":[5],"killed_by":"Lots of Slimes","ascension_level":10}