{"gold_per_floor":[118,43,60,60,60,60,84,107,130,169,187,187,205,219,219,339,339,317,337,168,168],"floor_reached":21,"playtime":1025,"items_purged":["Strike_R","Strike_R"],"score":183,"play_id":"dae1d50f-d344-4d52-ad27-b42b8b387e26","local_time":"20180722211616","is_ascension_mode":false,"campfire_choices":[{"floor":6,"key":"REST"},{"data":"Rage","floor":12,"key":"SMITH"},{"floor":15,"key":"REST"}],"neow_cost":"NONE","seed_source_timestamp":640382087646294,"circlet_count":0,"master_deck":["Defend_R","Defend_R","Defend_R","Defend_R","Bash","Burning Pact+1","Anger+1","Shrug It Off","Fire Breathing","Rage+1","Flex","Brutality","Barricade","Battle Trance","Metallicize"],"relics":["Burning Blood","Golden Idol","Happy Flower","Red Skull","Empty Cage"],"potions_floor_usage":[21],"damage_taken":[{"damage":5,"enemies":"Small Slimes","floor":1,"turns":4},{"damage":6,"enemies":"Jaw Worm","floor":3,"turns":3},{"damage":1,"enemies":"Cultist","floor":7,"turns":4},{"damage":0,"enemies":"Red Slaver","floor":8,"turns":5},{"damage":21,"enemies":"Lagavulin","floor":10,"turns":5},{"damage":7,"enemies":"3 Louse","floor":11,"turns":4},{"damage":0,"enemies":"Blue Slaver","floor":13,"turns":4},{"damage":9,"enemies":"Lots of Slimes","floor":14,"turns":4},{"damage":58,"enemies":"Hexaghost","floor":16,"turns":11},{"damage":25,"enemies":"2 Thieves","floor":18,"turns":5},{"damage":26,"enemies":"Spheric Guardian","floor":19,"turns":6},{"damage":42,"enemies":"3 Cultists","floor":21,"turns":5}],"seed_played":"6594879780429377823","potions_obtained":[{"floor":7,"key":"Explosive Potion"},{"floor":10,"key":"FearPotion"},{"floor":13,"key":"LiquidBronze"},{"floor":16,"key":"Energy Potion"}],"is_trial":false,"path_per_floor":["M","$","M","?","?","R","M","M","T","E","M","R","M","M","R","B",null,"M","M","$"],"character_chosen":"IRONCLAD","items_purchased":["Metallicize"],"campfire_rested":2,"item_purchase_floors":[20],"current_hp_per_floor":[80,80,80,60,44,68,73,79,79,64,63,63,69,66,80,28,80,61,41,41,0],"gold":168,"neow_bonus":"TRANSFORM_CARD","is_prod":false,"is_daily":false,"chose_seed":false,"campfire_upgraded":1,"win_rate":0.0,"timestamp":1532265376,"path_taken":["M","$","M","?","?","R","M","M","T","E","M","R","M","M","R","BOSS","M","?","?","M"],"build_version":"2018-07-19v2","purchased_purges":2,"victory":false,"max_hp_per_floor":[80,80,80,80,80,80,80,80,80,80,80,80,80,80,80,80,80,80,80,80,80],"card_choices":[{"not_picked":["Flex","True Grit"],"picked":"Anger","floor":1},{"not_picked":["Clash","Rupture","Combust"],"picked":"SKIP","floor":3},{"not_picked":["Armaments","Sever Soul"],"picked":"Shrug It Off","floor":7},{"not_picked":["Clothesline","Searing Blow"],"picked":"Fire Breathing","floor":8},{"not_picked":["Headbutt","Clothesline"],"picked":"Rage","floor":10},{"not_picked":["Perfected Strike","Cleave"],"picked":"Flex","floor":11},{"not_picked":["Heavy Blade","Thunderclap"],"picked":"Brutality","floor":13},{"not_picked":["Dropkick","Sword Boomerang","Clash"],"picked":"SKIP","floor":14},{"not_picked":["Feed","Berserk"],"picked":"Barricade","floor":16},{"not_picked":["Heavy Blade","Burning Pact","Clothesline"],"picked":"SKIP","floor":18},{"not_picked":["Searing Blow","Intimidate"],"picked":"Battle Trance","floor":19}],"player_experience":56551,"relics_obtained":[{"floor":9,"key":"Happy Flower"},{"floor":10,"key":"Red Skull"}],"event_choices":[{"event_name":"Golden Idol","player_choice":"Take Damage","floor":4,"damage_taken":0},{"event_name":"Shining Light","player_choice":"Entered Light","floor":5,"damage_taken":0}],"is_beta":false,"boss_relics":[{"not_picked":["Cursed Key","Coffee Dripper"],"picked":"Empty Cage"}],"items_purged_floors":[2,20],"is_endless":false,"potions_floor_spawned":[7,10,13,16,19],"killed_by":"3 Cultists","ascension_level":0}