{"gold_per_floor":[118,118,118,43,118,118,137,156,156,170,170,185,185,34,34,34],"floor_reached":16,"playtime":316,"items_purged":["Regret"],"score":90,"play_id":"56eee5c4-8b3d-4059-97c2-0e58b91bc540","local_time":"20190127122143","is_ascension_mode":false,"campfire_choices":[{"data":"Biased Cognition","floor":6,"key":"SMITH"},{"floor":11,"key":"REST"},{"data":"Zap","floor":13,"key":"SMITH"},{"data":"Heatsinks","floor":15,"key":"SMITH"}],"neow_cost":"TEN_PERCENT_HP_LOSS","seed_source_timestamp":672074020839497,"circlet_count":0,"master_deck":["Strike_B","Strike_B","Strike_B","Strike_B","Defend_B","Defend_B","Defend_B","Defend_B","Zap+1","Dualcast","Biased Cognition+1","Heatsinks+1"],"relics":["Cracked Core","Kunai","Singing Bowl","Bronze Scales"],"potions_floor_usage":[],"damage_taken":[{"damage":6,"enemies":"Jaw Worm","floor":1,"turns":2},{"damage":5,"enemies":"2 Louse","floor":7,"turns":3},{"damage":0,"enemies":"Small Slimes","floor":8,"turns":3},{"damage":7,"enemies":"Blue Slaver","floor":10,"turns":3},{"damage":2,"enemies":"3 Louse","floor":12,"turns":4},{"damage":35,"enemies":"Hexaghost","floor":16,"turns":10}],"seed_played":"8124137742147649357","potions_obtained":[{"floor":8,"key":"Ancient Potion"}],"is_trial":false,"path_per_floor":["M","?","?","$","?","R","M","M","T","M","R","M","R","$","R","B"],"character_chosen":"DEFECT","items_purchased":["Bronze Scales"],"campfire_rested":1,"item_purchase_floors":[14],"current_hp_per_floor":[62,62,44,44,33,33,28,30,30,25,46,46,46,46,46,11],"gold":34,"neow_bonus":"THREE_RARE_CARDS","is_prod":false,"is_daily":false,"chose_seed":false,"campfire_upgraded":3,"win_rate":0,"timestamp":1548604303,"path_taken":["M","?","?","$","?","R","M","M","T","M","R","?","R","$","R","BOSS"],"build_version":"2019-01-23","purchased_purges":1,"victory":false,"max_hp_per_floor":[68,68,68,68,68,68,68,70,70,72,72,74,74,74,74,74],"card_choices":[{"not_picked":["Fission","Buffer"],"picked":"Biased Cognition","floor":0},{"not_picked":["Leap","Gash","Barrage"],"picked":"SKIP","floor":1},{"not_picked":["Barrage","Beam Cell"],"picked":"Heatsinks","floor":7},{"not_picked":["Ball Lightning","Hologram","Rebound"],"picked":"Singing Bowl","floor":8},{"not_picked":["Streamline","Doom and Gloom","Rebound"],"picked":"Singing Bowl","floor":10},{"not_picked":["Cold Snap","Rebound","Melter"],"picked":"Singing Bowl","floor":12}],"player_experience":244255,"relics_obtained":[],"event_choices":[{"damage_healed":0,"gold_gain":0,"player_choice":"Box","damage_taken":0,"relics_obtained":["Kunai"],"max_hp_gain":0,"max_hp_loss":0,"event_name":"Big Fish","floor":2,"gold_loss":0,"cards_obtained":["Regret"]},{"damage_healed":0,"gold_gain":0,"player_choice":"Success","damage_taken":18,"relics_obtained":["Singing Bowl"],"max_hp_gain":0,"max_hp_loss":0,"event_name":"Scrap Ooze","floor":3,"gold_loss":0},{"damage_healed":0,"gold_gain":75,"player_choice":"Gather Gold","damage_taken":11,"max_hp_gain":0,"max_hp_loss":0,"event_name":"World of Goop","floor":5,"gold_loss":0}],"is_beta":false,"boss_relics":[],"items_purged_floors":[4],"is_endless":false,"potions_floor_spawned":[8],"killed_by":"Hexaghost","ascension_level":0}