{"gold_per_floor":[114,114,114,114,127,127,50,94,94,130,151,151,184,212,224,360,372,404,167,181,201,4,47,72,72,150,163,203,6,50,2,2,128,128,142,160,183,12,30,69,69,109,186,27,27,360,360,63,63,63,63,63,14,49,49],"floor_reached":55,"playtime":1836,"items_purged":["Writhe"],"score":1056,"play_id":"315c8d4f-c1f4-430b-ae4d-b3db380909ae","local_time":"20181218005514","is_ascension_mode":true,"campfire_choices":[{"data":"Bash","floor":6.0,"key":"SMITH"},{"floor":15.0,"key":"REST"},{"floor":25.0,"key":"REST"},{"floor":32.0,"key":"REST"},{"floor":41.0,"key":"REST"},{"floor":47.0,"key":"REST"},{"floor":49.0,"key":"RECALL"},{"data":"Demon Form","floor":52,"key":"SMITH"}],"neow_cost":"NONE","seed_source_timestamp":0,"circlet_count":0,"master_deck":["Strike_R","Strike_R","Strike_R","Defend_R","Defend_R","Defend_R","Defend_R","Bash+1","Cleave","Armaments","Heavy Blade","Pommel Strike","Flame Barrier","Inflame","Carnage","Twin Strike","Demon Form+1","Inflame+1","Flex","Flex","Flex+1","Shrug It Off","Pommel Strike","Sever Soul+1","Heavy Blade+1","Seeing Red+1","Clash+1","Double Tap","Clash+1","Thunderclap+1","Twin Strike+1","Ghostly Armor","Uppercut+1","Intimidate+1","Uppercut+1","Clash+1","Flex","Clash+1","Shrug It Off","Power Through+1"],"special_seed":0,"relics":["Burning Blood","NeowsBlessing","Pantograph","Mummified Hand","Self Forming Clay","PreservedInsect","Orichalcum","MawBank","Philosopher\u0027s Stone","Brimstone","Juzu Bracelet","Calipers","Molten Egg 2","Dodecahedron","Bag of Marbles","Charon\u0027s Ashes","Empty Cage","Incense Burner","Sundial","Blue Candle","Bronze Scales","Boot"],"potions_floor_usage":[50,50,50,55],"damage_taken":[{"damage":0.0,"enemies":"Small Slimes","floor":1.0,"turns":1.0},{"damage":0.0,"enemies":"Jaw Worm","floor":5.0,"turns":1.0},{"damage":0.0,"enemies":"Gremlin Nob","floor":8.0,"turns":1.0},{"damage":24.0,"enemies":"3 Sentries","floor":10.0,"turns":8.0},{"damage":1.0,"enemies":"Cultist","floor":11.0,"turns":3.0},{"damage":27.0,"enemies":"Lagavulin","floor":13.0,"turns":4.0},{"damage":2.0,"enemies":"Exordium Wildlife","floor":14.0,"turns":3.0},{"damage":39.0,"enemies":"The Guardian","floor":16.0,"turns":12.0},{"damage":2.0,"enemies":"Spheric Guardian","floor":18.0,"turns":3.0},{"damage":30.0,"enemies":"Shell Parasite","floor":20.0,"turns":4.0},{"damage":25.0,"enemies":"Snake Plant","floor":21.0,"turns":2.0},{"damage":6.0,"enemies":"Book of Stabbing","floor":23.0,"turns":2.0},{"damage":33.0,"enemies":"Shelled Parasite and Fungi","floor":24.0,"turns":3.0},{"damage":10.0,"enemies":"Cultist and Chosen","floor":27.0,"turns":4.0},{"damage":17.0,"enemies":"Gremlin Leader","floor":28.0,"turns":5.0},{"damage":4.0,"enemies":"Slavers","floor":30.0,"turns":3.0},{"damage":17.0,"enemies":"Champ","floor":33.0,"turns":4.0},{"damage":17.0,"enemies":"Orb Walker","floor":35.0,"turns":3.0},{"damage":22.0,"enemies":"3 Darklings","floor":36.0,"turns":5.0},{"damage":0.0,"enemies":"Transient","floor":37.0,"turns":5.0},{"damage":17.0,"enemies":"Maw","floor":39.0,"turns":5.0},{"damage":30.0,"enemies":"Reptomancer","floor":40.0,"turns":4.0},{"damage":6.0,"enemies":"Giant Head","floor":42.0,"turns":4.0},{"damage":7,"enemies":"Donu and Deca","floor":50,"turns":6},{"damage":40,"enemies":"Shield and Spear","floor":54,"turns":4},{"damage":85,"enemies":"The Heart","floor":55,"turns":5}],"seed_played":"7036098077634623565","potions_obtained":[{"floor":8.0,"key":"Block Potion"},{"floor":11.0,"key":"Ancient Potion"},{"floor":13.0,"key":"Energy Potion"},{"floor":18.0,"key":"Dexterity Potion"},{"floor":21.0,"key":"SkillPotion"},{"floor":24.0,"key":"FearPotion"},{"floor":36.0,"key":"Poison Potion"},{"floor":37.0,"key":"Weak Potion"},{"floor":40.0,"key":"Energy Potion"},{"floor":42.0,"key":"Dexterity Potion"}],"is_trial":false,"path_per_floor":["M","?","?","T","M","R","$","E","T","E","M","?","E","M","R","B",null,"M","$","M","M","$","E","M","R","T","M","E","$","E","$","R","B",null,"M","M","M","$","M","E","R","E","T","$","?","?","R","$","R","B",null,"R","$","E","B"],"character_chosen":"IRONCLAD","items_purchased":["Armaments","Heavy Blade","Brimstone","Flex","Shrug It Off","Juzu Bracelet","Bag of Marbles","Strength Potion","PowerPotion","Twin Strike+1","Ghostly Armor","Swift Potion","Block Potion","Clash+1","Flex","Bronze Scales","Clash+1","Shrug It Off","Dexterity Potion"],"campfire_rested":5,"item_purchase_floors":[7,7,19,19,22,22,29,29,31,38,38,38,44,44,44,48,48,48,53],"current_hp_per_floor":[80,68,48,48,54,54,54,60,60,42,47,47,26,30,54,46,80,80,80,56,37,37,37,10,34,34,30,19,19,21,21,45,59,80,69,53,59,59,48,24,48,48,48,48,68,68,80,80,80,79,80,80,80,46,0],"gold":49,"neow_bonus":"THREE_ENEMY_KILL","is_prod":false,"is_daily":false,"chose_seed":false,"campfire_upgraded":2,"win_rate":0,"timestamp":1545123314,"path_taken":["M","?","?","?","?","R","?","E","T","E","M","?","E","M","R","BOSS","M","$","M","?","$","E","M","R","T","M","E","?","E","$","R","BOSS","M","M","M","?","M","E","R","E","T","$","?","?","R","$","R","BOSS","R","$","E","BOSS"],"build_version":"2018-12-13","purchased_purges":1,"victory":false,"max_hp_per_floor":[80,80,80,80,80,80,80,80,80,80,80,80,80,80,80,80,80,80,80,80,80,80,80,80,80,80,80,80,80,80,80,80,80,80,80,80,80,80,80,80,80,80,80,80,80,80,80,80,80,80,80,80,80,80,80],"card_choices":[{"not_picked":["Perfected Strike","Armaments"],"picked":"Cleave","floor":1.0},{"not_picked":["Perfected Strike","Armaments"],"picked":"Cleave","floor":5.0},{"not_picked":["Evolve","Uppercut"],"picked":"Pommel Strike","floor":8.0},{"not_picked":["Rupture","Offering"],"picked":"Flame Barrier","floor":10.0},{"not_picked":["Evolve","Sword Boomerang"],"picked":"Inflame","floor":11.0},{"not_picked":["Searing Blow","Sentinel"],"picked":"Carnage","floor":13.0},{"not_picked":["Headbutt","Warcry"],"picked":"Twin Strike","floor":14.0},{"not_picked":["Immolate","Limit Break"],"picked":"Demon Form","floor":16.0},{"not_picked":["Havoc","Twin Strike"],"picked":"Inflame+1","floor":18.0},{"not_picked":["Anger","Pommel Strike"],"picked":"Flex","floor":20.0},{"not_picked":["Evolve","Feel No Pain"],"picked":"Flex+1","floor":21.0},{"not_picked":["Havoc","Burning Pact"],"picked":"Pommel Strike","floor":23.0},{"not_picked":["Reckless Charge","Warcry"],"picked":"Sever Soul+1","floor":24.0},{"not_picked":["Reaper+1","Havoc"],"picked":"Heavy Blade+1","floor":27.0},{"not_picked":["Searing Blow+1","Entrench+1"],"picked":"Seeing Red+1","floor":28.0},{"not_picked":["Cleave+1","Hemokinesis+1"],"picked":"Clash+1","floor":30.0},{"not_picked":["Limit Break","Impervious"],"picked":"Double Tap","floor":33.0},{"not_picked":["Entrench+1","Armaments+1"],"picked":"Clash+1","floor":35.0},{"not_picked":["Ghostly Armor+1","Pommel Strike+1"],"picked":"Thunderclap+1","floor":36.0},{"not_picked":["True Grit","Second Wind+1","Warcry"],"picked":"SKIP","floor":37.0},{"not_picked":["Second Wind","Cleave+1"],"picked":"Uppercut+1","floor":39.0},{"not_picked":["Wild Strike+1","Second Wind"],"picked":"Intimidate+1","floor":40.0},{"not_picked":["Iron Wave+1","Entrench"],"picked":"Uppercut+1","floor":42.0},{"not_picked":["Thunderclap+1","Berserk"],"picked":"Power Through+1","floor":54}],"player_experience":205508,"relics_obtained":[{"floor":8.0,"key":"Mummified Hand"},{"floor":9.0,"key":"Self Forming Clay"},{"floor":10.0,"key":"PreservedInsect"},{"floor":13.0,"key":"MawBank"},{"floor":23.0,"key":"Calipers"},{"floor":26.0,"key":"Molten Egg 2"},{"floor":28.0,"key":"Dodecahedron"},{"floor":30.0,"key":"Charon\u0027s Ashes"},{"floor":40.0,"key":"Incense Burner"},{"floor":42.0,"key":"Sundial"},{"floor":43.0,"key":"Blue Candle"},{"floor":54,"key":"Boot"}],"event_choices":[{"damage_healed":0.0,"max_hp_gain":0.0,"max_hp_loss":0.0,"gold_gain":0.0,"event_name":"Scrap Ooze","player_choice":"Success","floor":2.0,"gold_loss":0.0,"damage_taken":12.0,"relics_obtained":["Pantograph"]},{"damage_healed":0.0,"max_hp_gain":0.0,"max_hp_loss":0.0,"gold_gain":0.0,"event_name":"Golden Idol","player_choice":"Take Damage","floor":3.0,"gold_loss":0.0,"damage_taken":20.0,"relics_obtained":["Golden Idol"]},{"cards_removed":["Cleave"],"damage_healed":0.0,"max_hp_gain":0.0,"max_hp_loss":0.0,"gold_gain":0.0,"event_name":"WeMeetAgain","player_choice":"Gave Card","floor":12.0,"gold_loss":0.0,"damage_taken":0.0,"relics_obtained":["Orichalcum"]},{"damage_healed":20.0,"max_hp_gain":0.0,"max_hp_loss":0.0,"gold_gain":0.0,"event_name":"Winding Halls","player_choice":"Writhe","floor":45.0,"gold_loss":0.0,"damage_taken":0.0,"cards_obtained":["Writhe"]},{"damage_healed":0.0,"max_hp_gain":0.0,"max_hp_loss":0.0,"gold_gain":333.0,"event_name":"The Moai Head","player_choice":"Gave Idol","floor":46.0,"relics_lost":["Golden Idol"],"gold_loss":0.0,"damage_taken":0.0}],"is_beta":false,"boss_relics":[{"not_picked":["Pandora\u0027s Box","Eternal Feather"],"picked":"Philosopher\u0027s Stone"},{"not_picked":["Busted Crown","Fusion Hammer"],"picked":"Empty Cage"}],"items_purged_floors":[48],"is_endless":false,"potions_floor_spawned":[8,11,13,18,21,24,36,37,40,42],"killed_by":"The Heart","ascension_level":3}