{"gold_per_floor":[119,119,137,137,153,187,199,199,199,214,214,241,257,270,270,371,371,381,296,265,275,285,285,303,323,323,337,68,84,100,100],"floor_reached":31,"playtime":1759,"items_purged":["Feel No Pain"],"score":257,"play_id":"76d5875f-d800-4d81-b313-6ecdba68656c","local_time":"20180623211420","is_ascension_mode":false,"campfire_choices":[{"floor":11,"key":"REST"},{"floor":15,"key":"REST"},{"floor":23,"key":"REST"}],"neow_cost":"NONE","seed_source_timestamp":37082250363272,"circlet_count":0,"master_deck":["Strike_R","Strike_R","Strike_R","Strike_R","Strike_R","Defend_R","Defend_R","Defend_R","Bash","Clash","Armaments+1","Perfected Strike","Blood for Blood","Perfected Strike","Sever Soul","Double Tap","Blood for Blood","Demon Form","Heavy Blade","Body Slam+1","Power Through","Anger+1","Ghostly Armor","Reaper","Spot Weakness+1","Heavy Blade+1"],"relics":["Black Blood","Bag of Preparation","Darkstone Periapt","Thread and Needle","Mango","Ginger"],"potions_floor_usage":[12,16,21,25,27,31,31],"damage_taken":[{"damage":1,"enemies":"Jaw Worm","floor":1,"turns":4},{"damage":0,"enemies":"Small Slimes","floor":3,"turns":3},{"damage":0,"enemies":"2 Louse","floor":5,"turns":2},{"damage":45,"enemies":"Lagavulin","floor":6,"turns":6},{"damage":16,"enemies":"Lots of Slimes","floor":7,"turns":4},{"damage":0,"enemies":"2 Fungi Beasts","floor":10,"turns":2},{"damage":31,"enemies":"3 Sentries","floor":12,"turns":7},{"damage":0,"enemies":"Looter","floor":13,"turns":2},{"damage":3,"enemies":"Gremlin Gang","floor":14,"turns":5},{"damage":31,"enemies":"Slime Boss","floor":16,"turns":10},{"damage":23,"enemies":"Shell Parasite","floor":18,"turns":5},{"damage":25,"enemies":"2 Thieves","floor":20,"turns":5},{"damage":20,"enemies":"Snake Plant","floor":21,"turns":4},{"damage":26,"enemies":"Chosen and Byrds","floor":22,"turns":7},{"damage":8,"enemies":"Snecko","floor":24,"turns":4},{"damage":36,"enemies":"Slaver and Parasite","floor":25,"turns":4},{"damage":15,"enemies":"Cultist and Chosen","floor":27,"turns":5},{"damage":10,"enemies":"Chosen and Byrds","floor":29,"turns":6},{"damage":8,"enemies":"Snecko","floor":30,"turns":5},{"damage":63,"enemies":"Gremlin Leader","floor":31,"turns":5}],"seed_played":"6314098079540254824","potions_obtained":[{"floor":3,"key":"Swift Potion"},{"floor":7,"key":"SteroidPotion"},{"floor":10,"key":"Poison Potion"},{"floor":13,"key":"SteroidPotion"},{"floor":18,"key":"Fire Potion"},{"floor":22,"key":"Energy Potion"},{"floor":27,"key":"Fire Potion"}],"is_trial":false,"path_per_floor":["M","?","M","?","M","E","M","?","T","M","R","E","M","M","R","B",null,"M","?","M","M","M","R","M","M","T","M","$","M","M"],"character_chosen":"IRONCLAD","items_purchased":["Reaper","Block Potion"],"campfire_rested":3,"item_purchase_floors":[28,28],"current_hp_per_floor":[80,73,79,80,80,41,31,31,31,37,61,36,42,45,69,44,80,67,81,66,56,40,68,70,44,44,39,39,45,47,0],"gold":100,"neow_bonus":"THREE_CARDS","is_prod":false,"is_daily":false,"chose_seed":false,"campfire_upgraded":0,"win_rate":0.0,"timestamp":1529781260,"path_taken":["M","?","M","?","M","E","M","?","T","M","R","E","M","M","R","BOSS","M","?","M","M","?","R","M","M","T","?","$","M","M","E"],"build_version":"2018-06-21v2","purchased_purges":1,"victory":false,"max_hp_per_floor":[80,80,80,80,80,80,80,80,80,80,80,80,80,80,80,80,80,80,94,94,94,94,94,94,94,94,94,94,94,94,94],"card_choices":[{"not_picked":["Inflame","Clothesline"],"picked":"Clash","floor":0},{"not_picked":["Shrug It Off","Sword Boomerang"],"picked":"Armaments","floor":1},{"not_picked":["Infernal Blade","Seeing Red"],"picked":"Flex","floor":3},{"not_picked":["Flex","Thunderclap"],"picked":"Perfected Strike","floor":5},{"not_picked":["Armaments","Thunderclap"],"picked":"Blood for Blood","floor":6},{"not_picked":["Reckless Charge","Flame Barrier"],"picked":"Perfected Strike","floor":7},{"not_picked":["Armaments","Clothesline"],"picked":"Sever Soul","floor":10},{"not_picked":["Offering","Headbutt"],"picked":"Double Tap","floor":12},{"not_picked":["Heavy Blade","Headbutt"],"picked":"Blood for Blood","floor":13},{"not_picked":["Pommel Strike","Anger","Shrug It Off"],"picked":"SKIP","floor":14},{"not_picked":["Brutality","Limit Break"],"picked":"Demon Form","floor":16},{"not_picked":["Anger","Flex"],"picked":"Heavy Blade","floor":18},{"not_picked":["Uppercut","Sword Boomerang+1","Dropkick"],"picked":"SKIP","floor":20},{"not_picked":["Thunderclap","Shrug It Off"],"picked":"Body Slam+1","floor":21},{"not_picked":["Armaments","Disarm"],"picked":"Feel No Pain","floor":22},{"not_picked":["Headbutt","Pommel Strike"],"picked":"Power Through","floor":24},{"not_picked":["Offering","Second Wind+1"],"picked":"Anger+1","floor":25},{"not_picked":["Sword Boomerang","Armaments"],"picked":"Ghostly Armor","floor":27},{"not_picked":["Pommel Strike","Cleave+1"],"picked":"Spot Weakness+1","floor":29},{"not_picked":["Shockwave","Bloodletting"],"picked":"Heavy Blade+1","floor":30}],"player_experience":32220,"relics_obtained":[{"floor":6,"key":"Bag of Preparation"},{"floor":9,"key":"Darkstone Periapt"},{"floor":12,"key":"Thread and Needle"},{"floor":26,"key":"Ginger"}],"event_choices":[{"event_name":"Golden Wing","player_choice":"Card Removal","floor":2,"damage_taken":0},{"event_name":"Bonfire Elementals","player_choice":"COMMON","floor":4,"damage_taken":0},{"event_name":"Upgrade Shrine","player_choice":"Upgraded","floor":8,"damage_taken":0},{"event_name":"Addict","player_choice":"Obtained Relic","floor":19,"damage_taken":0}],"boss_relics":[{"not_picked":["Mark of Pain","Coffee Dripper"],"picked":"Black Blood"}],"items_purged_floors":[28],"is_endless":false,"potions_floor_spawned":[3,7,10,13,18,22,27,30],"killed_by":"Gremlin Leader","ascension_level":0}