{"gold_per_floor":[15,30,205,205,217,217,250,263,289,322,340,340,340,374,374,374],"floor_reached":16,"playtime":667,"items_purged":[],"score":211,"play_id":"19258e87-d8f8-498f-8398-b716fc16c1f1","local_time":"20190201224231","is_ascension_mode":true,"campfire_choices":[{"data":"Combust","floor":6,"key":"SMITH"},{"floor":12,"key":"REST"},{"data":"Metallicize","floor":15,"key":"SMITH"}],"neow_cost":"NO_GOLD","seed_source_timestamp":36044378175746,"circlet_count":0,"master_deck":["AscendersBane","Strike_R","Strike_R","Strike_R","Strike_R","Strike_R","Defend_R","Defend_R","Defend_R","Defend_R","Bash","Shrug It Off","Combust+1","Doubt","Intimidate","Iron Wave","Spot Weakness","Metallicize+1","Clothesline"],"relics":["Burning Blood","Dream Catcher","Art of War","Strawberry","Vajra"],"potions_floor_usage":[10,14,16],"damage_taken":[{"damage":14,"enemies":"Small Slimes","floor":1,"turns":4},{"damage":6,"enemies":"2 Louse","floor":2,"turns":3},{"damage":13,"enemies":"Jaw Worm","floor":5,"turns":5},{"damage":32,"enemies":"Gremlin Nob","floor":7,"turns":5},{"damage":11,"enemies":"Large Slime","floor":8,"turns":6},{"damage":40,"enemies":"3 Sentries","floor":10,"turns":8},{"damage":5,"enemies":"3 Louse","floor":11,"turns":3},{"damage":44,"enemies":"Lagavulin","floor":14,"turns":8},{"damage":44,"enemies":"The Guardian","floor":16,"turns":11}],"seed_played":"-8792523686276376191","potions_obtained":[{"floor":7,"key":"Regen Potion"},{"floor":8,"key":"PowerPotion"},{"floor":10,"key":"Regen Potion"},{"floor":14,"key":"PowerPotion"}],"is_trial":false,"path_per_floor":["M","M","?","?","M","R","E","M","T","E","M","R","?","E","R","B"],"character_chosen":"IRONCLAD","items_purchased":[],"campfire_rested":1,"item_purchase_floors":[],"current_hp_per_floor":[80,80,80,80,73,73,47,42,42,30,31,61,66,43,43,0],"gold":374,"neow_bonus":"TWENTY_PERCENT_HP_BONUS","is_prod":false,"is_daily":false,"chose_seed":false,"campfire_upgraded":2,"win_rate":0,"timestamp":1549078951,"path_taken":["M","M","?","?","M","R","E","M","T","E","M","R","?","E","R","BOSS"],"build_version":"2019-01-23","purchased_purges":0,"victory":false,"max_hp_per_floor":[96,96,96,96,96,96,96,96,96,103,103,103,108,108,108,108],"card_choices":[{"not_picked":["Wild Strike","Sword Boomerang"],"picked":"Shrug It Off","floor":1},{"not_picked":["Uppercut","Reckless Charge"],"picked":"Combust","floor":2},{"not_picked":["Headbutt","True Grit"],"picked":"Intimidate","floor":5},{"not_picked":["Heavy Blade","Rampage","Iron Wave"],"picked":"SKIP","floor":7},{"not_picked":["Infernal Blade","Warcry"],"picked":"Iron Wave","floor":8},{"not_picked":["Sever Soul","Flex"],"picked":"Spot Weakness","floor":10},{"not_picked":["Heavy Blade","Pommel Strike"],"picked":"Metallicize","floor":11},{"not_picked":["Corruption","Barricade"],"picked":"Clothesline","floor":14}],"player_experience":207355,"relics_obtained":[{"floor":7,"key":"Dream Catcher"},{"floor":9,"key":"Art of War"},{"floor":10,"key":"Strawberry"},{"floor":14,"key":"Vajra"}],"event_choices":[{"damage_healed":0,"gold_gain":175,"player_choice":"AGREE","damage_taken":0,"max_hp_gain":0,"max_hp_loss":0,"event_name":"Liars Game","floor":3,"gold_loss":0,"cards_obtained":["Doubt"]},{"damage_healed":0,"gold_gain":0,"player_choice":"Ignored","damage_taken":0,"max_hp_gain":0,"max_hp_loss":0,"event_name":"Shining Light","floor":4,"gold_loss":0},{"damage_healed":0,"gold_gain":0,"player_choice":"Donut","damage_taken":0,"max_hp_gain":5,"max_hp_loss":0,"event_name":"Big Fish","floor":13,"gold_loss":0}],"is_beta":false,"boss_relics":[],"items_purged_floors":[],"is_endless":false,"potions_floor_spawned":[7,8,10,14],"killed_by":"The Guardian","ascension_level":11}