{"path_per_floor":["M","?","M","M","M","R","M","M","T","M","M","?","R","E","R"],"character_chosen":"IRONCLAD","items_purchased":[],"gold_per_floor":[114,214,229,241,255,255,275,295,321,331,343,343,343,370,370],"floor_reached":16,"campfire_rested":2,"playtime":2766,"current_hp_per_floor":[77,77,61,50,43,43,35,34,34,24,16,13,37,10,34],"items_purged":[],"gold":370,"play_id":"1c6b97cc-305f-4548-9135-2cd3be5764f1","is_prod":false,"is_daily":false,"campfire_rituals":0,"campfire_upgraded":1,"is_hardmode":false,"path_taken":["M","?","M","M","M","R","?","M","T","?","M","?","R","E","R","BOSS"],"build_version":"2018-01-11-PROD2","purchased_purges":0,"victory":false,"master_deck":["Strike_R","Strike_R","Strike_R","Strike_R","Strike_R","Defend_R","Defend_R","Defend_R","Defend_R","Bash","Rage","Uppercut","Iron Wave","Heavy Blade","Headbutt","Perfected Strike","Battle Trance","Twin Strike","Armaments"],"max_hp_per_floor":[80,80,80,80,80,80,80,80,80,80,80,80,80,80,80],"relics":["Runic Pyramid","Bag of Preparation","Bronze Scales","Juzu Bracelet"],"campfire_meditates":0,"card_choices":[{"not_picked":["Combust","Iron Wave"],"picked":"Rage"},{"not_picked":["Twin Strike","Warcry"],"picked":"Uppercut"},{"not_picked":["Headbutt","Sever Soul"],"picked":"Iron Wave"},{"not_picked":["Burning Pact","Sword Boomerang"],"picked":"Heavy Blade"},{"not_picked":["Heavy Blade","Cleave"],"picked":"Headbutt"},{"not_picked":["Burning Pact","Thunderclap"],"picked":"Perfected Strike"},{"not_picked":["Impervious","Armaments"],"picked":"Battle Trance"},{"not_picked":["Disarm","Dual Wield"],"picked":"Twin Strike"},{"not_picked":["Sword Boomerang","Pummel"],"picked":"Armaments"}],"player_experience":33261,"potions_floor_usage":[7,16],"damage_taken":[{"damage":3,"enemies":"Small Slimes","floor":1,"turns":3},{"damage":16,"enemies":"Blue Slaver","floor":3,"turns":7},{"damage":11,"enemies":"Jaw Worm","floor":4,"turns":5},{"damage":7,"enemies":"Large Slime","floor":5,"turns":7},{"damage":8,"enemies":"2 Fungi Beasts","floor":7,"turns":3},{"damage":1,"enemies":"Exordium Wildlife","floor":8,"turns":4},{"damage":10,"enemies":"3 Louse","floor":10,"turns":4},{"damage":8,"enemies":"Large Slime","floor":11,"turns":5},{"damage":27,"enemies":"3 Sentries","floor":14,"turns":6},{"damage":35,"enemies":"The Guardian","floor":16,"turns":8}],"event_choices":[{"event_name":"Golden Shrine","player_choice":"Pray","floor":2,"damage_taken":0},{"event_name":"Scrap Ooze","player_choice":"success","floor":12,"damage_taken":3}],"boss_relics":[],"potions_floor_spawned":[1,3,11],"seed_played":"-5957435152785233507","killed_by":"The Guardian","is_trial":false}