{"gold_per_floor":[116,116,133,146,146,146,179,194,219,280,280,280,307,318,318,416,416,403,94,106,141,141,141],"floor_reached":23,"playtime":1279,"items_purged":[],"score":219,"play_id":"911ce52d-d5e9-4514-811c-2742553f724e","local_time":"20181209132650","is_ascension_mode":true,"campfire_choices":[{"data":"Anger","floor":6,"key":"SMITH"},{"floor":15,"key":"REST"}],"neow_cost":"NONE","seed_source_timestamp":97101136344363,"circlet_count":0,"master_deck":["Strike_R","Strike_R","Strike_R","Strike_R","Strike_R","Defend_R","Defend_R","Defend_R","Defend_R","Bash","Dark Embrace","Anger+1","Twin Strike","Impervious","Twin Strike","Inflame","Perfected Strike","Demon Form","Heavy Blade","Pommel Strike+1","Wild Strike+1"],"relics":["Burning Blood","FaceOfCleric","Vajra","Art of War","Tiny Chest","PreservedInsect","Self Forming Clay","Pantograph","Black Star","Molten Egg 2","Red Mask","Ancient Tea Set"],"potions_floor_usage":[10,13,18,21],"damage_taken":[{"damage":7,"enemies":"Small Slimes","floor":1,"turns":5},{"damage":1,"enemies":"Cultist","floor":3,"turns":3},{"damage":6,"enemies":"Jaw Worm","floor":4,"turns":2},{"damage":28,"enemies":"Gremlin Nob","floor":7,"turns":4},{"damage":0,"enemies":"Large Slime","floor":8,"turns":4},{"damage":22,"enemies":"3 Sentries","floor":10,"turns":8},{"damage":18,"enemies":"Lagavulin","floor":13,"turns":5},{"damage":10,"enemies":"Looter","floor":14,"turns":3},{"damage":41,"enemies":"The Guardian","floor":16,"turns":10},{"damage":17,"enemies":"2 Thieves","floor":18,"turns":4},{"damage":22,"enemies":"Spheric Guardian","floor":20,"turns":4},{"damage":48,"enemies":"Masked Bandits","floor":21,"turns":5},{"damage":23,"enemies":"Slavers","floor":23,"turns":1}],"seed_played":"3871191041024757176","potions_obtained":[{"floor":4,"key":"Dexterity Potion"},{"floor":7,"key":"Poison Potion"},{"floor":16,"key":"FearPotion"},{"floor":20,"key":"Swift Potion"}],"is_trial":false,"path_per_floor":["M","?","M","M","?","R","E","M","T","E","?","T","E","M","R","B",null,"M","$","M","?","T","E"],"character_chosen":"IRONCLAD","items_purchased":["Molten Egg 2","Pommel Strike+1"],"campfire_rested":1,"item_purchase_floors":[19,19],"current_hp_per_floor":[79,79,81,82,82,82,61,68,68,53,46,46,35,32,58,49,88,78,78,63,22,22,0],"gold":141,"neow_bonus":"ONE_RANDOM_RARE_CARD","is_prod":false,"is_daily":false,"chose_seed":false,"campfire_upgraded":1,"win_rate":0,"timestamp":1544358410,"path_taken":["M","?","M","?","?","R","E","M","T","E","?","?","E","M","R","BOSS","M","$","?","?","?","E"],"build_version":"2018-12-06","purchased_purges":0,"victory":false,"max_hp_per_floor":[80,80,81,82,82,82,83,84,84,85,85,85,86,87,87,88,88,89,89,90,91,91,91],"card_choices":[{"not_picked":["Sword Boomerang","Clash"],"picked":"Anger","floor":1},{"not_picked":["Headbutt","Clothesline"],"picked":"Twin Strike","floor":3},{"not_picked":["Pummel","Shrug It Off","Havoc"],"picked":"SKIP","floor":4},{"not_picked":["Metallicize","Heavy Blade"],"picked":"Impervious","floor":7},{"not_picked":["Blood for Blood","Iron Wave"],"picked":"Twin Strike","floor":8},{"not_picked":["Cleave","Fire Breathing"],"picked":"Inflame","floor":10},{"not_picked":["Warcry","Juggernaut","Clash"],"picked":"SKIP","floor":13},{"not_picked":["Havoc","Carnage"],"picked":"Perfected Strike","floor":14},{"not_picked":["Feed","Dark Embrace"],"picked":"Demon Form","floor":16},{"not_picked":["Flex","True Grit+1"],"picked":"Heavy Blade","floor":18},{"not_picked":["Clash+1","Searing Blow+1","Shrug It Off"],"picked":"SKIP","floor":20},{"not_picked":["Clash+1","Sword Boomerang+1"],"picked":"Wild Strike+1","floor":21}],"player_experience":161372,"relics_obtained":[{"floor":7,"key":"Vajra"},{"floor":9,"key":"Art of War"},{"floor":10,"key":"Tiny Chest"},{"floor":12,"key":"Self Forming Clay"},{"floor":13,"key":"Pantograph"},{"floor":21,"key":"Red Mask"},{"floor":22,"key":"Ancient Tea Set"}],"event_choices":[{"damage_healed":0,"gold_gain":0,"player_choice":"Trade","damage_taken":0,"relics_obtained":["FaceOfCleric"],"max_hp_gain":0,"max_hp_loss":0,"event_name":"FaceTrader","floor":2,"gold_loss":0},{"damage_healed":0,"gold_gain":0,"player_choice":"Ignored","damage_taken":0,"max_hp_gain":0,"max_hp_loss":0,"event_name":"Golden Wing","floor":5,"gold_loss":0},{"damage_healed":0,"gold_gain":0,"player_choice":"Success","damage_taken":7,"relics_obtained":["PreservedInsect"],"max_hp_gain":0,"max_hp_loss":0,"event_name":"Scrap Ooze","floor":11,"gold_loss":0},{"damage_healed":0,"gold_gain":0,"player_choice":"Fought Bandits","damage_taken":0,"max_hp_gain":0,"max_hp_loss":0,"event_name":"Masked Bandits","floor":21,"gold_loss":0}],"is_beta":false,"boss_relics":[{"not_picked":["Empty Cage","Sozu"],"picked":"Black Star"}],"items_purged_floors":[],"is_endless":false,"potions_floor_spawned":[4,7,16,20],"killed_by":"Slavers","ascension_level":1}