{"gold_per_floor":[119,138,63,81,92,123,123,123,168,168],"floor_reached":10,"playtime":662,"items_purged":["Strike_R"],"score":75,"play_id":"f50ceb53-9f34-4329-9ac3-14fad032092e","local_time":"20190107221356","is_ascension_mode":true,"campfire_choices":[{"data":"Rampage","floor":8,"key":"SMITH"}],"neow_cost":"NONE","seed_source_timestamp":94872987417400,"circlet_count":0,"master_deck":["Strike_R","Strike_R","Strike_R","Strike_R","Defend_R","Defend_R","Defend_R","Defend_R","Bash","Shrug It Off","Rampage+1","Burning Pact","Demon Form"],"special_seed":0,"relics":["Burning Blood","Paper Frog","Boot"],"potions_floor_usage":[],"damage_taken":[{"damage":0.0,"enemies":"Cultist","floor":1.0,"turns":4.0},{"damage":7.0,"enemies":"Small Slimes","floor":2.0,"turns":4.0},{"damage":6,"enemies":"Jaw Worm","floor":4,"turns":4},{"damage":18,"enemies":"Large Slime","floor":5,"turns":6},{"damage":36,"enemies":"Lagavulin","floor":6,"turns":6},{"damage":38,"enemies":"The Mushroom Lair","floor":10,"turns":6}],"seed_played":"-1881586946690355160","potions_obtained":[{"floor":1.0,"key":"Strength Potion"},{"floor":4,"key":"Weak Potion"}],"is_trial":false,"path_per_floor":["M","M","$","M","M","E","$","R","T","?"],"character_chosen":"IRONCLAD","items_purchased":[],"campfire_rested":0,"item_purchase_floors":[],"current_hp_per_floor":[80,79,79,79,67,37,37,37,37,0],"gold":168,"neow_bonus":"THREE_CARDS","is_prod":false,"is_daily":false,"chose_seed":false,"campfire_upgraded":1,"win_rate":0,"timestamp":1546899236,"path_taken":["M","M","$","M","M","E","$","R","T","?"],"build_version":"2019-01-03v4","purchased_purges":1,"victory":false,"max_hp_per_floor":[80,80,80,80,80,80,80,80,80,80],"card_choices":[{"not_picked":["Dropkick","Twin Strike"],"picked":"Shrug It Off","floor":0.0},{"not_picked":["Combust","Heavy Blade"],"picked":"Rampage","floor":1.0},{"not_picked":["Seeing Red","Armaments"],"picked":"Burning Pact","floor":2.0},{"not_picked":["Infernal Blade","Warcry","Sword Boomerang"],"picked":"SKIP","floor":4},{"not_picked":["Havoc","Wild Strike","Perfected Strike"],"picked":"SKIP","floor":5},{"not_picked":["Body Slam","Clash"],"picked":"Demon Form","floor":6}],"player_experience":60002,"relics_obtained":[{"floor":6,"key":"Paper Frog"},{"floor":9,"key":"Boot"}],"event_choices":[{"damage_healed":0,"gold_gain":0,"player_choice":"Fought Mushrooms","damage_taken":0,"max_hp_gain":0,"max_hp_loss":0,"event_name":"Mushrooms","floor":10,"gold_loss":0}],"is_beta":false,"boss_relics":[],"items_purged_floors":[3],"is_endless":false,"potions_floor_spawned":[1,4],"killed_by":"The Mushroom Lair","ascension_level":2}