{"gold_per_floor":[109,109,184,37,37,68,68,102,102,120,70,70,70,20,20,148,148,166,265,93,108,126,159,159,197,269,23,23,42,42,58,58,182,182,202,152,165,115,115],"floor_reached":39,"playtime":1436,"items_purged":["Strike_R","Defend_R","Bash","Strike_R","Strike_R+1","Defend_R"],"score":473,"play_id":"ab9b833f-8641-4e4e-aec0-bec421e9c5c4","local_time":"20190129213116","is_ascension_mode":false,"campfire_choices":[{"data":"Strike_R","floor":7,"key":"SMITH"},{"data":"Searing Blow","floor":12,"key":"SMITH"},{"data":"Searing Blow+1","floor":15,"key":"SMITH"},{"floor":24,"key":"REST"},{"data":"Searing Blow+3","floor":30,"key":"SMITH"},{"floor":32,"key":"REST"}],"neow_cost":"NONE","seed_source_timestamp":2034702393603,"circlet_count":0,"master_deck":["Strike_R+1","Searing Blow+4","Demon Form","Limit Break","Shrug It Off"],"relics":["Burning Blood","NeowsBlessing","Bronze Scales","Letter Opener","Smiling Mask","Anchor","Golden Idol","Busted Crown","Potion Belt","Molten Egg 2","Bottled Tornado","Whetstone","Empty Cage"],"potions_floor_usage":[16,23,23,25,39],"damage_taken":[{"damage":0,"enemies":"Cultist","floor":1,"turns":1},{"damage":0,"enemies":"3 Sentries","floor":6,"turns":2},{"damage":0,"enemies":"Lagavulin","floor":8,"turns":1},{"damage":0,"enemies":"Small Slimes","floor":10,"turns":4},{"damage":53,"enemies":"Slime Boss","floor":16,"turns":10},{"damage":5,"enemies":"3 Byrds","floor":18,"turns":4},{"damage":27,"enemies":"Chosen","floor":21,"turns":5},{"damage":24,"enemies":"Snake Plant","floor":22,"turns":4},{"damage":23,"enemies":"Slavers","floor":23,"turns":6},{"damage":37,"enemies":"Book of Stabbing","floor":25,"turns":5},{"damage":6,"enemies":"Cultist and Chosen","floor":29,"turns":5},{"damage":0,"enemies":"Chosen and Byrds","floor":31,"turns":4},{"damage":61,"enemies":"Automaton","floor":33,"turns":9},{"damage":0,"enemies":"3 Shapes","floor":35,"turns":2},{"damage":18,"enemies":"3 Darklings","floor":37,"turns":7},{"damage":98,"enemies":"2 Orb Walkers","floor":39,"turns":6}],"seed_played":"-4583090348294851380","potions_obtained":[{"floor":8,"key":"PowerPotion"},{"floor":16,"key":"BloodPotion"},{"floor":22,"key":"Block Potion"},{"floor":25,"key":"FairyPotion"},{"floor":29,"key":"BloodPotion"},{"floor":35,"key":"Strength Potion"}],"is_trial":false,"path_per_floor":["M","?","?","$","?","E","R","E","T","M","$","R","?","$","R","B",null,"M","?","$","M","M","E","R","E","T","$","?","M","R","M","R","B",null,"M","$","M","$","?"],"character_chosen":"IRONCLAD","items_purchased":["Bronze Scales","Limit Break","AttackPotion","Whetstone","Shrug It Off"],"campfire_rested":2,"item_purchase_floors":[4,20,20,27,27],"current_hp_per_floor":[80,85,74,74,67,73,73,79,79,85,85,85,64,64,64,17,85,85,85,85,64,46,37,62,31,31,31,31,31,31,37,62,7,85,85,85,73,73,8],"gold":115,"neow_bonus":"THREE_ENEMY_KILL","is_prod":false,"is_daily":false,"chose_seed":false,"campfire_upgraded":4,"win_rate":0,"timestamp":1548810076,"path_taken":["M","?","?","$","?","E","R","E","T","M","?","R","?","?","R","BOSS","M","?","$","M","M","E","R","E","T","$","?","M","R","?","R","BOSS","M","?","M","$","?"],"build_version":"2019-01-23","purchased_purges":6,"victory":false,"max_hp_per_floor":[80,85,85,85,85,85,85,85,85,85,85,85,85,85,85,85,85,85,85,85,85,85,85,85,85,85,85,85,85,85,85,85,85,85,85,85,85,85,85],"card_choices":[{"not_picked":["Pommel Strike","Flex","Headbutt"],"picked":"SKIP","floor":1},{"not_picked":["Armaments","Wild Strike","Second Wind"],"picked":"SKIP","floor":6},{"not_picked":["Heavy Blade","Dual Wield","Combust"],"picked":"SKIP","floor":8},{"not_picked":["Uppercut","Carnage"],"picked":"Searing Blow","floor":10},{"not_picked":["Offering","Exhume"],"picked":"Demon Form","floor":16},{"not_picked":["Clothesline"],"picked":"SKIP","floor":18},{"not_picked":["Warcry+1"],"picked":"SKIP","floor":21},{"not_picked":["Sentinel"],"picked":"SKIP","floor":22},{"not_picked":["Feed"],"picked":"SKIP","floor":23},{"not_picked":["Flex"],"picked":"SKIP","floor":25},{"not_picked":["Bloodletting"],"picked":"SKIP","floor":29},{"not_picked":["Thunderclap+1"],"picked":"SKIP","floor":31},{"not_picked":["Clash+1"],"picked":"SKIP","floor":35},{"not_picked":["Twin Strike+1"],"picked":"SKIP","floor":37}],"player_experience":259612,"relics_obtained":[{"floor":6,"key":"Letter Opener"},{"floor":8,"key":"Smiling Mask"},{"floor":9,"key":"Anchor"},{"floor":23,"key":"Potion Belt"},{"floor":25,"key":"Molten Egg 2"},{"floor":26,"key":"Bottled Tornado"}],"event_choices":[{"damage_healed":0,"gold_gain":0,"player_choice":"Donut","damage_taken":0,"max_hp_gain":5,"max_hp_loss":0,"event_name":"Big Fish","floor":2,"gold_loss":0},{"damage_healed":0,"gold_gain":75,"player_choice":"Gather Gold","damage_taken":11,"max_hp_gain":0,"max_hp_loss":0,"event_name":"World of Goop","floor":3,"gold_loss":0},{"cards_removed":["Strike_R"],"damage_healed":0,"gold_gain":0,"player_choice":"Card Removal","damage_taken":7,"max_hp_gain":0,"max_hp_loss":0,"event_name":"Golden Wing","floor":5,"gold_loss":0},{"damage_healed":0,"gold_gain":0,"player_choice":"Take Damage","damage_taken":21,"relics_obtained":["Golden Idol"],"max_hp_gain":0,"max_hp_loss":0,"event_name":"Golden Idol","floor":13,"gold_loss":0},{"damage_healed":0,"gold_gain":99,"player_choice":"Stole From Cult","damage_taken":0,"max_hp_gain":0,"max_hp_loss":0,"event_name":"Nest","floor":19,"gold_loss":0},{"damage_healed":0,"gold_gain":0,"cards_transformed":["Defend_R"],"player_choice":"Transformed","damage_taken":0,"max_hp_gain":0,"max_hp_loss":0,"event_name":"Transmorgrifier","floor":28,"gold_loss":0,"cards_obtained":["Bloodletting"]},{"damage_healed":0,"gold_gain":0,"player_choice":"Fight","damage_taken":0,"max_hp_gain":0,"max_hp_loss":0,"event_name":"Mysterious Sphere","floor":39,"gold_loss":0}],"is_beta":false,"boss_relics":[{"not_picked":["Cursed Key","Runic Pyramid"],"picked":"Busted Crown"},{"not_picked":["Sozu","Orrery"],"picked":"Empty Cage"}],"items_purged_floors":[11,14,20,27,36,38],"is_endless":false,"potions_floor_spawned":[8,16,22,25,29,35],"killed_by":"2 Orb Walkers","ascension_level":0}