{"gold_per_floor":[116,191,44,64,76,108,108,108],"floor_reached":8,"playtime":254,"items_purged":[],"score":56,"play_id":"0ada2b01-57b5-4ee8-b421-e1c39ddd7a17","local_time":"20181229205454","is_ascension_mode":false,"campfire_choices":[],"neow_cost":"NONE","seed_source_timestamp":36270931055031,"circlet_count":0,"master_deck":["Strike_R","Strike_R","Strike_R","Strike_R","Defend_R","Defend_R","Defend_R","Defend_R","Bash","Body Slam","Whirlwind","Perfected Strike","Armaments","Shockwave"],"relics":["Burning Blood","Bag of Marbles","Self Forming Clay"],"potions_floor_usage":[6],"damage_taken":[{"damage":2,"enemies":"2 Louse","floor":1,"turns":3},{"damage":0,"enemies":"Small Slimes","floor":4,"turns":2},{"damage":6,"enemies":"Jaw Worm","floor":5,"turns":3},{"damage":40,"enemies":"Lagavulin","floor":6,"turns":7},{"damage":13,"enemies":"Gremlin Nob","floor":8,"turns":4}],"seed_played":"3170244404189835183","potions_obtained":[{"floor":5,"key":"Strength Potion"}],"is_trial":false,"path_per_floor":["M","?","$","M","M","E","?","E"],"character_chosen":"IRONCLAD","items_purchased":["Bag of Marbles"],"campfire_rested":0,"item_purchase_floors":[3],"current_hp_per_floor":[80,69,69,75,75,41,34,21],"gold":108,"neow_bonus":"THREE_CARDS","is_prod":false,"is_daily":false,"chose_seed":false,"campfire_upgraded":0,"win_rate":0,"timestamp":1546113294,"path_taken":["M","?","$","M","M","E","?","E"],"build_version":"2018-12-20","purchased_purges":0,"victory":false,"max_hp_per_floor":[80,80,80,80,80,80,80,80],"card_choices":[{"not_picked":["Second Wind","Metallicize"],"picked":"Body Slam","floor":0},{"not_picked":["Pommel Strike","Havoc"],"picked":"Whirlwind","floor":1},{"not_picked":["Thunderclap","Body Slam"],"picked":"Perfected Strike","floor":4},{"not_picked":["Bludgeon","Headbutt"],"picked":"Armaments","floor":5},{"not_picked":["Whirlwind","Clothesline"],"picked":"Shockwave","floor":6}],"player_experience":76127,"relics_obtained":[{"floor":6,"key":"Self Forming Clay"}],"event_choices":[{"damage_healed":0,"gold_gain":75,"player_choice":"Gather Gold","damage_taken":11,"max_hp_gain":0,"max_hp_loss":0,"event_name":"World of Goop","floor":2,"gold_loss":0},{"cards_removed":["Strike_R"],"damage_healed":0,"gold_gain":0,"player_choice":"Card Removal","damage_taken":7,"max_hp_gain":0,"max_hp_loss":0,"event_name":"Golden Wing","floor":7,"gold_loss":0}],"is_beta":false,"boss_relics":[],"items_purged_floors":[],"is_endless":false,"potions_floor_spawned":[5],"killed_by":"Gremlin Nob","ascension_level":0}