{"gold_per_floor":[111,129,149,164,20,20,47,47,70,70,70,145,178,0,0,102,102,115,130,147,70,70,70,70,83,83,98,98,98,98,113,113,212,212,223,223,98,109,122,122,122],"floor_reached":41,"playtime":1983,"items_purged":["Normality","Strike_R","Strike_R"],"score":416,"play_id":"4e075dfc-08cf-46a0-b733-3eb545b1113b","local_time":"20180722214942","is_ascension_mode":false,"campfire_choices":[{"data":"Strike_R","floor":6,"key":"SMITH"},{"data":"Limit Break","floor":8,"key":"SMITH"},{"data":"Spot Weakness","floor":10,"key":"SMITH"},{"floor":15,"key":"REST"},{"data":"Heavy Blade","floor":23,"key":"SMITH"},{"floor":28,"key":"REST"},{"floor":32,"key":"REST"}],"neow_cost":"CURSE","seed_source_timestamp":641429769664138,"circlet_count":0,"master_deck":["Strike_R+1","Strike_R","Strike_R","Defend_R","Defend_R","Defend_R","Defend_R","Bash","Limit Break+1","Cleave","Spot Weakness+1","Rampage","Metallicize","Evolve","Demon Form","Rage","Heavy Blade+1","Ghostly Armor","J.A.X.","Inflame","Warcry+1","Heavy Blade"],"relics":["Burning Blood","Oddly Smooth Stone","Regal Pillow","Strawberry","Orrery","Darkstone Periapt","Shuriken","Black Star"],"potions_floor_usage":[20,27,33,41,41],"damage_taken":[{"damage":10,"enemies":"Cultist","floor":1,"turns":4},{"damage":7,"enemies":"Jaw Worm","floor":2,"turns":5},{"damage":0,"enemies":"2 Louse","floor":3,"turns":2},{"damage":28,"enemies":"Gremlin Gang","floor":4,"turns":4},{"damage":21,"enemies":"Gremlin Nob","floor":13,"turns":4},{"damage":44,"enemies":"Hexaghost","floor":16,"turns":9},{"damage":32,"enemies":"2 Thieves","floor":18,"turns":5},{"damage":13,"enemies":"Spheric Guardian","floor":19,"turns":4},{"damage":18,"enemies":"Centurion and Healer","floor":20,"turns":5},{"damage":33,"enemies":"Snake Plant","floor":25,"turns":4},{"damage":13,"enemies":"Chosen and Byrds","floor":27,"turns":7},{"damage":12,"enemies":"Snecko","floor":31,"turns":4},{"damage":62,"enemies":"Champ","floor":33,"turns":9},{"damage":24,"enemies":"3 Shapes","floor":35,"turns":9},{"damage":22,"enemies":"3 Darklings","floor":38,"turns":8},{"damage":24,"enemies":"4 Shapes","floor":39,"turns":7},{"damage":79,"enemies":"2 Orb Walkers","floor":41,"turns":4}],"seed_played":"-5619366192364361388","potions_obtained":[{"floor":4,"key":"Energy Potion"},{"floor":13,"key":"Block Potion"},{"floor":18,"key":"BloodPotion"},{"floor":20,"key":"SpeedPotion"},{"floor":22,"key":"FairyPotion"},{"floor":27,"key":"Regen Potion"},{"floor":35,"key":"SkillPotion"},{"floor":38,"key":"Poison Potion"}],"is_trial":false,"path_per_floor":["M","M","M","M","$","R","T","R","T","R","$","?","E","$","R","B",null,"M","M","M","?","?","R","$","M","T","M","R","$","T","M","R","B",null,"M","?","$","M","M","$"],"character_chosen":"IRONCLAD","items_purchased":["Rampage","Evolve"],"campfire_rested":3,"item_purchase_floors":[5,14],"current_hp_per_floor":[76,75,80,58,58,58,58,58,58,58,58,47,39,39,80,42,87,61,54,50,50,50,50,50,23,23,16,57,57,57,51,87,31,87,69,69,69,53,35,35,0],"gold":122,"neow_bonus":"THREE_RARE_CARDS","is_prod":false,"is_daily":false,"chose_seed":false,"campfire_upgraded":4,"win_rate":0.0,"timestamp":1532267382,"path_taken":["M","M","M","M","$","R","?","R","T","R","$","?","E","$","R","BOSS","M","M","?","?","?","R","$","M","T","M","R","$","?","M","R","BOSS","M","?","$","M","?","$","E"],"build_version":"2018-07-19v2","purchased_purges":3,"victory":false,"max_hp_per_floor":[80,80,80,80,80,80,80,80,80,80,80,80,87,87,87,87,87,87,87,87,87,87,87,87,87,87,87,87,87,87,87,87,87,87,87,87,87,87,87,87,87],"card_choices":[{"not_picked":["Offering","Feed"],"picked":"Limit Break","floor":0},{"not_picked":["Dropkick","Iron Wave"],"picked":"Cleave","floor":1},{"not_picked":["Thunderclap","Twin Strike","Body Slam"],"picked":"SKIP","floor":2},{"not_picked":["Havoc","Armaments"],"picked":"Spot Weakness","floor":3},{"not_picked":["Burning Pact","Perfected Strike","Pummel"],"picked":"SKIP","floor":4},{"not_picked":["Ghostly Armor","Warcry"],"picked":"Metallicize","floor":13},{"not_picked":["Exhume","Berserk"],"picked":"Demon Form","floor":16},{"not_picked":["Perfected Strike","Sword Boomerang"],"picked":"Rage","floor":17},{"not_picked":["Perfected Strike","Warcry"],"picked":"Heavy Blade","floor":17},{"not_picked":["Havoc","Burning Pact"],"picked":"Ghostly Armor","floor":18},{"not_picked":["Iron Wave+1","Clothesline","Entrench"],"picked":"SKIP","floor":19},{"not_picked":["Twin Strike","Evolve","Dropkick+1"],"picked":"SKIP","floor":20},{"not_picked":["Pummel","Warcry"],"picked":"Inflame","floor":25},{"not_picked":["Feed","Corruption"],"picked":"Warcry+1","floor":27},{"not_picked":["Perfected Strike","Dual Wield","Sword Boomerang"],"picked":"SKIP","floor":31},{"not_picked":["Thunderclap+1","Clash+1","Infernal Blade"],"picked":"SKIP","floor":35},{"not_picked":["Clash+1","Twin Strike","Clothesline"],"picked":"SKIP","floor":38},{"not_picked":["Dropkick+1","Hemokinesis"],"picked":"Heavy Blade","floor":39}],"player_experience":57576,"relics_obtained":[{"floor":7,"key":"Oddly Smooth Stone"},{"floor":9,"key":"Regal Pillow"},{"floor":13,"key":"Strawberry"},{"floor":26,"key":"Darkstone Periapt"},{"floor":30,"key":"Shuriken"}],"event_choices":[{"event_name":"World of Goop","player_choice":"Gather Gold","floor":12,"damage_taken":0},{"event_name":"Drug Dealer","player_choice":"Got JAXXED","floor":21,"damage_taken":0},{"event_name":"The Lab","player_choice":"Got Potions","floor":22,"damage_taken":0},{"event_name":"SecretPortal","player_choice":"Rejected Portal.","floor":36,"damage_taken":0}],"is_beta":false,"boss_relics":[{"not_picked":["White Beast Statue","Black Blood"],"picked":"Orrery"},{"not_picked":["Coffee Dripper","Snecko Eye"],"picked":"Black Star"}],"items_purged_floors":[5,14,37],"is_endless":false,"potions_floor_spawned":[4,13,18,20,27,31,35,38],"killed_by":"2 Orb Walkers","ascension_level":0}