{"gold_per_floor":[112,126,126,143,21,21,21,33,59,119,139,139,163,178,178,283,313,323,323,336,349,349,349,364,364,445,445,445],"floor_reached":28,"playtime":1951,"items_purged":["Strike_B"],"score":235,"play_id":"56a4f107-af53-446e-b94c-6774b67db85f","local_time":"20180718221424","is_ascension_mode":false,"campfire_choices":[{"data":"Zap","floor":6.0,"key":"SMITH"},{"data":"Blizzard","floor":12,"key":"SMITH"},{"data":"Glacier","floor":15,"key":"SMITH"},{"floor":23,"key":"REST"},{"floor":25,"key":"REST"},{"floor":27,"key":"REST"}],"neow_cost":"NONE","seed_source_timestamp":0,"circlet_count":0,"master_deck":["Strike_B+1","Strike_B+1","Defend_B+1","Defend_B","Defend_B","Defend_B","Zap+1","Dualcast","Glacier+1","Aggregate","Ball Lightning","Coolheaded","Coolheaded","Parasite","Coolheaded","Blizzard+1","Buffer","Blizzard","Redo","Dramatic Entrance"],"special_seed":17730,"relics":["Cracked Core","Anchor","Whetstone","Oddly Smooth Stone","Tiny House","Mummified Hand"],"potions_floor_usage":[24,24],"damage_taken":[{"damage":0.0,"enemies":"Small Slimes","floor":1.0,"turns":4.0},{"damage":0.0,"enemies":"2 Louse","floor":2.0,"turns":3.0},{"damage":6.0,"enemies":"Jaw Worm","floor":4.0,"turns":3.0},{"damage":0.0,"enemies":"Blue Slaver","floor":8.0,"turns":5.0},{"damage":6.0,"enemies":"Lagavulin Event","floor":10.0,"turns":7.0},{"damage":4.0,"enemies":"Large Slime","floor":11.0,"turns":7.0},{"damage":8,"enemies":"3 Louse","floor":14,"turns":3},{"damage":15,"enemies":"The Guardian","floor":16,"turns":13},{"damage":14,"enemies":"Shell Parasite","floor":18,"turns":8},{"damage":4,"enemies":"2 Thieves","floor":20,"turns":5},{"damage":17,"enemies":"Snake Plant","floor":21,"turns":6},{"damage":53,"enemies":"3 Cultists","floor":24,"turns":6},{"damage":83,"enemies":"Gremlin Leader","floor":28,"turns":7}],"seed_played":"-3893125077617489196","potions_obtained":[{"floor":1.0,"key":"Regen Potion"},{"floor":2.0,"key":"Block Potion"},{"floor":4.0,"key":"GamblersBrew"},{"floor":24,"key":"SkillPotion"}],"is_trial":false,"path_per_floor":["M","M","?","M","$","R","?","M","T","?","M","R","T","M","R","B",null,"M","?","M","M","?","R","M","R","T","R"],"character_chosen":"DEFECT","items_purchased":["Coolheaded"],"campfire_rested":3,"item_purchase_floors":[5],"current_hp_per_floor":[75,75,80,74,74,74,80,80,80,74,70,70,70,62,62,47,85,71,55,51,34,34,61,17,44,44,71,0],"gold":445,"neow_bonus":"TRANSFORM_CARD","is_prod":false,"is_daily":false,"chose_seed":false,"campfire_upgraded":3,"win_rate":0.0,"timestamp":1531923264,"path_taken":["M","M","?","M","$","R","?","M","T","?","M","R","?","M","R","BOSS","M","?","M","M","?","R","M","R","T","R","E"],"build_version":"2018-07-12","purchased_purges":1,"victory":false,"max_hp_per_floor":[75,75,80,80,80,80,80,80,80,80,80,80,80,80,80,80,85,85,90,90,90,90,90,90,90,90,90,90],"card_choices":[{"not_picked":["Fusion","Tempest"],"picked":"Aggregate","floor":1.0},{"not_picked":["Redo","Hello World"],"picked":"Ball Lightning","floor":2.0},{"not_picked":["Ball Lightning","Chaos"],"picked":"Coolheaded","floor":4.0},{"not_picked":["Melter","Scrape","Lockon"],"picked":"SKIP","floor":8.0},{"not_picked":["Compile Driver","Steam Power"],"picked":"Coolheaded","floor":10.0},{"not_picked":["Defragment","Streamline"],"picked":"Blizzard","floor":11.0},{"not_picked":["Rebound","Ball Lightning","Aggregate"],"picked":"SKIP","floor":14},{"not_picked":["Electrodynamics","Creative AI"],"picked":"Buffer","floor":16},{"not_picked":["Static Discharge","Beam Cell"],"picked":"Blizzard","floor":17},{"not_picked":["Rebound","Force Field+1","Barrage"],"picked":"SKIP","floor":18},{"not_picked":["Hologram","Leap"],"picked":"Redo","floor":20},{"not_picked":["Aggregate+1","Conserve Battery","Auto Shields"],"picked":"SKIP","floor":21},{"not_picked":["Gash","Cold Snap","Stack"],"picked":"SKIP","floor":24}],"player_experience":20240,"relics_obtained":[{"floor":9.0,"key":"Anchor"},{"floor":10.0,"key":"Whetstone"},{"floor":13,"key":"Oddly Smooth Stone"},{"floor":26,"key":"Mummified Hand"}],"event_choices":[{"event_name":"Big Fish","player_choice":"Donut","floor":3.0,"damage_taken":0.0},{"event_name":"Mushrooms","player_choice":"Healed and dodged fight","floor":7.0,"damage_taken":0.0},{"event_name":"Dead Adventurer","player_choice":"Searched \u00271\u0027 times","floor":10.0,"damage_taken":0.0},{"event_name":"Forgotten Altar","player_choice":"Shed Blood","floor":19,"damage_taken":0},{"event_name":"Match and Keep!","player_choice":"1 cards matched","floor":22,"damage_taken":0}],"boss_relics":[{"not_picked":["Runic Dome","Orrery"],"picked":"Tiny House"}],"items_purged_floors":[5],"is_endless":false,"potions_floor_spawned":[1,2,4,11,20,24],"killed_by":"Gremlin Leader","ascension_level":0}