{"gold_per_floor":[109,33,43,57,12,12,28,38,38,38,71,71,71,246,246,346,396,407,407,420,62,74,74,87,47,71,37,57,57,71,86,86,187,187,201,216,230,243,93,93],"floor_reached":40,"playtime":1886,"items_purged":["Zap"],"score":492,"play_id":"697e1c43-92bf-4fda-855f-f68047a46542","local_time":"20190115205049","is_ascension_mode":false,"campfire_choices":[{"data":"Chill","floor":6,"key":"SMITH"},{"data":"Chill","floor":12,"key":"SMITH"},{"floor":15,"key":"REST"},{"data":"Chill","floor":23,"key":"SMITH"},{"data":"Blizzard","floor":29,"key":"SMITH"},{"floor":32,"key":"REST"}],"neow_cost":"NONE","seed_source_timestamp":461643339892952,"circlet_count":0,"master_deck":["Strike_B","Strike_B","Strike_B+1","Strike_B+1","Defend_B+1","Defend_B","Defend_B","Defend_B+1","Dualcast","Madness","Chill+1","Cold Snap+1","Cold Snap","Chill+1","Glacier","Doubt","Buffer","Chill+1","Blizzard+1","Chill","Barrage","Glacier","Self Repair","Cold Snap","Coolheaded","Capacitor+1","Cold Snap","Cold Snap"],"relics":["FrozenCore","Bag of Preparation","Mercury Hourglass","Ice Cream","Tiny House","Lee\u0027s Waffle","Blood Vial","Bronze Scales"],"potions_floor_usage":[16,16,20,37,38],"damage_taken":[{"damage":6,"enemies":"2 Louse","floor":1,"turns":2},{"damage":0,"enemies":"Cultist","floor":3,"turns":3},{"damage":0,"enemies":"Small Slimes","floor":4,"turns":3},{"damage":1,"enemies":"Blue Slaver","floor":7,"turns":3},{"damage":4,"enemies":"Gremlin Gang","floor":8,"turns":7},{"damage":0,"enemies":"3 Sentries","floor":11,"turns":8},{"damage":31,"enemies":"The Guardian","floor":16,"turns":20},{"damage":10,"enemies":"Spheric Guardian","floor":18,"turns":8},{"damage":0,"enemies":"Colosseum Slavers","floor":19,"turns":7},{"damage":12,"enemies":"Chosen","floor":20,"turns":9},{"damage":12,"enemies":"Snecko","floor":22,"turns":9},{"damage":15,"enemies":"Snake Plant","floor":24,"turns":7},{"damage":12,"enemies":"3 Cultists","floor":28,"turns":5},{"damage":10,"enemies":"Cultist and Chosen","floor":30,"turns":7},{"damage":12,"enemies":"Snecko","floor":31,"turns":7},{"damage":39,"enemies":"Collector","floor":33,"turns":14},{"damage":0,"enemies":"3 Shapes","floor":35,"turns":3},{"damage":34,"enemies":"3 Darklings","floor":36,"turns":6},{"damage":0,"enemies":"Sphere and 2 Shapes","floor":37,"turns":8},{"damage":10,"enemies":"Transient","floor":38,"turns":5},{"damage":94,"enemies":"Nemesis","floor":40,"turns":12}],"seed_played":"8748128306952559720","potions_obtained":[{"floor":4,"key":"Poison Potion"},{"floor":7,"key":"SkillPotion"},{"floor":17,"key":"Weak Potion"},{"floor":22,"key":"Explosive Potion"},{"floor":31,"key":"PowerPotion"},{"floor":33,"key":"Poison Potion"}],"is_trial":false,"path_per_floor":["M","?","M","M","$","R","M","M","T","?","E","R","?","?","R","B",null,"M","?","M","$","M","R","M","?","T","$","M","R","M","M","R","B",null,"M","M","M","M","$","E"],"character_chosen":"DEFECT","items_purchased":["Cold Snap","Chill","Lee\u0027s Waffle","Self Repair","Bronze Scales"],"campfire_rested":2,"item_purchase_floors":[5,21,21,27,39],"current_hp_per_floor":[69,69,69,69,69,69,68,64,64,49,49,49,49,49,71,40,80,70,70,58,87,75,75,60,60,60,60,57,57,56,53,79,42,87,87,53,62,54,54,0],"gold":93,"neow_bonus":"RANDOM_COLORLESS","is_prod":false,"is_daily":false,"chose_seed":false,"campfire_upgraded":4,"win_rate":0,"timestamp":1547581849,"path_taken":["M","?","?","M","?","R","?","M","T","?","E","R","?","?","R","BOSS","M","?","M","$","M","R","M","?","T","$","M","R","M","M","R","BOSS","M","M","M","?","$","E"],"build_version":"2019-01-10","purchased_purges":1,"victory":false,"max_hp_per_floor":[75,75,75,75,75,75,75,75,75,75,75,75,75,75,75,75,80,80,80,80,87,87,87,87,87,87,87,87,87,87,87,87,87,87,87,87,87,87,87,87],"card_choices":[{"not_picked":["Conserve Battery","Fusion"],"picked":"Chill","floor":1},{"not_picked":["Streamline","Compile Driver","Redo"],"picked":"SKIP","floor":3},{"not_picked":["Sweeping Beam","Stack"],"picked":"Cold Snap","floor":4},{"not_picked":["Stack","Turbo"],"picked":"Chill","floor":7},{"not_picked":["Rebound","Beam Cell","Reinforced Body"],"picked":"SKIP","floor":8},{"not_picked":["Streamline","Stack"],"picked":"Glacier","floor":11},{"not_picked":["Electrodynamics","Creative AI"],"picked":"Buffer","floor":16},{"not_picked":["Stack+1","Sweeping Beam+1"],"picked":"Chill","floor":18},{"not_picked":["Turbo","Ball Lightning"],"picked":"Blizzard","floor":20},{"not_picked":["Reinforced Body+1","Consume"],"picked":"Barrage","floor":22},{"not_picked":["Force Field","Sweeping Beam"],"picked":"Glacier","floor":24},{"not_picked":["Multi-Cast","Reinforced Body"],"picked":"Cold Snap","floor":28},{"not_picked":["Fusion","Melter","Conserve Battery"],"picked":"SKIP","floor":30},{"not_picked":["Sweeping Beam","Fusion"],"picked":"Coolheaded","floor":31},{"not_picked":["Reprogram","Coolheaded+1"],"picked":"Capacitor+1","floor":35},{"not_picked":["Compile Driver+1","Ball Lightning+1"],"picked":"Cold Snap","floor":36},{"not_picked":["Stack+1","Leap"],"picked":"Cold Snap","floor":37},{"not_picked":["Steam Power","FTL+1","Stack"],"picked":"SKIP","floor":38}],"player_experience":422370,"relics_obtained":[{"floor":9,"key":"Mercury Hourglass"},{"floor":11,"key":"Ice Cream"},{"floor":26,"key":"Blood Vial"}],"event_choices":[{"damage_healed":0,"gold_gain":0,"player_choice":"Paid Gold","damage_taken":0,"relics_obtained":["Bag of Preparation"],"max_hp_gain":0,"max_hp_loss":0,"event_name":"WeMeetAgain","floor":2,"gold_loss":76},{"damage_healed":0,"gold_gain":0,"player_choice":"Entered Light","damage_taken":15,"max_hp_gain":0,"max_hp_loss":0,"event_name":"Shining Light","floor":10,"gold_loss":0,"cards_upgraded":["Strike_B","Defend_B"]},{"damage_healed":0,"gold_gain":0,"player_choice":"Searched \u00270\u0027 times","damage_taken":0,"max_hp_gain":0,"max_hp_loss":0,"event_name":"Dead Adventurer","floor":13,"gold_loss":0},{"damage_healed":0,"gold_gain":175,"player_choice":"AGREE","damage_taken":0,"max_hp_gain":0,"max_hp_loss":0,"event_name":"Liars Game","floor":14,"gold_loss":0,"cards_obtained":["Doubt"]},{"damage_healed":0,"gold_gain":0,"player_choice":"Fight","damage_taken":0,"max_hp_gain":0,"max_hp_loss":0,"event_name":"Colosseum","floor":19,"gold_loss":0},{"damage_healed":0,"gold_gain":0,"player_choice":"Fled From Nobs","damage_taken":0,"max_hp_gain":0,"max_hp_loss":0,"event_name":"Colosseum","floor":19,"gold_loss":0},{"damage_healed":0,"gold_gain":0,"player_choice":"Upgraded Two","damage_taken":0,"max_hp_gain":0,"max_hp_loss":0,"event_name":"Designer","floor":25,"gold_loss":40,"cards_upgraded":["Defend_B","Strike_B"]}],"is_beta":false,"boss_relics":[{"not_picked":["Busted Crown","Pandora\u0027s Box"],"picked":"Tiny House"},{"not_picked":["Empty Cage","Lizard Tail"],"picked":"FrozenCore"}],"items_purged_floors":[21],"is_endless":false,"potions_floor_spawned":[4,7,19,22,31,33,35,36],"killed_by":"Nemesis","ascension_level":0}