{"gold_per_floor":[117,127,127,140,160,160,193,193,193,226,226,242,242,257,257,257],"floor_reached":16,"playtime":773,"items_purged":[],"score":112,"play_id":"50f0bbf1-0ece-4c4b-8d81-727aeeb92371","local_time":"20190124162509","is_ascension_mode":false,"campfire_choices":[{"data":"Limit Break","floor":6,"key":"SMITH"},{"floor":8,"key":"REST"},{"floor":11,"key":"REST"},{"floor":15,"key":"REST"}],"neow_cost":"NONE","seed_source_timestamp":78050455407100,"circlet_count":0,"master_deck":["Strike_R","Strike_R","Strike_R","Strike_R","Strike_R","Defend_R","Defend_R","Defend_R","Defend_R","Bash","Offering","Heavy Blade","Thunderclap","Pain","Limit Break+1","Entrench","Shrug It Off","Parasite","Armaments"],"relics":["Burning Blood","Shuriken","Singing Bowl","Pantograph"],"potions_floor_usage":[12,14],"damage_taken":[{"damage":6,"enemies":"Cultist","floor":1,"turns":2},{"damage":7,"enemies":"Small Slimes","floor":2,"turns":4},{"damage":4,"enemies":"2 Louse","floor":4,"turns":2},{"damage":19,"enemies":"2 Fungi Beasts","floor":5,"turns":4},{"damage":43,"enemies":"Gremlin Nob","floor":7,"turns":5},{"damage":59,"enemies":"Lagavulin","floor":10,"turns":9},{"damage":34,"enemies":"Exordium Thugs","floor":12,"turns":5},{"damage":32,"enemies":"Lots of Slimes","floor":14,"turns":6},{"damage":70,"enemies":"The Guardian","floor":16,"turns":8}],"seed_played":"2409597365776625387","potions_obtained":[{"floor":2,"key":"GamblersBrew"},{"floor":7,"key":"FairyPotion"},{"floor":10,"key":"BloodPotion"}],"is_trial":false,"path_per_floor":["M","M","?","M","M","R","E","R","T","E","R","M","?","M","R","B"],"character_chosen":"IRONCLAD","items_purchased":[],"campfire_rested":3,"item_purchase_floors":[],"current_hp_per_floor":[80,79,79,80,67,67,30,54,54,16,40,22,43,17,42,0],"gold":257,"neow_bonus":"ONE_RANDOM_RARE_CARD","is_prod":false,"is_daily":false,"chose_seed":false,"campfire_upgraded":1,"win_rate":0,"timestamp":1548375909,"path_taken":["M","M","?","?","M","R","E","R","T","E","R","M","?","M","R","BOSS"],"build_version":"2019-01-23","purchased_purges":0,"victory":false,"max_hp_per_floor":[80,80,80,80,80,80,80,80,80,82,82,84,84,84,84,84],"card_choices":[{"not_picked":["Warcry","Wild Strike"],"picked":"Heavy Blade","floor":1},{"not_picked":["Clothesline","Pummel"],"picked":"Thunderclap","floor":2},{"not_picked":["Corruption","Sever Soul","Twin Strike"],"picked":"SKIP","floor":4},{"not_picked":["Hemokinesis","Iron Wave"],"picked":"Entrench","floor":5},{"not_picked":["Infernal Blade","Pummel"],"picked":"Shrug It Off","floor":7},{"not_picked":["Heavy Blade","Disarm","Intimidate"],"picked":"Singing Bowl","floor":10},{"not_picked":["Corruption","Warcry","Clothesline"],"picked":"Singing Bowl","floor":12},{"not_picked":["Flex","Twin Strike"],"picked":"Armaments","floor":14}],"player_experience":59069,"relics_obtained":[{"floor":7,"key":"Shuriken"},{"floor":9,"key":"Singing Bowl"},{"floor":10,"key":"Pantograph"}],"event_choices":[{"damage_healed":0,"gold_gain":0,"player_choice":"2 cards matched","damage_taken":0,"max_hp_gain":0,"max_hp_loss":0,"event_name":"Match and Keep!","floor":3,"gold_loss":0,"cards_obtained":["Pain","Limit Break"]},{"damage_healed":21,"gold_gain":0,"player_choice":"Healed and dodged fight","damage_taken":0,"max_hp_gain":0,"max_hp_loss":0,"event_name":"Mushrooms","floor":13,"gold_loss":0,"cards_obtained":["Parasite"]}],"is_beta":false,"boss_relics":[],"items_purged_floors":[],"is_endless":false,"potions_floor_spawned":[2,7,10],"killed_by":"The Guardian","ascension_level":0}