{"gold_per_floor":[111,36,36,48,63,90,100,100,100,115,125,125,25,100,100,100],"floor_reached":16,"playtime":484,"items_purged":["Strike_B","Defend_B"],"score":117,"play_id":"16a19dae-dadc-4d24-88ba-fc534022cc5d","local_time":"20190118211553","is_ascension_mode":true,"campfire_choices":[{"floor":8,"key":"REST"},{"floor":15,"key":"REST"}],"neow_cost":"NONE","seed_source_timestamp":685287216201823,"circlet_count":0,"master_deck":["Strike_B","Strike_B","Strike_B","Defend_B","Defend_B","Defend_B","Zap","Dualcast","Conserve Battery","Skim","Sweeping Beam","Beam Cell"],"relics":["Cracked Core","NeowsBlessing","Toxic Egg 2","Bird Faced Urn"],"potions_floor_usage":[7,16],"damage_taken":[{"damage":0,"enemies":"2 Louse","floor":1,"turns":1},{"damage":0,"enemies":"Cultist","floor":4,"turns":1},{"damage":0,"enemies":"Small Slimes","floor":5,"turns":1},{"damage":68,"enemies":"Gremlin Nob","floor":6,"turns":5},{"damage":4,"enemies":"2 Fungi Beasts","floor":7,"turns":3},{"damage":9,"enemies":"Blue Slaver","floor":10,"turns":4},{"damage":5,"enemies":"Looter","floor":11,"turns":4},{"damage":65,"enemies":"Slime Boss","floor":16,"turns":8}],"seed_played":"2444450067158825289","potions_obtained":[{"floor":4,"key":"FairyPotion"},{"floor":5,"key":"Energy Potion"},{"floor":11,"key":"SkillPotion"}],"is_trial":false,"path_per_floor":["M","$","?","M","M","E","M","R","T","M","M","?","$","?","R","B"],"character_chosen":"DEFECT","items_purchased":[],"campfire_rested":2,"item_purchase_floors":[],"current_hp_per_floor":[75,75,75,75,75,7,3,25,25,16,11,36,36,25,47,0],"gold":100,"neow_bonus":"THREE_ENEMY_KILL","is_prod":false,"is_daily":false,"chose_seed":false,"campfire_upgraded":0,"win_rate":0,"timestamp":1547858753,"path_taken":["M","$","?","M","?","E","M","R","T","M","M","?","$","?","R","BOSS"],"build_version":"2019-01-17v2","purchased_purges":2,"victory":false,"max_hp_per_floor":[75,75,75,75,75,75,75,75,75,75,75,75,75,75,75,75],"card_choices":[{"not_picked":["Streamline","Steam Power"],"picked":"Conserve Battery","floor":1},{"not_picked":["BootSequence","Barrage"],"picked":"Skim","floor":4},{"not_picked":["Turbo","Stack","Aggregate"],"picked":"SKIP","floor":5},{"not_picked":["Steam Power","Aggregate"],"picked":"Sweeping Beam","floor":6},{"not_picked":["Creative AI","Rip and Tear","Barrage"],"picked":"SKIP","floor":7},{"not_picked":["Blizzard","Streamline","Barrage"],"picked":"SKIP","floor":10},{"not_picked":["Compile Driver","Melter"],"picked":"Beam Cell","floor":11}],"player_experience":170981,"relics_obtained":[{"floor":6,"key":"Toxic Egg 2"},{"floor":9,"key":"Bird Faced Urn"}],"event_choices":[{"damage_healed":0,"gold_gain":0,"player_choice":"Full Heal","damage_taken":0,"max_hp_gain":0,"max_hp_loss":0,"event_name":"Wheel of Change","floor":3,"gold_loss":0},{"damage_healed":25,"gold_gain":0,"player_choice":"Banana","damage_taken":0,"max_hp_gain":0,"max_hp_loss":0,"event_name":"Big Fish","floor":12,"gold_loss":0},{"damage_healed":0,"gold_gain":75,"player_choice":"Gather Gold","damage_taken":11,"max_hp_gain":0,"max_hp_loss":0,"event_name":"World of Goop","floor":14,"gold_loss":0}],"is_beta":false,"boss_relics":[],"items_purged_floors":[2,13],"is_endless":false,"potions_floor_spawned":[4,5,11],"killed_by":"Slime Boss","ascension_level":3}