{"gold_per_floor":[110,260,260,280,14,45,45,45,94,122,122,122,154,167,197,273,273,286,286,211,211,41,41],"floor_reached":23,"playtime":722,"items_purged":[],"score":445,"play_id":"205dcb27-fce1-40f6-8113-b6339aafb1ed","local_time":"20190116130942","is_ascension_mode":true,"campfire_choices":[{"data":"True Grit","floor":7,"key":"SMITH"},{"data":"Carnage","floor":11,"key":"SMITH"},{"floor":15,"key":"DIG"}],"neow_cost":"NONE","seed_source_timestamp":3418113948573622,"circlet_count":0,"master_deck":["AscendersBane","Defend_R","Defend_R","Defend_R","Defend_R","Bash","Shockwave","True Grit+1","Combust+1","Carnage+1","Exhume","Limit Break+1","Hemokinesis+1","Limit Break+1","Shrug It Off+1","Inflame+1"],"relics":["Burning Blood","NeowsBlessing","Frozen Egg 2","Oddly Smooth Stone","Bag of Marbles","Shovel","Singing Bowl","Dodecahedron","Tiny Chest","Astrolabe"],"potions_floor_usage":[18,23],"damage_taken":[{"damage":0,"enemies":"Jaw Worm","floor":1,"turns":1},{"damage":0,"enemies":"Small Slimes","floor":4,"turns":1},{"damage":0,"enemies":"Lagavulin","floor":6,"turns":1},{"damage":32,"enemies":"Gremlin Nob","floor":10,"turns":4},{"damage":15,"enemies":"3 Sentries","floor":13,"turns":6},{"damage":1,"enemies":"2 Louse","floor":14,"turns":2},{"damage":36,"enemies":"The Guardian","floor":16,"turns":12},{"damage":37,"enemies":"Spheric Guardian","floor":18,"turns":6},{"damage":47,"enemies":"Gremlin Leader","floor":23,"turns":4}],"seed_played":"6175968416959033363","potions_obtained":[{"floor":4,"key":"SkillPotion"},{"floor":10,"key":"GamblersBrew"}],"is_trial":false,"path_per_floor":["M","?","?","M","$","E","R","?","T","E","R","T","E","M","R","B",null,"M","?","?","?","$","E"],"character_chosen":"IRONCLAD","items_purchased":["Frozen Egg 2","Inflame+1","BloodPotion"],"campfire_rested":0,"item_purchase_floors":[5,22,22],"current_hp_per_floor":[74,74,67,73,73,75,75,75,75,49,49,49,42,49,49,19,64,35,35,35,35,35,0],"gold":41,"neow_bonus":"THREE_ENEMY_KILL","is_prod":false,"is_daily":false,"chose_seed":false,"campfire_upgraded":2,"win_rate":0,"timestamp":1547640582,"path_taken":["M","?","?","M","$","E","R","?","T","E","R","?","E","M","R","BOSS","M","?","?","?","$","E"],"build_version":"2019-01-10","purchased_purges":0,"victory":false,"max_hp_per_floor":[75,75,75,75,75,75,75,75,75,75,75,75,77,79,79,79,79,81,81,81,81,81,81],"card_choices":[{"not_picked":["Warcry","Entrench"],"picked":"Shockwave","floor":1},{"not_picked":["Second Wind","Reckless Charge"],"picked":"True Grit","floor":4},{"not_picked":["Whirlwind","Pommel Strike"],"picked":"Combust+1","floor":6},{"not_picked":["Armaments","Havoc"],"picked":"Exhume","floor":10},{"not_picked":["Anger","Perfected Strike","Twin Strike"],"picked":"Singing Bowl","floor":13},{"not_picked":["Pommel Strike","Sword Boomerang","Sever Soul"],"picked":"Singing Bowl","floor":14},{"not_picked":["Exhume","Brutality+1"],"picked":"Limit Break","floor":16},{"not_picked":["Perfected Strike","Body Slam","Uppercut"],"picked":"Singing Bowl","floor":18}],"player_experience":745976,"relics_obtained":[{"floor":6,"key":"Oddly Smooth Stone"},{"floor":9,"key":"Bag of Marbles"},{"floor":10,"key":"Shovel"},{"floor":12,"key":"Singing Bowl"},{"floor":13,"key":"Dodecahedron"},{"floor":15,"key":"Tiny Chest"}],"event_choices":[{"damage_healed":0,"gold_gain":150,"player_choice":"AGREE","damage_taken":0,"max_hp_gain":0,"max_hp_loss":0,"event_name":"Liars Game","floor":2,"gold_loss":0,"cards_obtained":["Doubt"]},{"cards_removed":["Doubt"],"damage_healed":0,"gold_gain":0,"player_choice":"Card Removal","damage_taken":7,"max_hp_gain":0,"max_hp_loss":0,"event_name":"Golden Wing","floor":3,"gold_loss":0},{"damage_healed":0,"gold_gain":0,"cards_transformed":["Strike_R"],"player_choice":"Change","damage_taken":0,"max_hp_gain":0,"max_hp_loss":0,"event_name":"Living Wall","floor":8,"gold_loss":0,"cards_obtained":["Carnage"]},{"damage_healed":0,"gold_gain":0,"player_choice":"Ignored","damage_taken":0,"max_hp_gain":0,"max_hp_loss":0,"event_name":"Vampires","floor":19,"gold_loss":0},{"cards_removed":["Strike_R"],"damage_healed":0,"gold_gain":0,"player_choice":"Gave Gold","damage_taken":0,"max_hp_gain":0,"max_hp_loss":0,"event_name":"Beggar","floor":20,"gold_loss":75},{"damage_healed":0,"gold_gain":0,"player_choice":"Forge","damage_taken":0,"max_hp_gain":0,"max_hp_loss":0,"event_name":"Accursed Blacksmith","floor":21,"gold_loss":0,"cards_upgraded":["Limit Break"]}],"is_beta":false,"boss_relics":[{"not_picked":["Orrery","Ectoplasm"],"picked":"Astrolabe"}],"items_purged_floors":[],"is_endless":false,"potions_floor_spawned":[4,10,16],"killed_by":"Gremlin Leader","ascension_level":19}