{"gold_per_floor":[109,109,109,32,32,65,65,96,142,157,157,177,177,197,197,321,321,340,147,171,189,389,389],"floor_reached":23,"playtime":744,"items_purged":["Strike_G"],"score":286,"play_id":"6092fd49-02e9-4adf-934e-1d636c5c3c44","local_time":"20190119195015","is_ascension_mode":true,"campfire_choices":[{"data":"Glass Knife","floor":7,"key":"SMITH"},{"data":"Malaise","floor":11,"key":"SMITH"},{"data":"Leg Sweep","floor":13,"key":"SMITH"},{"data":"Terror","floor":15,"key":"SMITH"}],"neow_cost":"NONE","seed_source_timestamp":258548139583000,"circlet_count":0,"master_deck":["Defend_G","Defend_G","Defend_G","Defend_G","Defend_G","Strike_G","Strike_G","Strike_G","Survivor","Neutralize+1","Well Laid Plans","Glass Knife+1","Malaise+1","Cloak And Dagger","Leg Sweep+1","Terror+1","Adrenaline","Footwork","Backflip","A Thousand Cuts"],"relics":["Ring of the Snake","NeowsBlessing","Golden Idol","Smiling Mask","Boot","Vajra","HoveringKite","Snake Skull"],"potions_floor_usage":[],"damage_taken":[{"damage":0,"enemies":"Cultist","floor":1,"turns":1},{"damage":0,"enemies":"Lagavulin","floor":6,"turns":1},{"damage":0,"enemies":"3 Sentries","floor":8,"turns":1},{"damage":0,"enemies":"2 Louse","floor":10,"turns":1},{"damage":1,"enemies":"Jaw Worm","floor":12,"turns":2},{"damage":2,"enemies":"Lots of Slimes","floor":14,"turns":5},{"damage":9,"enemies":"Hexaghost","floor":16,"turns":10},{"damage":9,"enemies":"2 Thieves","floor":18,"turns":4},{"damage":9,"enemies":"Shell Parasite","floor":20,"turns":5},{"damage":19,"enemies":"Snecko","floor":21,"turns":7},{"damage":35,"enemies":"Slavers","floor":23,"turns":3}],"seed_played":"826144438935357297","potions_obtained":[{"floor":8,"key":"FearPotion"},{"floor":10,"key":"SpeedPotion"},{"floor":12,"key":"SteroidPotion"}],"is_trial":false,"path_per_floor":["M","?","?","$","?","E","R","E","T","M","R","M","R","M","R","B",null,"M","$","M","M","?","E"],"character_chosen":"THE_SILENT","items_purchased":["Glass Knife","Snake Skull"],"campfire_rested":0,"item_purchase_floors":[4,19],"current_hp_per_floor":[70,70,53,53,53,53,53,53,53,53,53,52,52,50,50,41,70,61,61,52,33,33,0],"gold":389,"neow_bonus":"THREE_ENEMY_KILL","is_prod":false,"is_daily":false,"chose_seed":false,"campfire_upgraded":4,"win_rate":0,"timestamp":1547927415,"path_taken":["M","?","?","$","?","E","R","E","T","M","R","M","R","M","R","BOSS","M","$","M","?","?","E"],"build_version":"2019-01-17v2","purchased_purges":1,"victory":false,"max_hp_per_floor":[70,70,70,70,70,70,70,70,70,70,70,70,70,70,70,70,70,70,70,70,70,70,70],"card_choices":[{"not_picked":["Dodge and Roll","Dagger Throw"],"picked":"Well Laid Plans","floor":1},{"not_picked":["Blur","Dagger Throw"],"picked":"Malaise","floor":6},{"not_picked":["Deflect","Underhanded Strike"],"picked":"Cloak And Dagger","floor":8},{"not_picked":["Slice","Concentrate","Deflect"],"picked":"SKIP","floor":10},{"not_picked":["Accuracy","All Out Attack"],"picked":"Leg Sweep","floor":12},{"not_picked":["Poisoned Stab","Quick Slash"],"picked":"Terror","floor":14},{"not_picked":["Night Terror","Die Die Die"],"picked":"Adrenaline","floor":16},{"not_picked":["Backflip","Prepared"],"picked":"Footwork","floor":18},{"not_picked":["Riddle With Holes","Prepared"],"picked":"Backflip","floor":20},{"not_picked":["Outmaneuver","Concentrate"],"picked":"A Thousand Cuts","floor":21}],"player_experience":130689,"relics_obtained":[{"floor":6,"key":"Smiling Mask"},{"floor":8,"key":"Boot"},{"floor":9,"key":"Vajra"}],"event_choices":[{"cards_removed":["Strike_G"],"damage_healed":0,"gold_gain":0,"player_choice":"Forget","damage_taken":0,"max_hp_gain":0,"max_hp_loss":0,"event_name":"Living Wall","floor":2,"gold_loss":0},{"damage_healed":0,"gold_gain":0,"player_choice":"Take Damage","damage_taken":17,"relics_obtained":["Golden Idol"],"max_hp_gain":0,"max_hp_loss":0,"event_name":"Golden Idol","floor":3,"gold_loss":0},{"damage_healed":0,"gold_gain":0,"player_choice":"Upgraded","damage_taken":0,"max_hp_gain":0,"max_hp_loss":0,"event_name":"Upgrade Shrine","floor":5,"gold_loss":0,"cards_upgraded":["Neutralize"]},{"damage_healed":0,"gold_gain":200,"player_choice":"Gold","damage_taken":0,"max_hp_gain":0,"max_hp_loss":0,"event_name":"Wheel of Change","floor":22,"gold_loss":0}],"is_beta":false,"boss_relics":[{"not_picked":["White Beast Statue","WristBlade"],"picked":"HoveringKite"}],"items_purged_floors":[19],"is_endless":false,"potions_floor_spawned":[8,10,12,20],"killed_by":"Slavers","ascension_level":3}