{"gold_per_floor":[114,114,39,39,52,52,63,80,80,97,97,97,112,12,12,12],"floor_reached":16,"playtime":551,"items_purged":["Strike_R","Strike_R"],"score":92,"play_id":"12e3ffa2-4bfb-4e01-bcf9-2121b6a5fa3c","local_time":"20190130194022","is_ascension_mode":false,"campfire_choices":[{"data":"Blood for Blood","floor":6,"key":"SMITH"},{"data":"Metallicize","floor":15,"key":"SMITH"}],"neow_cost":"NONE","seed_source_timestamp":608402125774000,"circlet_count":0,"master_deck":["Strike_R","Defend_R","Defend_R","Defend_R","Defend_R","Bash","Blood for Blood+1","Spot Weakness","Metallicize+1","Armaments"],"relics":["Burning Blood","NeowsBlessing","Bag of Preparation"],"potions_floor_usage":[8,16,16],"damage_taken":[{"damage":0,"enemies":"Small Slimes","floor":1,"turns":1},{"damage":0,"enemies":"2 Louse","floor":5,"turns":2},{"damage":0,"enemies":"Cultist","floor":7,"turns":1},{"damage":9,"enemies":"Gremlin Gang","floor":8,"turns":4},{"damage":18,"enemies":"Lots of Slimes","floor":10,"turns":5},{"damage":5,"enemies":"2 Fungi Beasts","floor":13,"turns":6},{"damage":62,"enemies":"Slime Boss","floor":16,"turns":16}],"seed_played":"-7814951869298073573","potions_obtained":[{"floor":1,"key":"LiquidBronze"},{"floor":7,"key":"Explosive Potion"},{"floor":13,"key":"SkillPotion"}],"is_trial":false,"path_per_floor":["M","?","$","?","M","R","M","M","T","M","?","$","M","$","R","B"],"character_chosen":"IRONCLAD","items_purchased":[],"campfire_rested":0,"item_purchase_floors":[],"current_hp_per_floor":[80,80,80,80,80,80,80,77,77,65,58,58,59,59,59,0],"gold":12,"neow_bonus":"THREE_ENEMY_KILL","is_prod":false,"is_daily":false,"chose_seed":false,"campfire_upgraded":2,"win_rate":0,"timestamp":1548906022,"path_taken":["M","?","$","?","M","R","M","M","T","M","?","$","M","$","R","BOSS"],"build_version":"2019-01-23","purchased_purges":2,"victory":false,"max_hp_per_floor":[80,80,80,80,80,80,80,80,80,80,80,80,80,80,80,80],"card_choices":[{"not_picked":["Carnage","Cleave"],"picked":"Blood for Blood","floor":1},{"not_picked":["Clothesline","Heavy Blade","Rage"],"picked":"SKIP","floor":5},{"not_picked":["Iron Wave","Dual Wield"],"picked":"Spot Weakness","floor":7},{"not_picked":["Pommel Strike","Wild Strike"],"picked":"Metallicize","floor":8},{"not_picked":["Body Slam","Clash"],"picked":"Armaments","floor":10},{"not_picked":["Twin Strike","Uppercut","Wild Strike"],"picked":"SKIP","floor":13}],"player_experience":76160,"relics_obtained":[{"floor":9,"key":"Bag of Preparation"}],"event_choices":[{"damage_healed":0,"gold_gain":0,"player_choice":"Ignored","damage_taken":0,"max_hp_gain":0,"max_hp_loss":0,"event_name":"Liars Game","floor":2,"gold_loss":0},{"cards_removed":["Strike_R"],"damage_healed":0,"gold_gain":0,"player_choice":"Forget","damage_taken":0,"max_hp_gain":0,"max_hp_loss":0,"event_name":"Living Wall","floor":4,"gold_loss":0},{"cards_removed":["Strike_R"],"damage_healed":0,"gold_gain":0,"player_choice":"Card Removal","damage_taken":7,"max_hp_gain":0,"max_hp_loss":0,"event_name":"Golden Wing","floor":11,"gold_loss":0}],"is_beta":false,"boss_relics":[],"items_purged_floors":[3,14],"is_endless":false,"potions_floor_spawned":[1,7,13],"killed_by":"Slime Boss","ascension_level":0}