{"gold_per_floor":[112,112,92,112,123,155,155,166,215,243,243,260,58,58,58,153,153,168,243,102,116,126,126,126,126],"floor_reached":25,"playtime":13443,"items_purged":["Strike_G"],"score":314,"play_id":"9e42a871-2d89-48fc-ad02-29a080e87864","local_time":"20190201165253","is_ascension_mode":true,"campfire_choices":[{"data":"Poisoned Stab","floor":7.0,"key":"SMITH"},{"floor":15.0,"key":"REST"}],"neow_cost":"NONE","seed_source_timestamp":400931617460132,"circlet_count":0,"master_deck":["Defend_G","Defend_G","Defend_G","Defend_G","Defend_G","Strike_G","Strike_G","Strike_G","Survivor","Neutralize+1","Deadly Poison","Poisoned Stab+1","Deadly Poison","Deadly Poison","Poisoned Stab","Escape Plan","Deadly Poison","Footwork","Corpse Explosion","Well Laid Plans"],"special_seed":0,"relics":["Ring of the Snake","Darkstone Periapt","Omamori","Centennial Puzzle","Black Star","Meat on the Bone"],"potions_floor_usage":[25,25],"damage_taken":[{"damage":0.0,"enemies":"Jaw Worm","floor":1.0,"turns":8.0},{"damage":0.0,"enemies":"Cultist","floor":4.0,"turns":3.0},{"damage":1.0,"enemies":"2 Louse","floor":5.0,"turns":3.0},{"damage":32.0,"enemies":"3 Sentries","floor":6.0,"turns":11.0},{"damage":1.0,"enemies":"Exordium Thugs","floor":8.0,"turns":5.0},{"damage":22.0,"enemies":"Lagavulin","floor":10.0,"turns":7.0},{"damage":8.0,"enemies":"Exordium Wildlife","floor":12.0,"turns":3.0},{"damage":6.0,"enemies":"Hexaghost","floor":16.0,"turns":7.0},{"damage":5.0,"enemies":"Spheric Guardian","floor":18.0,"turns":5.0},{"damage":9.0,"enemies":"Shell Parasite","floor":21.0,"turns":5.0},{"damage":10.0,"enemies":"Snake Plant","floor":22.0,"turns":5.0},{"damage":0.0,"enemies":"Book of Stabbing","floor":23.0,"turns":1.0},{"damage":33,"enemies":"Slavers","floor":25,"turns":3}],"seed_played":"484403216973102000","potions_obtained":[{"floor":1.0,"key":"Explosive Potion"},{"floor":3.0,"key":"Fire Potion"},{"floor":6.0,"key":"SmokeBomb"},{"floor":14.0,"key":"SteroidPotion"},{"floor":14.0,"key":"SmokeBomb"}],"is_trial":false,"path_per_floor":["M","?","?","M","M","E","R","M","T","E","?","M","$","?","R","B",null,"M","?","$","M","M","E","T","E"],"character_chosen":"THE_SILENT","items_purchased":["Deadly Poison","Footwork","Corpse Explosion"],"campfire_rested":1,"item_purchase_floors":[13,13,20],"current_hp_per_floor":[70,70,70,70,69,37,37,36,36,14,31,23,23,23,44,38,62,57,50,50,41,31,31,31,0],"gold":126,"neow_bonus":"REMOVE_CARD","is_prod":false,"is_daily":false,"chose_seed":false,"campfire_upgraded":1,"win_rate":0,"timestamp":1549061573,"path_taken":["M","?","?","M","?","E","R","M","T","E","?","M","$","?","R","BOSS","M","?","?","M","M","E","?","E"],"build_version":"2019-01-23","purchased_purges":1,"victory":false,"max_hp_per_floor":[70,70,70,70,70,70,70,70,70,70,70,70,70,70,70,70,70,70,70,70,70,70,70,70,70],"card_choices":[{"not_picked":["Eviscerate","Quick Slash"],"picked":"Deadly Poison","floor":1.0},{"not_picked":["Sucker Punch","Outmaneuver"],"picked":"Poisoned Stab","floor":4.0},{"not_picked":["Accuracy","Infinite Blades"],"picked":"Deadly Poison","floor":5.0},{"not_picked":["Reflex","Masterful Stab","Quick Slash"],"picked":"SKIP","floor":6.0},{"not_picked":["Heel Hook","Accuracy"],"picked":"Deadly Poison","floor":8.0},{"not_picked":["Underhanded Strike","Flying Knee"],"picked":"Poisoned Stab","floor":10.0},{"not_picked":["Dodge and Roll","Flying Knee"],"picked":"Escape Plan","floor":12.0},{"not_picked":["Poisoned Stab","Flying Knee","Blade Dance"],"picked":"SKIP","floor":18.0},{"not_picked":["Dagger Throw","Dodge and Roll","Dash"],"picked":"SKIP","floor":21.0},{"not_picked":["Outmaneuver","Bane"],"picked":"Well Laid Plans","floor":22.0}],"player_experience":283803,"relics_obtained":[{"floor":6.0,"key":"Darkstone Periapt"},{"floor":9.0,"key":"Omamori"},{"floor":10.0,"key":"Centennial Puzzle"},{"floor":24.0,"key":"Meat on the Bone"}],"event_choices":[{"damage_healed":0.0,"max_hp_gain":0.0,"max_hp_loss":0.0,"gold_gain":0.0,"event_name":"Living Wall","player_choice":"Grow","floor":2.0,"gold_loss":0.0,"damage_taken":0.0,"cards_upgraded":["Neutralize"]},{"damage_healed":0.0,"max_hp_gain":0.0,"max_hp_loss":0.0,"gold_gain":0.0,"event_name":"The Woman in Blue","player_choice":"Bought 1 Potion","floor":3.0,"gold_loss":0.0,"damage_taken":0.0},{"damage_healed":17.0,"max_hp_gain":0.0,"max_hp_loss":0.0,"gold_gain":0.0,"event_name":"Mushrooms","player_choice":"Healed and dodged fight","floor":11.0,"gold_loss":0.0,"damage_taken":0.0,"cards_obtained":["Parasite"]},{"damage_healed":0.0,"max_hp_gain":0.0,"max_hp_loss":0.0,"gold_gain":0.0,"event_name":"Lab","player_choice":"Got Potions","floor":14.0,"gold_loss":0.0,"damage_taken":0.0},{"damage_healed":0.0,"max_hp_gain":0.0,"max_hp_loss":0.0,"gold_gain":75.0,"event_name":"FaceTrader","player_choice":"Touch","floor":19.0,"gold_loss":0.0,"damage_taken":7.0}],"is_beta":false,"boss_relics":[{"not_picked":["Ectoplasm","Runic Dome"],"picked":"Black Star"}],"items_purged_floors":[13],"is_endless":false,"potions_floor_spawned":[1,6,10,18,21],"killed_by":"Slavers","ascension_level":5}