{"gold_per_floor":[114,39,55,55,55,55,66,84,157,186,198,210,37,70,70,166,166,177,177,52,52,62,62,76,92,163,163,163,13,13,32,32,135,135,155,172,172,172,101,101,101,101],"floor_reached":42,"playtime":3210,"items_purged":["Strike_B","Strike_B","Strike_B+1","Defend_B+1"],"score":396,"play_id":"c8c2d559-78c9-46fe-bada-c405831d9b5e","local_time":"20190103180941","is_ascension_mode":false,"campfire_choices":[{"data":"FTL","floor":6,"key":"SMITH"},{"data":"Zap","floor":15,"key":"SMITH"},{"data":"Beam Cell","floor":23,"key":"SMITH"},{"data":"Dualcast","floor":27,"key":"SMITH"},{"data":"Coolheaded","floor":30,"key":"SMITH"},{"data":"Beam Cell","floor":32,"key":"SMITH"},{"data":"Genetic Algorithm","floor":40,"key":"SMITH"}],"neow_cost":"NONE","seed_source_timestamp":189054188915800,"circlet_count":0,"master_deck":["Strike_B+1","Defend_B+1","Defend_B+1","Defend_B+1","Zap+1","Dualcast+1","FTL+1","Cold Snap","Ball Lightning","Coolheaded+1","Static Discharge+1","Leap","Conserve Battery","Melter","Electrodynamics","Beam Cell+1","Ball Lightning","Leap","Beam Cell+1","Amplify","Redo+1","Lockon+1","Genetic Algorithm+1","Master of Strategy"],"relics":["Cracked Core","NeowsBlessing","Potion Belt","Pantograph","Odd Mushroom","Bottled Flame","Lizard Tail","Dodecahedron","MutagenicStrength","Inserter"],"potions_floor_usage":[10,16,16,31,33,33,42],"damage_taken":[{"damage":0,"enemies":"Small Slimes","floor":1,"turns":1},{"damage":0,"enemies":"2 Louse","floor":3,"turns":1},{"damage":0,"enemies":"Cultist","floor":7,"turns":1},{"damage":12,"enemies":"Exordium Wildlife","floor":8,"turns":3},{"damage":14,"enemies":"The Mushroom Lair","floor":10,"turns":6},{"damage":9,"enemies":"2 Fungi Beasts","floor":11,"turns":3},{"damage":6,"enemies":"Red Slaver","floor":12,"turns":3},{"damage":6,"enemies":"3 Sentries","floor":14,"turns":8},{"damage":32,"enemies":"Slime Boss","floor":16,"turns":8},{"damage":0,"enemies":"3 Byrds","floor":18,"turns":2},{"damage":0,"enemies":"Spheric Guardian","floor":22,"turns":3},{"damage":12,"enemies":"Shelled Parasite and Fungi","floor":24,"turns":5},{"damage":10,"enemies":"Snecko","floor":25,"turns":6},{"damage":0,"enemies":"Snake Plant","floor":31,"turns":2},{"damage":39,"enemies":"Automaton","floor":33,"turns":9},{"damage":15,"enemies":"3 Darklings","floor":35,"turns":3},{"damage":9,"enemies":"Orb Walker","floor":36,"turns":3},{"damage":116,"enemies":"Nemesis","floor":42,"turns":8}],"seed_played":"1646998466759234516","potions_obtained":[{"floor":7,"key":"Regen Potion"},{"floor":8,"key":"SpeedPotion"},{"floor":10,"key":"Poison Potion"},{"floor":12,"key":"AttackPotion"},{"floor":18,"key":"Dexterity Potion"},{"floor":24,"key":"SteroidPotion"},{"floor":33,"key":"Dexterity Potion"}],"is_trial":false,"path_per_floor":["M","$","M","?","?","R","M","M","T","?","M","M","$","E","R","B",null,"M","?","$","?","M","R","M","M","T","R","?","$","R","M","R","B",null,"M","M","$","?","$","R","?","E"],"character_chosen":"DEFECT","items_purchased":["Melter","Genetic Algorithm"],"campfire_rested":0,"item_purchase_floors":[13,39],"current_hp_per_floor":[75,75,75,42,67,67,67,55,55,55,46,40,40,34,34,27,75,75,75,75,75,75,75,63,53,53,53,53,53,53,53,53,36,75,60,51,51,51,51,51,51,0],"gold":101,"neow_bonus":"THREE_ENEMY_KILL","is_prod":false,"is_daily":false,"chose_seed":false,"campfire_upgraded":7,"win_rate":0.0,"timestamp":1546538981,"path_taken":["M","$","M","?","?","R","M","M","T","?","M","M","$","E","R","BOSS","M","?","$","?","M","R","M","?","T","R","?","$","R","M","R","BOSS","M","M","$","?","$","R","?","E"],"build_version":"2018-12-20","purchased_purges":4,"victory":false,"max_hp_per_floor":[75,75,75,75,75,75,75,75,75,75,75,75,75,75,75,75,75,75,75,75,75,75,75,75,75,75,75,75,75,75,75,75,75,75,75,75,75,75,75,75,75,75],"card_choices":[{"not_picked":["Hologram","Leap"],"picked":"FTL","floor":1},{"not_picked":["Scrape","Steam"],"picked":"Cold Snap","floor":3},{"not_picked":["Redo","Aggregate"],"picked":"Ball Lightning","floor":7},{"not_picked":["Gash","Chaos"],"picked":"Coolheaded","floor":8},{"not_picked":["Streamline","Heatsinks"],"picked":"Static Discharge","floor":10},{"not_picked":["Barrage","Static Discharge"],"picked":"Leap","floor":11},{"not_picked":["Cold Snap","Capacitor"],"picked":"Conserve Battery","floor":12},{"not_picked":["Consume","Hologram","Heatsinks"],"picked":"SKIP","floor":14},{"not_picked":["Machine Learning","Multi-Cast"],"picked":"Electrodynamics","floor":16},{"not_picked":["Steam Power","Gash","Darkness"],"picked":"SKIP","floor":18},{"not_picked":["Cold Snap","Streamline"],"picked":"Beam Cell","floor":22},{"not_picked":["Steam","Leap"],"picked":"Ball Lightning","floor":24},{"not_picked":["Stack","Streamline"],"picked":"Leap","floor":25},{"not_picked":["Leap","Darkness"],"picked":"Beam Cell","floor":31},{"not_picked":["Machine Learning","Buffer"],"picked":"Amplify","floor":33},{"not_picked":["Force Field","Conserve Battery+1"],"picked":"Redo+1","floor":35},{"not_picked":["Aggregate","Tempest"],"picked":"Lockon+1","floor":36},{"not_picked":["Enlightenment","Chrysalis"],"picked":"Master of Strategy","floor":41}],"player_experience":6058,"relics_obtained":[{"floor":9,"key":"Pantograph"},{"floor":10,"key":"Odd Mushroom"},{"floor":14,"key":"Bottled Flame"},{"floor":26,"key":"Dodecahedron"}],"event_choices":[{"damage_healed":0,"gold_gain":0,"player_choice":"Success","damage_taken":33,"relics_obtained":["Potion Belt"],"max_hp_gain":0,"max_hp_loss":0,"event_name":"Scrap Ooze","floor":4,"gold_loss":0},{"damage_healed":25,"gold_gain":0,"player_choice":"Banana","damage_taken":0,"max_hp_gain":0,"max_hp_loss":0,"event_name":"Big Fish","floor":5,"gold_loss":0},{"damage_healed":0,"gold_gain":0,"player_choice":"Fought Mushrooms","damage_taken":0,"max_hp_gain":0,"max_hp_loss":0,"event_name":"Mushrooms","floor":10,"gold_loss":0},{"damage_healed":0,"gold_gain":0,"player_choice":"Simplicity","damage_taken":0,"max_hp_gain":0,"max_hp_loss":0,"event_name":"Back to Basics","floor":19,"gold_loss":0,"cards_upgraded":["Strike_B","Strike_B","Defend_B","Defend_B","Defend_B","Defend_B"]},{"damage_healed":0,"gold_gain":0,"player_choice":"Upgraded","damage_taken":0,"max_hp_gain":0,"max_hp_loss":0,"event_name":"Upgrade Shrine","floor":21,"gold_loss":0,"cards_upgraded":["Static Discharge"]},{"damage_healed":0,"gold_gain":0,"player_choice":"Inject Mutagens","damage_taken":0,"relics_obtained":["MutagenicStrength"],"max_hp_gain":0,"max_hp_loss":0,"event_name":"Drug Dealer","floor":28,"gold_loss":0},{"damage_healed":0,"gold_gain":0,"player_choice":"Ignored","damage_taken":0,"max_hp_gain":0,"max_hp_loss":0,"event_name":"Tomb of Lord Red Mask","floor":38,"gold_loss":0},{"damage_healed":0,"gold_gain":0,"player_choice":"Memory 1","damage_taken":0,"max_hp_gain":0,"max_hp_loss":0,"event_name":"SensoryStone","floor":41,"gold_loss":0}],"is_beta":false,"boss_relics":[{"not_picked":["White Beast Statue","Fusion Hammer"],"picked":"Lizard Tail"},{"not_picked":["Nuclear Battery","Orrery"],"picked":"Inserter"}],"items_purged_floors":[2,13,20,29],"is_endless":false,"potions_floor_spawned":[7,8,10,12,18,24,33],"killed_by":"Nemesis","ascension_level":0}