{"gold_per_floor":[110,110,120,134,134,168,168,182,182,199,209,134,134,166,166,166],"floor_reached":16,"playtime":561,"items_purged":["Regret"],"score":218,"play_id":"d35a320b-8daf-4eb1-9b7b-21a19d1b327b","local_time":"20190116131915","is_ascension_mode":true,"campfire_choices":[{"data":"Uppercut","floor":7,"key":"SMITH"},{"data":"1","floor":15,"key":"LIFT"}],"neow_cost":"NONE","seed_source_timestamp":3418853465863328,"circlet_count":0,"master_deck":["AscendersBane","Strike_R","Strike_R","Strike_R","Strike_R","Strike_R","Defend_R","Defend_R","Defend_R","Defend_R","Bash+1","Pommel Strike","Reaper","Uppercut+1","Carnage+1","Bludgeon+1","Dropkick","Barricade"],"relics":["Burning Blood","Pocketwatch","Girya","Shovel"],"potions_floor_usage":[14,16,16],"damage_taken":[{"damage":1,"enemies":"Cultist","floor":1,"turns":3},{"damage":7,"enemies":"2 Louse","floor":3,"turns":3},{"damage":12,"enemies":"Jaw Worm","floor":4,"turns":3},{"damage":33,"enemies":"Lagavulin","floor":6,"turns":5},{"damage":14,"enemies":"Blue Slaver","floor":8,"turns":3},{"damage":23,"enemies":"Exordium Wildlife","floor":10,"turns":4},{"damage":0,"enemies":"Large Slime","floor":11,"turns":3},{"damage":6,"enemies":"Gremlin Nob","floor":14,"turns":3},{"damage":47,"enemies":"Hexaghost","floor":16,"turns":9}],"seed_played":"-9210193194035055431","potions_obtained":[{"floor":6,"key":"SpeedPotion"},{"floor":10,"key":"Swift Potion"},{"floor":14,"key":"Energy Potion"}],"is_trial":false,"path_per_floor":["M","?","M","M","?","E","R","M","T","M","M","$","?","E","R","B"],"character_chosen":"IRONCLAD","items_purchased":[],"campfire_rested":0,"item_purchase_floors":[],"current_hp_per_floor":[73,73,72,66,66,45,45,37,37,30,38,38,38,38,38,0],"gold":166,"neow_bonus":"UPGRADE_CARD","is_prod":false,"is_daily":false,"chose_seed":false,"campfire_upgraded":1,"win_rate":0,"timestamp":1547641155,"path_taken":["M","?","M","?","?","E","R","M","T","?","?","$","?","E","R","BOSS"],"build_version":"2019-01-10","purchased_purges":1,"victory":false,"max_hp_per_floor":[75,75,75,75,75,75,75,75,75,75,75,75,75,75,75,75],"card_choices":[{"not_picked":["Twin Strike","Shrug It Off"],"picked":"Pommel Strike","floor":1},{"not_picked":["Heavy Blade","Warcry"],"picked":"Uppercut","floor":3},{"not_picked":["Thunderclap","Anger"],"picked":"Carnage","floor":4},{"not_picked":["Infernal Blade","Seeing Red","Hemokinesis"],"picked":"SKIP","floor":6},{"not_picked":["Sword Boomerang","Infernal Blade","Seeing Red"],"picked":"SKIP","floor":8},{"not_picked":["Havoc","Bloodletting"],"picked":"Bludgeon","floor":10},{"not_picked":["Shrug It Off","Clash"],"picked":"Dropkick","floor":11},{"not_picked":["Body Slam","Dropkick"],"picked":"Barricade","floor":14}],"player_experience":746698,"relics_obtained":[{"floor":6,"key":"Pocketwatch"},{"floor":9,"key":"Girya"},{"floor":14,"key":"Shovel"}],"event_choices":[{"damage_healed":0,"gold_gain":0,"player_choice":"2 cards matched","damage_taken":0,"max_hp_gain":0,"max_hp_loss":0,"event_name":"Match and Keep!","floor":2,"gold_loss":0,"cards_obtained":["Regret","Reaper"]},{"damage_healed":0,"gold_gain":0,"player_choice":"Upgraded","damage_taken":0,"max_hp_gain":0,"max_hp_loss":0,"event_name":"Upgrade Shrine","floor":5,"gold_loss":0,"cards_upgraded":["Carnage"]},{"damage_healed":0,"gold_gain":0,"player_choice":"Grow","damage_taken":0,"max_hp_gain":0,"max_hp_loss":0,"event_name":"Living Wall","floor":13,"gold_loss":0,"cards_upgraded":["Bludgeon"]}],"is_beta":false,"boss_relics":[],"items_purged_floors":[12],"is_endless":false,"potions_floor_spawned":[6,10,14],"killed_by":"Hexaghost","ascension_level":19}