{"gold_per_floor":[117,42,56,56,56,56,83,99,126,142,142,142,142,173,173,270,270,281,129,141,141,91,91,91],"floor_reached":24,"playtime":1233,"items_purged":["Strike_B","Shame"],"score":377,"play_id":"134bf832-33ba-49fd-a6a4-014c6de50d1c","local_time":"20190130141954","is_ascension_mode":true,"campfire_choices":[{"data":"Zap","floor":6.0,"key":"SMITH"},{"data":"Beam Cell","floor":11.0,"key":"SMITH"},{"data":"Conserve Battery","floor":13.0,"key":"SMITH"},{"floor":15.0,"key":"REST"},{"floor":23,"key":"REST"}],"neow_cost":"NONE","seed_source_timestamp":0,"circlet_count":0,"master_deck":["AscendersBane","Defend_B+1","Defend_B","Defend_B+1","Defend_B","Zap+1","Dualcast","Gash","Beam Cell","Regret","Ball Lightning+1","Beam Cell+1","Conserve Battery+1","Melter","Seek","Writhe","Writhe","Sweeping Beam","Stack+1","Bite","Bite","Bite","Bite","Bite","Gash"],"special_seed":0,"relics":["Cracked Core","NeowsBlessing","Happy Flower","Bag of Preparation","War Paint","Cables","Calling Bell","Lantern","Toxic Egg 2","Shovel"],"potions_floor_usage":[24],"damage_taken":[{"damage":0.0,"enemies":"Jaw Worm","floor":1.0,"turns":1.0},{"damage":0.0,"enemies":"2 Louse","floor":3.0,"turns":1.0},{"damage":0.0,"enemies":"3 Sentries","floor":7.0,"turns":1.0},{"damage":2.0,"enemies":"Cultist","floor":8.0,"turns":3.0},{"damage":0.0,"enemies":"2 Fungi Beasts","floor":10.0,"turns":2.0},{"damage":19.0,"enemies":"Gremlin Nob","floor":14.0,"turns":3.0},{"damage":40.0,"enemies":"The Guardian","floor":16.0,"turns":9.0},{"damage":39,"enemies":"3 Byrds","floor":18,"turns":4},{"damage":0,"enemies":"Spheric Guardian","floor":20,"turns":1},{"damage":67,"enemies":"Book of Stabbing","floor":24,"turns":6}],"seed_played":"-1429034554608201037","potions_obtained":[{"floor":1.0,"key":"FocusPotion"},{"floor":3.0,"key":"Strength Potion"},{"floor":16.0,"key":"Weak Potion"}],"is_trial":false,"path_per_floor":["M","$","M","$","?","R","E","M","T","M","R","?","R","E","R","B",null,"M","$","M","?","$","R","E"],"character_chosen":"DEFECT","items_purchased":["Stack+1","Gash"],"campfire_rested":2,"item_purchase_floors":[19,22],"current_hp_per_floor":[68,68,68,68,68,68,68,66,66,66,66,66,66,47,69,29,64,25,25,25,25,25,40,0],"gold":91,"neow_bonus":"THREE_ENEMY_KILL","is_prod":false,"is_daily":false,"chose_seed":false,"campfire_upgraded":3,"win_rate":0,"timestamp":1548857994,"path_taken":["M","$","M","$","?","R","E","M","T","M","R","?","R","E","R","BOSS","M","$","?","?","$","R","E"],"build_version":"2019-01-23","purchased_purges":2,"victory":false,"max_hp_per_floor":[75,75,75,75,75,75,75,75,75,75,75,75,75,75,75,75,75,75,75,75,52,52,52,52],"card_choices":[{"not_picked":["Double Energy","Compile Driver"],"picked":"Gash","floor":1.0},{"not_picked":["Auto Shields","Chaos"],"picked":"Beam Cell","floor":3.0},{"not_picked":["Hello World","Reprogram"],"picked":"Ball Lightning","floor":7.0},{"not_picked":["Ball Lightning","Undo"],"picked":"Beam Cell","floor":8.0},{"not_picked":["Beam Cell","Lockon"],"picked":"Conserve Battery","floor":10.0},{"not_picked":["Barrage","Darkness"],"picked":"Melter","floor":14.0},{"not_picked":["Fission","Reboot"],"picked":"Seek","floor":16.0},{"not_picked":["Beam Cell+1","Storm"],"picked":"Sweeping Beam","floor":18},{"not_picked":["Double Energy+1","Streamline+1","Rip and Tear"],"picked":"SKIP","floor":20}],"player_experience":210881,"relics_obtained":[{"floor":7.0,"key":"Bag of Preparation"},{"floor":9.0,"key":"War Paint"},{"floor":14.0,"key":"Cables"},{"floor":17,"key":"Lantern"},{"floor":17,"key":"Toxic Egg 2"},{"floor":17,"key":"Shovel"}],"event_choices":[{"damage_healed":0.0,"max_hp_gain":0.0,"max_hp_loss":0.0,"gold_gain":0.0,"event_name":"Big Fish","player_choice":"Box","floor":5.0,"gold_loss":0.0,"damage_taken":0.0,"relics_obtained":["Happy Flower"],"cards_obtained":["Regret"]},{"damage_healed":0.0,"max_hp_gain":0.0,"max_hp_loss":0.0,"gold_gain":0.0,"event_name":"Accursed Blacksmith","player_choice":"Forge","floor":12.0,"gold_loss":0.0,"damage_taken":0.0,"cards_upgraded":["Ball Lightning"]},{"damage_healed":0,"gold_gain":0,"player_choice":"Became a vampire","damage_taken":0,"max_hp_gain":0,"max_hp_loss":23,"event_name":"Vampires","floor":21,"gold_loss":0,"cards_obtained":["Bite","Bite","Bite","Bite","Bite"]}],"is_beta":false,"boss_relics":[{"not_picked":["Orrery","Velvet Choker"],"picked":"Calling Bell"}],"items_purged_floors":[2,19],"is_endless":false,"potions_floor_spawned":[1,3,10,16],"killed_by":"Book of Stabbing","ascension_level":11}