{"gold_per_floor":[111,111,129,144,108,108,141,141,167,167,180,194,70,70,70,169,169,186,197,214,139,139],"floor_reached":22,"playtime":1220,"items_purged":[],"score":186,"play_id":"e8c8eb04-169d-4fea-ad72-fb7dc7f004bc","local_time":"20180623131905","is_ascension_mode":false,"campfire_choices":[{"data":"Fusion","floor":6,"key":"SMITH"},{"floor":8,"key":"REST"},{"data":"Melter","floor":10,"key":"SMITH"},{"data":"Capacitor","floor":15,"key":"SMITH"}],"neow_cost":"NONE","seed_source_timestamp":9106348003743,"circlet_count":0,"master_deck":["Strike_B","Strike_B","Strike_B","Strike_B","Defend_B","Defend_B","Defend_B","Defend_B","Zap","Dualcast","Cold Snap","Redo+1","Fusion+1","Capacitor+1","Melter+1","Stack","Redo","Coolheaded","Machine Learning","Rebound+1","Stack","Barrage"],"relics":["Cracked Core","Pen Nib","Anchor","Nuclear Battery"],"potions_floor_usage":[13,16,20],"damage_taken":[{"damage":7,"enemies":"Small Slimes","floor":1,"turns":4},{"damage":0,"enemies":"2 Louse","floor":3,"turns":3},{"damage":4,"enemies":"Jaw Worm","floor":4,"turns":3},{"damage":16,"enemies":"3 Sentries","floor":7,"turns":7},{"damage":3,"enemies":"Red Slaver","floor":11,"turns":4},{"damage":2,"enemies":"3 Louse","floor":12,"turns":3},{"damage":61,"enemies":"The Guardian","floor":16,"turns":13},{"damage":23,"enemies":"Shell Parasite","floor":18,"turns":5},{"damage":17,"enemies":"3 Byrds","floor":19,"turns":6},{"damage":26,"enemies":"Snecko","floor":20,"turns":6},{"damage":20,"enemies":"Snake Plant","floor":22,"turns":3}],"seed_played":"8543675662911415020","potions_obtained":[{"floor":3,"key":"Poison Potion"},{"floor":4,"key":"Strength Potion"},{"floor":7,"key":"SkillPotion"},{"floor":11,"key":"Regen Potion"},{"floor":18,"key":"Strength Potion"},{"floor":19,"key":"Strength Potion"}],"is_trial":false,"path_per_floor":["M","?","M","M","$","R","E","R","T","R","M","M","$","?","R","B",null,"M","M","M","?"],"character_chosen":"DEFECT","items_purchased":["Capacitor","Fruit Juice","Coolheaded"],"campfire_rested":1,"item_purchase_floors":[5,13,13],"current_hp_per_floor":[68,68,68,64,64,64,48,70,70,70,67,65,70,75,75,29,85,62,45,19,19,0],"gold":139,"neow_bonus":"THREE_CARDS","is_prod":false,"is_daily":false,"chose_seed":false,"campfire_upgraded":3,"win_rate":0.0,"timestamp":1529752745,"path_taken":["M","?","M","M","$","R","E","R","T","R","M","M","$","?","R","BOSS","M","M","M","?","?"],"build_version":"2018-06-21v2","purchased_purges":0,"victory":false,"max_hp_per_floor":[75,75,75,75,75,75,75,75,75,75,75,75,80,85,85,85,85,85,85,85,85,85],"card_choices":[{"not_picked":["Lockon","Fusion"],"picked":"Cold Snap","floor":0},{"not_picked":["Compile Driver","Go for the Eyes"],"picked":"Redo","floor":1},{"not_picked":["Sweeping Beam","Gash"],"picked":"Fusion","floor":3},{"not_picked":["Glacier","Compile Driver"],"picked":"Static Discharge","floor":4},{"not_picked":["Glacier","Leap"],"picked":"Melter","floor":7},{"not_picked":["Ball Lightning","Conserve Battery"],"picked":"Stack","floor":11},{"not_picked":["Go for the Eyes","Fusion"],"picked":"Redo","floor":12},{"not_picked":["Buffer","Reboot"],"picked":"Machine Learning","floor":16},{"not_picked":["Rip and Tear","Compile Driver"],"picked":"Rebound+1","floor":18},{"not_picked":["Capacitor","Coolheaded+1"],"picked":"Stack","floor":19},{"not_picked":["Beam Cell","Double Energy"],"picked":"Barrage","floor":20}],"player_experience":22684,"relics_obtained":[{"floor":7,"key":"Pen Nib"},{"floor":9,"key":"Anchor"}],"event_choices":[{"event_name":"Living Wall","player_choice":"Grow","floor":2,"damage_taken":0},{"event_name":"Big Fish","player_choice":"Donut","floor":14,"damage_taken":0},{"event_name":"Beggar","player_choice":"Gave Gold","floor":21,"damage_taken":0}],"boss_relics":[{"not_picked":["Empty Cage","White Beast Statue"],"picked":"Nuclear Battery"}],"items_purged_floors":[],"is_endless":false,"potions_floor_spawned":[3,4,7,11,18,19],"killed_by":"Snake Plant","ascension_level":0}