{"gold_per_floor":[119,137,150,150,150,181,181,181,204,243,257,257,273,314,314,443,443,468,393,418,61,80,146,146,170,170,170,188,188,212,14,14,139,139,152,171,24,24,24,58,58,79,161,176,176,176,216,235,235,235],"floor_reached":51,"playtime":5028,"items_purged":["Strike_R","Strike_R"],"score":847,"play_id":"ad813a36-3e39-4b03-b871-ff53f97c07be","local_time":"20190105115545","is_ascension_mode":false,"campfire_choices":[{"data":"Armaments","floor":7,"key":"SMITH"},{"data":"Barricade","floor":15,"key":"SMITH"},{"data":"Brutality","floor":24,"key":"SMITH"},{"data":"Metallicize","floor":27,"key":"SMITH"},{"floor":32,"key":"REST"},{"floor":41,"key":"REST"},{"data":"Body Slam","floor":45,"key":"SMITH"},{"data":"Brutality","floor":49,"key":"SMITH"}],"neow_cost":"NONE","seed_source_timestamp":652927054477675,"circlet_count":0,"master_deck":["Strike_R","Strike_R+1","Defend_R","Defend_R","Defend_R+1","Bash","Iron Wave","Armaments+1","Dropkick+1","Shrug It Off","Metallicize+1","Shrug It Off+1","Barricade+1","Cleave","True Grit","Brutality+1","Thunderclap","Sword Boomerang","Seeing Red","Rage","Iron Wave","Thunderclap","Intimidate","Metallicize+1","Blood for Blood","Metallicize+1","Offering","Metallicize+1","Sword Boomerang+1","Body Slam+1","Madness","Madness","Bloodletting+1","Clumsy","Combust","Parasite","Brutality+1","Dropkick+1"],"relics":["Black Blood","Blood Vial","Boot","Golden Idol","Potion Belt","Pen Nib","War Paint","HandDrill","Tiny Chest","Bottled Tornado","DollysMirror","Cursed Key","Anchor","Self Forming Clay","Meat on the Bone","Question Card","Bronze Scales"],"potions_floor_usage":[10,16,23,28,30,30,30,30,30,50,50,50],"damage_taken":[{"damage":6,"enemies":"Jaw Worm","floor":1,"turns":4},{"damage":1,"enemies":"2 Louse","floor":2,"turns":2},{"damage":3,"enemies":"Small Slimes","floor":3,"turns":3},{"damage":20,"enemies":"3 Sentries","floor":6,"turns":10},{"damage":11,"enemies":"Gremlin Nob","floor":10,"turns":4},{"damage":7,"enemies":"3 Louse","floor":11,"turns":5},{"damage":0,"enemies":"2 Fungi Beasts","floor":13,"turns":4},{"damage":0,"enemies":"Lagavulin","floor":14,"turns":8},{"damage":14,"enemies":"The Guardian","floor":16,"turns":16},{"damage":6,"enemies":"Shell Parasite","floor":18,"turns":9},{"damage":9,"enemies":"Chosen","floor":20,"turns":10},{"damage":26,"enemies":"Snake Plant","floor":22,"turns":7},{"damage":50,"enemies":"Slavers","floor":23,"turns":6},{"damage":13,"enemies":"Snecko","floor":25,"turns":7},{"damage":12,"enemies":"Centurion and Healer","floor":28,"turns":9},{"damage":27,"enemies":"3 Cultists","floor":30,"turns":9},{"damage":27,"enemies":"Automaton","floor":33,"turns":15},{"damage":11,"enemies":"3 Shapes","floor":35,"turns":6},{"damage":20,"enemies":"3 Darklings","floor":36,"turns":6},{"damage":16,"enemies":"Giant Head","floor":40,"turns":11},{"damage":10,"enemies":"Spire Growth","floor":42,"turns":5},{"damage":10,"enemies":"Sphere and 2 Shapes","floor":44,"turns":6},{"damage":12,"enemies":"Nemesis","floor":47,"turns":7},{"damage":12,"enemies":"4 Shapes","floor":48,"turns":4},{"damage":64,"enemies":"Time Eater","floor":50,"turns":11}],"seed_played":"-4457842680615380868","potions_obtained":[{"floor":2,"key":"SpeedPotion"},{"floor":3,"key":"AttackPotion"},{"floor":10,"key":"EntropicBrew"},{"floor":11,"key":"SkillPotion"},{"floor":18,"key":"EssenceOfSteel"},{"floor":25,"key":"Dexterity Potion"},{"floor":28,"key":"Fire Potion"},{"floor":35,"key":"Swift Potion"},{"floor":36,"key":"PowerPotion"},{"floor":44,"key":"BloodPotion"}],"is_trial":false,"path_per_floor":["M","M","M","?","?","E","R","?","T","E","M","?","M","E","R","B",null,"M","?","M","$","M","E","R","M","T","R","M","?","M","$","R","B",null,"M","M","$","?","?","E","R","M","T","M","R","T","E","M","R","B",null],"character_chosen":"IRONCLAD","items_purchased":["Seeing Red","HandDrill","DollysMirror","Body Slam"],"campfire_rested":2,"item_purchase_floors":[21,21,31,37],"current_hp_per_floor":[80,80,80,64,57,45,45,45,45,42,43,43,51,59,59,53,80,80,80,80,80,64,26,26,25,25,25,25,25,24,24,48,33,80,79,70,70,60,60,56,80,80,80,80,80,80,78,78,78,46],"gold":235,"neow_bonus":"RANDOM_COMMON_RELIC","is_prod":false,"is_daily":false,"chose_seed":false,"campfire_upgraded":6,"win_rate":0.0,"timestamp":1546707345,"path_taken":["M","M","M","?","?","E","R","?","T","E","M","?","M","E","R","BOSS","M","?","M","$","M","E","R","M","T","R","M","?","M","$","R","BOSS","M","?","$","?","?","E","R","?","T","M","R","?","E","M","R","BOSS"],"build_version":"2019-01-03v4","purchased_purges":2,"victory":true,"max_hp_per_floor":[80,80,80,80,80,80,80,80,80,80,80,80,80,80,80,80,80,80,80,80,80,80,80,80,80,80,80,80,80,80,80,80,80,80,80,80,80,80,80,80,80,80,80,80,80,80,80,80,80,80],"card_choices":[{"not_picked":["Clothesline","Seeing Red"],"picked":"Iron Wave","floor":1},{"not_picked":["Clothesline","Warcry"],"picked":"Armaments","floor":2},{"not_picked":["Combust","True Grit"],"picked":"Dropkick","floor":3},{"not_picked":["Armaments","Warcry"],"picked":"Shrug It Off","floor":6},{"not_picked":["Clothesline","True Grit"],"picked":"Metallicize","floor":10},{"not_picked":["Clash","Sever Soul"],"picked":"Shrug It Off","floor":11},{"not_picked":["Barricade","Reckless Charge"],"picked":"Cleave","floor":13},{"not_picked":["Perfected Strike","Twin Strike"],"picked":"True Grit","floor":14},{"not_picked":["Dark Embrace","Fiend Fire"],"picked":"Brutality","floor":16},{"not_picked":["Dual Wield","Bloodletting"],"picked":"Thunderclap","floor":18},{"not_picked":["Thunderclap","Headbutt"],"picked":"Sword Boomerang","floor":20},{"not_picked":["Clothesline","Pummel"],"picked":"Rage","floor":22},{"not_picked":["Cleave+1","Corruption"],"picked":"Iron Wave","floor":23},{"not_picked":["Feel No Pain","Sever Soul+1"],"picked":"Thunderclap","floor":25},{"not_picked":["Corruption","Sword Boomerang"],"picked":"Intimidate","floor":28},{"not_picked":["Anger+1","Uppercut"],"picked":"Blood for Blood","floor":30},{"not_picked":["Bludgeon","Dark Embrace"],"picked":"Offering","floor":33},{"not_picked":["Whirlwind","Fire Breathing"],"picked":"Metallicize+1","floor":35},{"not_picked":["Armaments+1","Twin Strike+1"],"picked":"Sword Boomerang+1","floor":36},{"not_picked":["True Grit","Headbutt+1"],"picked":"Bloodletting+1","floor":40},{"not_picked":["Perfected Strike","True Grit","Cleave+1"],"picked":"SKIP","floor":42},{"not_picked":["Sword Boomerang+1","Clash"],"picked":"Combust","floor":44},{"not_picked":["Pommel Strike+1","Dark Embrace","Armaments"],"picked":"Brutality","floor":47},{"not_picked":["Armaments+1","Sword Boomerang","True Grit"],"picked":"Dropkick+1","floor":48}],"player_experience":28256,"relics_obtained":[{"floor":6,"key":"Boot"},{"floor":9,"key":"Potion Belt"},{"floor":10,"key":"Pen Nib"},{"floor":14,"key":"War Paint"},{"floor":23,"key":"Tiny Chest"},{"floor":26,"key":"Bottled Tornado"},{"floor":40,"key":"Self Forming Clay"},{"floor":43,"key":"Meat on the Bone"},{"floor":46,"key":"Question Card"},{"floor":47,"key":"Bronze Scales"}],"event_choices":[{"damage_healed":0,"gold_gain":0,"player_choice":"Entered Light","damage_taken":16,"max_hp_gain":0,"max_hp_loss":0,"event_name":"Shining Light","floor":4,"gold_loss":0,"cards_upgraded":["Dropkick","Strike_R"]},{"cards_removed":["Strike_R"],"damage_healed":0,"gold_gain":0,"player_choice":"Card Removal","damage_taken":7,"max_hp_gain":0,"max_hp_loss":0,"event_name":"Golden Wing","floor":5,"gold_loss":0},{"damage_healed":0,"gold_gain":0,"player_choice":"Take Wound","damage_taken":0,"relics_obtained":["Golden Idol"],"max_hp_gain":0,"max_hp_loss":0,"event_name":"Golden Idol","floor":8,"gold_loss":0,"cards_obtained":["Injury"]},{"damage_healed":0,"gold_gain":0,"cards_transformed":["Defend_R"],"player_choice":"Change","damage_taken":0,"max_hp_gain":0,"max_hp_loss":0,"event_name":"Living Wall","floor":12,"gold_loss":0,"cards_obtained":["Barricade"]},{"cards_removed":["Injury"],"damage_healed":0,"gold_gain":0,"player_choice":"Gave Gold","damage_taken":0,"max_hp_gain":0,"max_hp_loss":0,"event_name":"Beggar","floor":19,"gold_loss":75},{"damage_healed":0,"gold_gain":0,"player_choice":"Copied","damage_taken":0,"max_hp_gain":0,"max_hp_loss":0,"event_name":"Duplicator","floor":29,"gold_loss":0,"cards_obtained":["Metallicize"]},{"damage_healed":0,"gold_gain":0,"player_choice":"Embrace Madness","damage_taken":10,"max_hp_gain":0,"max_hp_loss":0,"event_name":"Winding Halls","floor":38,"gold_loss":0,"cards_obtained":["Madness","Madness"]},{"damage_healed":0,"gold_gain":0,"player_choice":"Gave Potion","damage_taken":0,"relics_obtained":["Anchor"],"max_hp_gain":0,"max_hp_loss":0,"event_name":"WeMeetAgain","floor":39,"gold_loss":0}],"is_beta":false,"boss_relics":[{"not_picked":["Runic Pyramid","Calling Bell"],"picked":"Black Blood"},{"not_picked":["Runic Dome","Tiny House"],"picked":"Cursed Key"}],"items_purged_floors":[21,37],"is_endless":false,"potions_floor_spawned":[2,3,10,11,18,25,28,35,36,44],"ascension_level":0}