{"gold_per_floor":[113,213,230,244,244,244,257,283,283,283,283,300,300,66,66,168,168,180,180,180,192,209,209,209,225,225,225],"floor_reached":27,"playtime":864,"items_purged":[],"score":213,"play_id":"60f07d82-322c-403a-8f3a-36ff774c196b","local_time":"20190114183655","is_ascension_mode":false,"campfire_choices":[{"data":"Zap","floor":6,"key":"SMITH"},{"floor":10,"key":"REST"},{"data":"Capacitor","floor":15,"key":"SMITH"},{"floor":23,"key":"REST"}],"neow_cost":"NONE","seed_source_timestamp":368222681034211,"circlet_count":0,"master_deck":["Strike_B","Strike_B","Strike_B","Strike_B","Defend_B","Defend_B","Defend_B","Defend_B","Zap+1","Gash","Steam","Gash+1","Steam+1","Redo+1","Capacitor+1","Thunder Strike","Redo+1","RitualDagger","Hologram+1","Turbo+1","Zap+1","Capacitor"],"relics":["Cracked Core","PreservedInsect","Blood Vial","Anchor","Toxic Egg 2","Lee\u0027s Waffle","Black Star","MutagenicStrength","Blue Candle"],"potions_floor_usage":[25],"damage_taken":[{"damage":0,"enemies":"2 Louse","floor":1,"turns":4},{"damage":0,"enemies":"Cultist","floor":3,"turns":4},{"damage":0,"enemies":"Small Slimes","floor":4,"turns":3},{"damage":4,"enemies":"3 Louse","floor":7,"turns":5},{"damage":15,"enemies":"3 Sentries","floor":8,"turns":6},{"damage":7,"enemies":"Looter","floor":12,"turns":4},{"damage":61,"enemies":"Slime Boss","floor":16,"turns":11},{"damage":25,"enemies":"Spheric Guardian","floor":18,"turns":6},{"damage":16,"enemies":"Chosen","floor":21,"turns":6},{"damage":25,"enemies":"Shelled Parasite and Fungi","floor":22,"turns":7},{"damage":11,"enemies":"Snecko","floor":25,"turns":5},{"damage":36,"enemies":"Snake Plant","floor":27,"turns":5}],"seed_played":"5814203958731994475","potions_obtained":[{"floor":1,"key":"SteroidPotion"},{"floor":3,"key":"Explosive Potion"},{"floor":8,"key":"Poison Potion"},{"floor":25,"key":"Regen Potion"}],"is_trial":false,"path_per_floor":["M","?","M","M","?","R","M","E","T","R","?","M","?","$","R","B",null,"M","?","?","M","M","R","?","M","T","M"],"character_chosen":"DEFECT","items_purchased":["Capacitor","Lee\u0027s Waffle"],"campfire_rested":2,"item_purchase_floors":[14,14],"current_hp_per_floor":[75,75,75,75,68,68,64,49,49,71,53,48,33,82,82,21,82,57,57,51,37,14,38,38,29,29,0],"gold":225,"neow_bonus":"RANDOM_COMMON_RELIC","is_prod":false,"is_daily":false,"chose_seed":false,"campfire_upgraded":2,"win_rate":0,"timestamp":1547487415,"path_taken":["M","?","?","M","?","R","M","E","T","R","?","M","?","$","R","BOSS","M","?","?","M","M","R","?","M","T","M"],"build_version":"2019-01-10","purchased_purges":0,"victory":false,"max_hp_per_floor":[75,75,75,75,75,75,75,75,75,75,75,75,75,82,82,82,82,82,82,82,82,82,82,82,82,82,82],"card_choices":[{"not_picked":["Melter","Compile Driver"],"picked":"Gash","floor":1},{"not_picked":["Double Energy","Go for the Eyes","Rebound"],"picked":"SKIP","floor":3},{"not_picked":["Beam Cell","Steam Power"],"picked":"Steam","floor":4},{"not_picked":["Streamline","Darkness"],"picked":"Gash","floor":7},{"not_picked":["Beam Cell","Redo"],"picked":"Steam","floor":8},{"not_picked":["Darkness+1","Blizzard"],"picked":"Redo+1","floor":12},{"not_picked":["Buffer","Biased Cognition"],"picked":"Thunder Strike","floor":16},{"not_picked":["Hologram+1","Barrage"],"picked":"Redo+1","floor":18},{"not_picked":["Streamline","Fission+1"],"picked":"Hologram+1","floor":21},{"not_picked":["Stack+1","Static Discharge+1"],"picked":"Turbo+1","floor":22},{"not_picked":["Scrape","Compile Driver+1"],"picked":"Capacitor","floor":25}],"player_experience":416261,"relics_obtained":[{"floor":8,"key":"Blood Vial"},{"floor":9,"key":"Anchor"},{"floor":26,"key":"Blue Candle"}],"event_choices":[{"damage_healed":0,"gold_gain":100,"player_choice":"Pray","damage_taken":0,"max_hp_gain":0,"max_hp_loss":0,"event_name":"Golden Shrine","floor":2,"gold_loss":0},{"cards_removed":["Dualcast"],"damage_healed":0,"gold_gain":0,"player_choice":"Card Removal","damage_taken":7,"max_hp_gain":0,"max_hp_loss":0,"event_name":"Golden Wing","floor":5,"gold_loss":0},{"damage_healed":0,"gold_gain":0,"player_choice":"Success","damage_taken":18,"relics_obtained":["Toxic Egg 2"],"max_hp_gain":0,"max_hp_loss":0,"event_name":"Scrap Ooze","floor":11,"gold_loss":0},{"damage_healed":0,"gold_gain":0,"player_choice":"Entered Light","damage_taken":15,"max_hp_gain":0,"max_hp_loss":0,"event_name":"Shining Light","floor":13,"gold_loss":0,"cards_upgraded":["Gash","Steam"]},{"damage_healed":0,"gold_gain":0,"player_choice":"Inject Mutagens","damage_taken":0,"relics_obtained":["MutagenicStrength"],"max_hp_gain":0,"max_hp_loss":0,"event_name":"Drug Dealer","floor":19,"gold_loss":0},{"damage_healed":0,"gold_gain":0,"player_choice":"Joined the Cult","damage_taken":6,"max_hp_gain":0,"max_hp_loss":0,"event_name":"Nest","floor":20,"gold_loss":0,"cards_obtained":["RitualDagger"]},{"damage_healed":0,"gold_gain":0,"player_choice":"1 cards matched","damage_taken":0,"max_hp_gain":0,"max_hp_loss":0,"event_name":"Match and Keep!","floor":24,"gold_loss":0,"cards_obtained":["Zap"]}],"is_beta":false,"boss_relics":[{"not_picked":["Ectoplasm","Tiny House"],"picked":"Black Star"}],"items_purged_floors":[],"is_endless":false,"potions_floor_spawned":[1,3,8,21,25],"killed_by":"Snake Plant","ascension_level":0}