{"gold_per_floor":[116,116,129,129,32,67,67,93,93,105,135,146,166,146,146,248,248,221,1,19,19,29,29,60,60,131,41,41],"floor_reached":28,"playtime":1440,"items_purged":["Strike_G"],"score":407,"play_id":"f0a8cda3-f7ec-40d0-9c65-d87e64e1d0cf","local_time":"20190117074429","is_ascension_mode":true,"campfire_choices":[{"data":"Neutralize","floor":7,"key":"SMITH"},{"floor":15,"key":"REST"},{"floor":23,"key":"REST"},{"floor":25,"key":"REST"}],"neow_cost":"NONE","seed_source_timestamp":3484284433744411,"circlet_count":0,"master_deck":["Defend_G","Defend_G","Defend_G","Defend_G","Defend_G","Strike_G","Strike_G","Strike_G","Strike_G+1","Survivor","Neutralize+1","Slice+1","Prepared+1","Cloak And Dagger+1","Caltrops","Quick Slash","Deflect+1","Phantasmal Killer+1","Blade Dance+1","Eviscerate","Backflip+1","Decay","Envenom+1"],"relics":["Ring of the Snake","NeowsBlessing","CultistMask","Toxic Egg 2","Pocketwatch","Strawberry","Bottled Lightning","Cursed Key","Juzu Bracelet","The Courier"],"potions_floor_usage":[5,8,8,11,16,20,24],"damage_taken":[{"damage":0,"enemies":"Cultist","floor":1,"turns":1},{"damage":0,"enemies":"2 Louse","floor":3,"turns":1},{"damage":0,"enemies":"Gremlin Nob","floor":6,"turns":1},{"damage":22,"enemies":"Lagavulin","floor":8,"turns":8},{"damage":7,"enemies":"Small Slimes","floor":10,"turns":3},{"damage":20,"enemies":"Gremlin Nob","floor":11,"turns":4},{"damage":0,"enemies":"Looter","floor":12,"turns":3},{"damage":4,"enemies":"Gremlin Gang","floor":13,"turns":5},{"damage":20,"enemies":"Hexaghost","floor":16,"turns":12},{"damage":26,"enemies":"2 Thieves","floor":18,"turns":5},{"damage":23,"enemies":"Shell Parasite","floor":20,"turns":5},{"damage":0,"enemies":"Centurion and Healer","floor":22,"turns":5},{"damage":36,"enemies":"Book of Stabbing","floor":24,"turns":5},{"damage":51,"enemies":"Gremlin Leader","floor":28,"turns":7}],"seed_played":"-6972637095750592837","potions_obtained":[{"floor":1,"key":"Explosive Potion"},{"floor":6,"key":"SpeedPotion"},{"floor":10,"key":"Explosive Potion"},{"floor":14,"key":"Weak Potion"},{"floor":20,"key":"SteroidPotion"}],"is_trial":false,"path_per_floor":["M","?","M","?","$","E","R","E","T","M","E","M","M","?","R","B",null,"M","$","M","?","M","R","E","R","T","?","E"],"character_chosen":"THE_SILENT","items_purchased":["Fruit Juice","Regen Potion","Eviscerate"],"campfire_rested":3,"item_purchase_floors":[5,19,19],"current_hp_per_floor":[63,49,49,49,54,54,54,32,39,32,12,12,8,8,32,12,65,39,39,30,30,30,54,18,42,42,42,0],"gold":41,"neow_bonus":"THREE_ENEMY_KILL","is_prod":false,"is_daily":false,"chose_seed":false,"campfire_upgraded":1,"win_rate":0,"timestamp":1547707469,"path_taken":["M","?","M","?","$","E","R","E","T","M","E","M","?","?","R","BOSS","M","$","?","?","M","R","E","R","T","?","E"],"build_version":"2019-01-10","purchased_purges":1,"victory":false,"max_hp_per_floor":[70,70,70,70,75,75,75,75,82,82,82,82,82,82,82,82,82,82,82,82,82,82,82,82,82,82,82,82],"card_choices":[{"not_picked":["Deflect","Eviscerate"],"picked":"Slice","floor":1},{"not_picked":["Dagger Throw","Reflex"],"picked":"Prepared","floor":6},{"not_picked":["Dodge and Roll+1","Terror+1"],"picked":"Cloak And Dagger+1","floor":8},{"not_picked":["Flechettes","Acrobatics+1"],"picked":"Caltrops","floor":10},{"not_picked":["Sucker Punch","Dagger Spray"],"picked":"Quick Slash","floor":11},{"not_picked":["Prepared+1","Acrobatics+1"],"picked":"Deflect+1","floor":12},{"not_picked":["Outmaneuver+1","Slice","Wraith Form v2"],"picked":"SKIP","floor":13},{"not_picked":["Grand Finale","Night Terror+1"],"picked":"Phantasmal Killer+1","floor":16},{"not_picked":["Expertise+1","Bane"],"picked":"Blade Dance+1","floor":18},{"not_picked":["Poisoned Stab","Well Laid Plans+1"],"picked":"Backflip+1","floor":20},{"not_picked":["Masterful Stab","Distraction+1","Dodge and Roll+1"],"picked":"SKIP","floor":22},{"not_picked":["Blade Dance+1","Reflex+1"],"picked":"Envenom","floor":24}],"player_experience":751225,"relics_obtained":[{"floor":6,"key":"Toxic Egg 2"},{"floor":8,"key":"Pocketwatch"},{"floor":9,"key":"Strawberry"},{"floor":11,"key":"Bottled Lightning"},{"floor":24,"key":"Juzu Bracelet"},{"floor":26,"key":"The Courier"}],"event_choices":[{"damage_healed":0,"gold_gain":0,"player_choice":"Entered Light","damage_taken":14,"max_hp_gain":0,"max_hp_loss":0,"event_name":"Shining Light","floor":2,"gold_loss":0,"cards_upgraded":["Slice","Strike_G"]},{"damage_healed":0,"gold_gain":0,"player_choice":"Trade","damage_taken":0,"relics_obtained":["CultistMask"],"max_hp_gain":0,"max_hp_loss":0,"event_name":"FaceTrader","floor":4,"gold_loss":0},{"damage_healed":0,"gold_gain":0,"player_choice":"Bought 1 Potion","damage_taken":0,"max_hp_gain":0,"max_hp_loss":0,"event_name":"The Woman in Blue","floor":14,"gold_loss":0},{"damage_healed":0,"gold_gain":0,"player_choice":"Smashed Altar","damage_taken":0,"max_hp_gain":0,"max_hp_loss":0,"event_name":"Forgotten Altar","floor":21,"gold_loss":0,"cards_obtained":["Decay"]},{"cards_removed":["Decay"],"damage_healed":0,"gold_gain":0,"player_choice":"Upgrade and Remove","damage_taken":0,"max_hp_gain":0,"max_hp_loss":0,"event_name":"Designer","floor":27,"gold_loss":90,"cards_upgraded":["Envenom"]}],"is_beta":false,"boss_relics":[{"not_picked":["Lizard Tail","Fusion Hammer"],"picked":"Cursed Key"}],"items_purged_floors":[19],"is_endless":false,"potions_floor_spawned":[1,6,10,20],"killed_by":"Gremlin Leader","ascension_level":9}