{"gold_per_floor":[118,137,154,41,51,51,61,73,73,73,73,73,90,8,8,110,110,123,133,144,144,158,158,171,171,197,211,225,240,63,63,63,161,161,180,191,206,206],"floor_reached":38,"playtime":11942,"items_purged":["Strike_R","Strike_R"],"score":395,"play_id":"52ad1a59-9f40-40f5-a82c-69e44f5f0c8b","local_time":"20180804174725","is_ascension_mode":true,"campfire_choices":[{"data":"Rampage","floor":6,"key":"SMITH"},{"data":"Metallicize","floor":11,"key":"SMITH"},{"floor":15,"key":"REST"},{"floor":23,"key":"REST"},{"floor":25,"key":"REST"},{"floor":32,"key":"REST"}],"neow_cost":"","seed_source_timestamp":447896560088939,"circlet_count":0,"master_deck":["Strike_R+1","Strike_R","Defend_R","Defend_R","Defend_R","Defend_R","Shrug It Off","Armaments","Spot Weakness","Rampage+1","Warcry","Metallicize+1","Flame Barrier","Barricade","Headbutt+1","Entrench","Entrench+1","Offering"],"relics":["Burning Blood","Lantern","Runic Cube","Whetstone","Velvet Choker"],"potions_floor_usage":[7,27,27,29,33,38],"damage_taken":[{"damage":4,"enemies":"2 Louse","floor":1,"turns":3},{"damage":7,"enemies":"Jaw Worm","floor":2,"turns":4},{"damage":7,"enemies":"Cultist","floor":3,"turns":4},{"damage":0,"enemies":"Large Slime","floor":5,"turns":6},{"damage":16,"enemies":"Exordium Thugs","floor":7,"turns":6},{"damage":19,"enemies":"Lots of Slimes","floor":8,"turns":5},{"damage":0,"enemies":"Blue Slaver","floor":13,"turns":4},{"damage":31,"enemies":"Hexaghost","floor":16,"turns":10},{"damage":2,"enemies":"Shell Parasite","floor":18,"turns":9},{"damage":16,"enemies":"Chosen","floor":19,"turns":6},{"damage":15,"enemies":"Centurion and Healer","floor":20,"turns":20},{"damage":25,"enemies":"Sentry and Sphere","floor":22,"turns":12},{"damage":9,"enemies":"Snake Plant","floor":24,"turns":9},{"damage":41,"enemies":"Chosen and Byrds","floor":27,"turns":12},{"damage":12,"enemies":"Centurion and Healer","floor":28,"turns":14},{"damage":3,"enemies":"Snake Plant","floor":29,"turns":8},{"damage":32,"enemies":"Automaton","floor":33,"turns":19},{"damage":37,"enemies":"3 Shapes","floor":35,"turns":7},{"damage":12,"enemies":"3 Darklings","floor":36,"turns":9},{"damage":28,"enemies":"Sphere and 2 Shapes","floor":37,"turns":12},{"damage":27,"enemies":"Spire Growth","floor":38,"turns":3}],"seed_played":"3914322795175877514","potions_obtained":[{"floor":2,"key":"Weak Potion"},{"floor":5,"key":"Fire Potion"},{"floor":16,"key":"PowerPotion"},{"floor":20,"key":"Swift Potion"},{"floor":27,"key":"Strength Potion"},{"floor":36,"key":"LiquidBronze"},{"floor":37,"key":"Dexterity Potion"}],"is_trial":false,"path_per_floor":["M","M","M","$","M","R","M","M","T","?","R","?","M","$","R","B",null,"M","M","M","?","M","R","M","R","T","M","M","M","$","?","R","B",null,"M","M","M"],"character_chosen":"IRONCLAD","items_purchased":["Spot Weakness","Flame Barrier","Offering"],"campfire_rested":4,"item_purchase_floors":[4,14,30],"current_hp_per_floor":[80,79,78,78,80,80,70,57,57,57,57,57,63,63,80,55,80,80,70,61,46,27,52,49,74,74,39,33,36,36,36,61,35,85,54,48,26,0],"gold":206,"neow_bonus":"","is_prod":false,"is_daily":false,"chose_seed":false,"campfire_upgraded":2,"win_rate":0,"timestamp":1533376045,"path_taken":["M","M","M","$","M","R","M","M","T","?","R","?","M","?","R","BOSS","M","M","M","?","M","R","M","R","T","M","M","M","$","?","R","BOSS","M","M","M","M"],"build_version":"2018-08-02","purchased_purges":2,"victory":false,"max_hp_per_floor":[80,80,80,80,80,80,80,80,80,80,80,80,80,80,80,80,80,80,80,80,85,85,85,85,85,85,85,85,85,85,85,85,85,85,85,85,85,85],"card_choices":[{"not_picked":["Cleave","Evolve"],"picked":"Shrug It Off","floor":1},{"not_picked":["Body Slam","Power Through"],"picked":"Armaments","floor":2},{"not_picked":["Iron Wave","Reckless Charge","Armaments"],"picked":"SKIP","floor":3},{"not_picked":["Anger","Wild Strike"],"picked":"Rampage","floor":5},{"not_picked":["Feel No Pain","Sword Boomerang"],"picked":"Warcry","floor":7},{"not_picked":["Warcry","Anger"],"picked":"Metallicize","floor":8},{"not_picked":["Clothesline","Heavy Blade","Pommel Strike"],"picked":"SKIP","floor":13},{"not_picked":["Reaper","Fiend Fire"],"picked":"Barricade","floor":16},{"not_picked":["Whirlwind","Iron Wave"],"picked":"Headbutt","floor":18},{"not_picked":["Shrug It Off","Burning Pact"],"picked":"Entrench","floor":19},{"not_picked":["Uppercut","Headbutt","Twin Strike"],"picked":"SKIP","floor":20},{"not_picked":["Combust+1","True Grit","Twin Strike"],"picked":"SKIP","floor":22},{"not_picked":["Carnage+1","Shrug It Off"],"picked":"Entrench+1","floor":24},{"not_picked":["Rupture","Havoc","Anger"],"picked":"SKIP","floor":27},{"not_picked":["Intimidate","Seeing Red","Second Wind"],"picked":"SKIP","floor":28},{"not_picked":["Thunderclap","Corruption","Seeing Red"],"picked":"SKIP","floor":29},{"not_picked":["Flex","Infernal Blade+1","Twin Strike+1"],"picked":"SKIP","floor":35},{"not_picked":["Combust","Sever Soul+1","Clash+1"],"picked":"SKIP","floor":36},{"not_picked":["Flame Barrier+1","Wild Strike+1","Iron Wave+1"],"picked":"SKIP","floor":37}],"player_experience":167042,"relics_obtained":[{"floor":9,"key":"Lantern"},{"floor":26,"key":"Whetstone"}],"event_choices":[{"event_name":"Living Wall","player_choice":"Forget","floor":10,"damage_taken":0},{"event_name":"Bonfire Elementals","player_choice":"BASIC","floor":12,"damage_taken":0},{"event_name":"Forgotten Altar","player_choice":"Shed Blood","floor":21,"damage_taken":0},{"event_name":"Drug Dealer","player_choice":"Ignored","floor":31,"damage_taken":0}],"is_beta":false,"boss_relics":[{"not_picked":["Ectoplasm","Eternal Feather"],"picked":"Runic Cube"},{"not_picked":["Mark of Pain","Pandora\u0027s Box"],"picked":"Velvet Choker"}],"items_purged_floors":[4,30],"is_endless":false,"potions_floor_spawned":[2,5,16,20,24,27,36,37],"killed_by":"Spire Growth","ascension_level":1}