{"gold_per_floor":[363,313,313,325,250,250,267,284,284,60,60,76,105,123,123,226,226,215,229,104,104,19,19,34,34],"floor_reached":25,"playtime":1282,"items_purged":["Defend_R","Defend_R","Strike_R"],"score":228,"play_id":"014dc920-6a1a-46d3-a896-b169ec14165d","local_time":"20190109025700","is_ascension_mode":false,"campfire_choices":[{"data":"Flame Barrier","floor":6,"key":"SMITH"},{"floor":15,"key":"REST"},{"floor":23,"key":"REST"}],"neow_cost":"TEN_PERCENT_HP_LOSS","seed_source_timestamp":43770366898026,"circlet_count":0,"master_deck":["Strike_R","Strike_R","Strike_R","Defend_R","Defend_R","Bash","Flame Barrier+1","Inflame","Ghostly Armor","Metallicize","Twin Strike","Demon Form","Limit Break","Rage","Armaments","Heavy Blade"],"relics":["Burning Blood","GremlinMask","PreservedInsect","Bottled Flame","Orrery","Shovel"],"potions_floor_usage":[12,16,16,25],"damage_taken":[{"damage":0,"enemies":"2 Louse","floor":1,"turns":3},{"damage":7,"enemies":"Small Slimes","floor":4,"turns":4},{"damage":1,"enemies":"Cultist","floor":7,"turns":5},{"damage":7,"enemies":"2 Fungi Beasts","floor":8,"turns":5},{"damage":27,"enemies":"Gremlin Gang","floor":12,"turns":5},{"damage":17,"enemies":"Gremlin Nob","floor":13,"turns":4},{"damage":16,"enemies":"Blue Slaver","floor":14,"turns":5},{"damage":27,"enemies":"The Guardian","floor":16,"turns":12},{"damage":21,"enemies":"2 Thieves","floor":18,"turns":4},{"damage":22,"enemies":"Shell Parasite","floor":19,"turns":7},{"damage":40,"enemies":"Colosseum Slavers","floor":21,"turns":7},{"damage":21,"enemies":"Centurion and Healer","floor":24,"turns":8},{"damage":14,"enemies":"Snake Plant","floor":25,"turns":3}],"seed_played":"1946554778149185368","potions_obtained":[{"floor":1,"key":"SteroidPotion"},{"floor":12,"key":"Energy Potion"},{"floor":14,"key":"GamblersBrew"},{"floor":19,"key":"SkillPotion"}],"is_trial":false,"path_per_floor":["M","?","?","M","$","R","M","M","T","$","?","M","E","M","R","B",null,"M","M","$","?","?","R","M","M"],"character_chosen":"IRONCLAD","items_purchased":["Metallicize","Twin Strike"],"campfire_rested":2,"item_purchase_floors":[10,10],"current_hp_per_floor":[72,72,72,71,71,71,72,71,71,71,71,50,39,29,50,29,72,57,41,41,7,7,28,13,0],"gold":34,"neow_bonus":"TWO_FIFTY_GOLD","is_prod":false,"is_daily":false,"chose_seed":false,"campfire_upgraded":1,"win_rate":0,"timestamp":1546995420,"path_taken":["M","?","?","?","$","R","M","M","T","$","?","?","E","M","R","BOSS","M","M","$","?","?","R","M","M"],"build_version":"2019-01-03v4","purchased_purges":3,"victory":false,"max_hp_per_floor":[72,72,72,72,72,72,72,72,72,72,72,72,72,72,72,72,72,72,72,72,72,72,72,72,72],"card_choices":[{"not_picked":["Sentinel","Warcry"],"picked":"Flame Barrier","floor":1},{"not_picked":["Headbutt","Clash","Twin Strike"],"picked":"SKIP","floor":4},{"not_picked":["Sword Boomerang","Clothesline"],"picked":"Inflame","floor":7},{"not_picked":["Sword Boomerang","Shrug It Off"],"picked":"Ghostly Armor","floor":8},{"not_picked":["Shrug It Off","Anger"],"picked":"Demon Form","floor":12},{"not_picked":["Warcry","Body Slam","Dual Wield"],"picked":"SKIP","floor":13},{"not_picked":["Anger","Sword Boomerang","Warcry"],"picked":"SKIP","floor":14},{"not_picked":["Barricade","Juggernaut"],"picked":"Limit Break","floor":16},{"not_picked":["Thunderclap","Twin Strike"],"picked":"Rage","floor":17},{"not_picked":["Flex","Warcry"],"picked":"Armaments","floor":17},{"not_picked":["Twin Strike","Iron Wave","Dual Wield"],"picked":"SKIP","floor":18},{"not_picked":["Havoc","Thunderclap"],"picked":"Heavy Blade","floor":19},{"not_picked":["Bludgeon","Rupture","Perfected Strike"],"picked":"SKIP","floor":24}],"player_experience":165314,"relics_obtained":[{"floor":9,"key":"PreservedInsect"},{"floor":13,"key":"Bottled Flame"}],"event_choices":[{"cards_removed":["Strike_R"],"damage_healed":0,"gold_gain":0,"player_choice":"Card Removal","damage_taken":0,"max_hp_gain":0,"max_hp_loss":0,"event_name":"The Cleric","floor":2,"gold_loss":50},{"damage_healed":0,"gold_gain":0,"player_choice":"Trade","damage_taken":0,"relics_obtained":["GremlinMask"],"max_hp_gain":0,"max_hp_loss":0,"event_name":"FaceTrader","floor":3,"gold_loss":0},{"damage_healed":0,"gold_gain":0,"player_choice":"Ignored","damage_taken":0,"max_hp_gain":0,"max_hp_loss":0,"event_name":"NoteForYourself","floor":11,"gold_loss":0},{"damage_healed":0,"gold_gain":0,"player_choice":"Fight","damage_taken":0,"max_hp_gain":0,"max_hp_loss":0,"event_name":"Colosseum","floor":21,"gold_loss":0},{"damage_healed":0,"gold_gain":0,"player_choice":"Fled From Nobs","damage_taken":0,"max_hp_gain":0,"max_hp_loss":0,"event_name":"Colosseum","floor":21,"gold_loss":0},{"damage_healed":0,"gold_gain":0,"player_choice":"Obtained Relic","damage_taken":0,"relics_obtained":["Shovel"],"max_hp_gain":0,"max_hp_loss":0,"event_name":"Addict","floor":22,"gold_loss":85}],"is_beta":false,"boss_relics":[{"not_picked":["Astrolabe","Pandora\u0027s Box"],"picked":"Orrery"}],"items_purged_floors":[5,10,20],"is_endless":false,"potions_floor_spawned":[1,12,14,19],"killed_by":"Snake Plant","ascension_level":0}