{"gold_per_floor":[114,128,53,68,84,84,159,159,159,159,176,176,11,11,11,11],"floor_reached":16,"playtime":358,"items_purged":["Strike_R"],"score":171,"play_id":"cb9ef187-99c3-4fe3-9aa2-7a27f32e9b07","local_time":"20190104050259","is_ascension_mode":true,"campfire_choices":[{"data":"Armaments","floor":6,"key":"SMITH"},{"data":"Wild Strike","floor":8,"key":"SMITH"},{"data":"Headbutt","floor":10,"key":"SMITH"},{"data":"Limit Break","floor":15,"key":"SMITH"}],"neow_cost":"NONE","seed_source_timestamp":2352493497510114,"circlet_count":0,"master_deck":["AscendersBane","Strike_R","Strike_R","Strike_R","Strike_R","Defend_R","Defend_R","Defend_R","Defend_R","Bash+1","Armaments+1","Offering","Headbutt+1","Headbutt+1","Wild Strike+1","Limit Break+1"],"relics":["Burning Blood","Turnip","Mercury Hourglass"],"potions_floor_usage":[],"damage_taken":[{"damage":5,"enemies":"Small Slimes","floor":1,"turns":4},{"damage":7,"enemies":"Jaw Worm","floor":2,"turns":3},{"damage":6,"enemies":"2 Louse","floor":4,"turns":2},{"damage":15,"enemies":"2 Fungi Beasts","floor":5,"turns":5},{"damage":0,"enemies":"3 Louse","floor":11,"turns":2},{"damage":0,"enemies":"Hexaghost","floor":16,"turns":2}],"seed_played":"4807996015856260345","potions_obtained":[{"floor":5,"key":"Swift Potion"},{"floor":11,"key":"Weak Potion"}],"is_trial":false,"path_per_floor":["M","M","$","M","M","R","?","R","T","R","M","?","$","?","R","B"],"character_chosen":"IRONCLAD","items_purchased":["Limit Break"],"campfire_rested":0,"item_purchase_floors":[13],"current_hp_per_floor":[69,68,68,68,59,59,48,48,48,48,54,54,54,49,49,49],"gold":11,"neow_bonus":"UPGRADE_CARD","is_prod":false,"is_daily":false,"chose_seed":false,"campfire_upgraded":4,"win_rate":0,"timestamp":1546574579,"path_taken":["M","M","$","M","M","R","?","R","T","R","M","?","?","?","R","BOSS"],"build_version":"2019-01-03v2","purchased_purges":1,"victory":false,"max_hp_per_floor":[75,75,75,75,75,75,75,75,75,75,75,75,75,75,75,75],"card_choices":[{"not_picked":["Heavy Blade","Anger"],"picked":"Armaments","floor":1},{"not_picked":["Clash","Sever Soul"],"picked":"Offering","floor":2},{"not_picked":["Reckless Charge","Heavy Blade"],"picked":"Headbutt","floor":4},{"not_picked":["Reckless Charge","Heavy Blade"],"picked":"Headbutt","floor":4},{"not_picked":["Flex","Feel No Pain"],"picked":"Wild Strike","floor":5},{"not_picked":["Fire Breathing","Thunderclap","Pommel Strike"],"picked":"SKIP","floor":11}],"player_experience":672822,"relics_obtained":[{"floor":9,"key":"Turnip"}],"event_choices":[{"damage_healed":0,"gold_gain":75,"player_choice":"Gather Gold","damage_taken":11,"max_hp_gain":0,"max_hp_loss":0,"event_name":"World of Goop","floor":7,"gold_loss":0},{"damage_healed":0,"gold_gain":0,"player_choice":"Ignored","damage_taken":0,"max_hp_gain":0,"max_hp_loss":0,"event_name":"Golden Idol","floor":12,"gold_loss":0},{"damage_healed":0,"gold_gain":0,"player_choice":"Success","damage_taken":5,"relics_obtained":["Mercury Hourglass"],"max_hp_gain":0,"max_hp_loss":0,"event_name":"Scrap Ooze","floor":14,"gold_loss":0}],"is_beta":false,"boss_relics":[],"items_purged_floors":[3],"is_endless":false,"potions_floor_spawned":[5,11],"killed_by":"Hexaghost","ascension_level":18}