{"gold_per_floor":[118,137,152,152,62,62,94,94,94,94,110,145,145,163,163,261,261,271,285,285,52,64,64,78,90,90,104,16,33,33,48,48,143,143,158,158,158,158,174,174,194,194,194,214,226,0,0],"floor_reached":47,"playtime":5584,"items_purged":[],"score":616,"play_id":"57285dcd-de94-4c3a-a9fe-b05d1f825eea","local_time":"20180722010731","is_ascension_mode":false,"campfire_choices":[{"data":"Anger","floor":6,"key":"SMITH"},{"data":"Blind","floor":8,"key":"SMITH"},{"data":"Thunderclap","floor":10,"key":"SMITH"},{"data":"Thunderclap","floor":15,"key":"SMITH"},{"floor":23,"key":"REST"},{"data":"Barricade","floor":30,"key":"SMITH"},{"data":"Perfected Strike","floor":32,"key":"SMITH"},{"data":"Demon Form","floor":40,"key":"SMITH"},{"data":"Ghostly Armor","floor":42,"key":"SMITH"}],"neow_cost":"NONE","seed_source_timestamp":885084720906098,"circlet_count":0,"master_deck":["Strike_R","Strike_R","Strike_R","Strike_R","Strike_R","Defend_R","Defend_R","Defend_R","Defend_R","Bash+1","Reaper","Ghostly Armor+1","Thunderclap+1","Anger+1","Blind+1","Thunderclap+1","Flex+1","Shrug It Off+1","Barricade+1","Perfected Strike+1","Clothesline+1","Apotheosis+1","Flex+1","Entrench+1","Twin Strike+1","Sword Boomerang+1","Bandage Up+1","Power Through+1","Demon Form+1","Iron Wave+1","Seeing Red+1","Madness+1","Shockwave+1","Reckless Charge+1","Heavy Blade+1"],"relics":["Black Blood","Meat on the Bone","Toxic Egg 2","Bag of Marbles","Bottled Flame","Runic Cube","Dodecahedron","Magic Flower","Letter Opener","Red Mask"],"potions_floor_usage":[16,16,22,33,33,33,47,47,47,47,47],"damage_taken":[{"damage":0,"enemies":"2 Louse","floor":1,"turns":4},{"damage":0,"enemies":"Small Slimes","floor":2,"turns":3},{"damage":4,"enemies":"Cultist","floor":3,"turns":4},{"damage":25,"enemies":"3 Sentries","floor":7,"turns":10},{"damage":6,"enemies":"Red Slaver","floor":11,"turns":4},{"damage":24,"enemies":"Gremlin Nob","floor":12,"turns":5},{"damage":8,"enemies":"Lots of Slimes","floor":14,"turns":3},{"damage":51,"enemies":"The Guardian","floor":16,"turns":14},{"damage":15,"enemies":"Shell Parasite","floor":18,"turns":8},{"damage":53,"enemies":"Spheric Guardian","floor":19,"turns":8},{"damage":48,"enemies":"Centurion and Healer","floor":22,"turns":12},{"damage":9,"enemies":"Snake Plant","floor":24,"turns":6},{"damage":29,"enemies":"Cultist and Chosen","floor":25,"turns":7},{"damage":11,"enemies":"Centurion and Healer","floor":27,"turns":6},{"damage":15,"enemies":"Snake Plant","floor":29,"turns":6},{"damage":10,"enemies":"Cultist and Chosen","floor":31,"turns":7},{"damage":47,"enemies":"Collector","floor":33,"turns":11},{"damage":41,"enemies":"Flame Bruiser 1 Orb","floor":35,"turns":6},{"damage":22,"floor":37,"turns":13},{"damage":34,"enemies":"3 Darklings","floor":39,"turns":8},{"damage":41,"enemies":"Flame Bruiser 2 Orb","floor":41,"turns":6},{"damage":57,"enemies":"Sphere and 2 Shapes","floor":44,"turns":7},{"damage":6,"enemies":"Maw","floor":45,"turns":8},{"damage":127,"enemies":"Giant Head","floor":47,"turns":10}],"seed_played":"-8565624746845590266","potions_obtained":[{"floor":3,"key":"Swift Potion"},{"floor":7,"key":"Dexterity Potion"},{"floor":14,"key":"Fire Potion"},{"floor":16,"key":"Ancient Potion"},{"floor":19,"key":"Weak Potion"},{"floor":22,"key":"BloodPotion"},{"floor":29,"key":"Strength Potion"},{"floor":31,"key":"Strength Potion"},{"floor":35,"key":"Regen Potion"},{"floor":41,"key":"EntropicBrew"}],"is_trial":false,"path_per_floor":["M","M","M","?","$","R","E","R","T","R","M","E","?","M","R","B",null,"M","M","?","$","M","R","M","M","T","M","$","M","R","M","R","B",null,"M","?","?","?","M","R","M","R","T","M","M","?"],"character_chosen":"IRONCLAD","items_purchased":["Blind","Apotheosis+1","Flex+1","Bandage Up+1"],"campfire_rested":1,"item_purchase_floors":[5,21,21,28],"current_hp_per_floor":[80,80,80,80,80,80,65,65,65,65,71,53,53,78,78,51,80,75,44,44,44,54,78,79,65,65,80,80,80,80,80,80,71,80,55,55,72,72,74,74,80,80,80,56,74,74,0],"gold":0,"neow_bonus":"ONE_RANDOM_RARE_CARD","is_prod":false,"is_daily":false,"chose_seed":false,"campfire_upgraded":8,"win_rate":0.0,"timestamp":1532214451,"path_taken":["M","M","M","?","$","R","E","R","T","R","M","E","?","M","R","BOSS","M","M","?","$","M","R","M","?","T","M","$","M","R","M","R","BOSS","M","?","?","?","M","R","M","R","T","M","?","?","E"],"build_version":"2018-07-19v2","purchased_purges":0,"victory":false,"max_hp_per_floor":[80,80,80,80,80,80,80,80,80,80,80,80,80,80,80,80,80,80,80,80,80,80,80,80,80,80,80,80,80,80,80,80,80,80,80,80,80,80,80,80,80,80,80,80,80,80,80],"card_choices":[{"not_picked":["Flex","Intimidate"],"picked":"Ghostly Armor","floor":1},{"not_picked":["Corruption","Body Slam"],"picked":"Thunderclap","floor":2},{"not_picked":["Armaments","Carnage"],"picked":"Anger","floor":3},{"not_picked":["Limit Break","Infernal Blade"],"picked":"Thunderclap","floor":7},{"not_picked":["Warcry+1","Perfected Strike"],"picked":"Flex+1","floor":11},{"not_picked":["Wild Strike","Flex+1"],"picked":"Shrug It Off+1","floor":12},{"not_picked":["Wild Strike","Thunderclap","Reaper"],"picked":"SKIP","floor":14},{"not_picked":["Berserk","Dark Embrace"],"picked":"Barricade","floor":16},{"not_picked":["Sword Boomerang","True Grit+1"],"picked":"Perfected Strike","floor":18},{"not_picked":["Armaments+1","Pommel Strike+1"],"picked":"Clothesline+1","floor":19},{"not_picked":["Wild Strike","Heavy Blade"],"picked":"Entrench+1","floor":22},{"not_picked":["Clothesline","Body Slam"],"picked":"Twin Strike+1","floor":24},{"not_picked":["True Grit+1","Pommel Strike+1"],"picked":"Sword Boomerang+1","floor":25},{"not_picked":["Brutality","Sword Boomerang+1","Warcry+1"],"picked":"SKIP","floor":27},{"not_picked":["Body Slam","Battle Trance+1","Heavy Blade"],"picked":"SKIP","floor":29},{"not_picked":["Sword Boomerang","Thunderclap+1"],"picked":"Power Through+1","floor":31},{"not_picked":["Offering+1","Barricade"],"picked":"Demon Form","floor":33},{"not_picked":["Sever Soul+1","Sword Boomerang+1"],"picked":"Iron Wave+1","floor":35},{"not_picked":["Cleave+1","Flame Barrier+1"],"picked":"Seeing Red+1","floor":37},{"not_picked":["Deep Breath+1","Dramatic Entrance"],"picked":"Madness+1","floor":38},{"not_picked":["Evolve+1","Battle Trance+1"],"picked":"Shockwave+1","floor":39},{"not_picked":["Carnage","Twin Strike+1","Sever Soul"],"picked":"SKIP","floor":41},{"not_picked":["Warcry+1","Battle Trance+1"],"picked":"Reckless Charge+1","floor":44},{"not_picked":["Carnage+1","Wild Strike"],"picked":"Heavy Blade+1","floor":45}],"player_experience":33220,"relics_obtained":[{"floor":7,"key":"Meat on the Bone"},{"floor":9,"key":"Toxic Egg 2"},{"floor":12,"key":"Bag of Marbles"},{"floor":26,"key":"Bottled Flame"},{"floor":37,"key":"Magic Flower"},{"floor":43,"key":"Letter Opener"}],"event_choices":[{"event_name":"The Cleric","player_choice":"Leave","floor":4,"damage_taken":0},{"event_name":"Golden Idol","player_choice":"Ignored","floor":13,"damage_taken":0},{"event_name":"Accursed Blacksmith","player_choice":"Forge","floor":20,"damage_taken":0},{"event_name":"Wheel of Change","player_choice":"Relic","floor":36,"damage_taken":0},{"event_name":"MindBloom","player_choice":"Fight","floor":37,"damage_taken":0},{"event_name":"SensoryStone","player_choice":"Memory 1","floor":38,"damage_taken":0},{"event_name":"Tomb of Lord Red Mask","player_choice":"Paid","floor":46,"damage_taken":0}],"is_beta":false,"boss_relics":[{"not_picked":["Runic Pyramid","Snecko Eye"],"picked":"Black Blood"},{"not_picked":["Cursed Key","White Beast Statue"],"picked":"Runic Cube"}],"items_purged_floors":[],"is_endless":false,"potions_floor_spawned":[3,7,14,16,19,22,29,31,35,41],"killed_by":"Giant Head","ascension_level":0}