{"gold_per_floor":[115,128,128,78,178,178,205,205,231,265,296,287,316,201,201,298,298,318,318,318,318,331,363,378,409,409,508,526,8,18,30,30,125,125,143,190,290,305,305,305,337,337,337,362,362,396,118,144,144,144,144,144,15,40,40],"floor_reached":55,"playtime":4668,"items_purged":["Recycle","Strike_B","Pain"],"score":1023,"play_id":"41818c18-9231-4fc3-af53-62098a6c418f","local_time":"20190119234901","is_ascension_mode":true,"campfire_choices":[{"data":"Ball Lightning","floor":6,"key":"SMITH"},{"data":"Redo","floor":8,"key":"SMITH"},{"floor":15,"key":"REST"},{"floor":32,"key":"RECALL"},{"data":"Creative AI","floor":40,"key":"SMITH"},{"floor":42,"key":"REST"},{"data":"Defragment","floor":45,"key":"SMITH"},{"data":"Echo Form","floor":49,"key":"SMITH"},{"data":"White Noise","floor":52,"key":"SMITH"}],"neow_cost":"NONE","seed_source_timestamp":674503617583667,"circlet_count":0,"master_deck":["Defend_B","Defend_B+1","Defend_B","Zap+1","Dualcast","Ball Lightning+1","Redo+1","Reprogram","Ball Lightning","Stack","Hello World","Electrodynamics","Cold Snap","Echo Form+1","White Noise+1","Coolheaded","Defragment+1","Buffer","Leap","Stack","Defragment+1","Stack","Recycle+1","Chill+1","Creative AI+1","Cold Snap","Doom and Gloom+1","Fusion","Skim","Tempest+1","Turbo","Stack","Glacier","Aggregate+1","White Noise"],"relics":["Cracked Core","Centennial Puzzle","Smiling Mask","MawBank","Nuclear Battery","Enchiridion","Bottled Lightning","PreservedInsect","Art of War","Lee\u0027s Waffle","Oddly Smooth Stone","Cursed Key","Thread and Needle","Potion Belt","Happy Flower","Vajra","Bronze Scales","Blood Vial","Cables"],"potions_floor_usage":[13,16,16,25,36,44,50,55,55,55],"damage_taken":[{"damage":0,"enemies":"Cultist","floor":1,"turns":3},{"damage":0,"enemies":"2 Louse","floor":2,"turns":2},{"damage":30,"enemies":"3 Sentries","floor":7,"turns":9},{"damage":30,"enemies":"Gremlin Nob","floor":10,"turns":4},{"damage":2,"enemies":"Small Slimes","floor":11,"turns":2},{"damage":2,"enemies":"Exordium Thugs","floor":13,"turns":3},{"damage":22,"enemies":"The Guardian","floor":16,"turns":10},{"damage":5,"enemies":"Chosen","floor":18,"turns":3},{"damage":0,"enemies":"Spheric Guardian","floor":22,"turns":2},{"damage":32,"enemies":"Book of Stabbing","floor":23,"turns":6},{"damage":8,"enemies":"Cultist and Chosen","floor":24,"turns":5},{"damage":0,"enemies":"Slavers","floor":25,"turns":2},{"damage":3,"enemies":"Snecko","floor":28,"turns":5},{"damage":16,"enemies":"Centurion and Healer","floor":30,"turns":3},{"damage":0,"enemies":"3 Cultists","floor":31,"turns":2},{"damage":14,"enemies":"Collector","floor":33,"turns":13},{"damage":0,"enemies":"3 Shapes","floor":35,"turns":2},{"damage":16,"enemies":"2 Orb Walkers","floor":36,"turns":4},{"damage":4,"enemies":"Orb Walker","floor":38,"turns":3},{"damage":24,"enemies":"Reptomancer","floor":41,"turns":6},{"damage":4,"enemies":"Giant Head","floor":44,"turns":9},{"damage":1,"enemies":"Nemesis","floor":46,"turns":7},{"damage":0,"enemies":"Giant Head","floor":48,"turns":8},{"damage":19,"enemies":"Awakened One","floor":50,"turns":20},{"damage":63,"enemies":"Shield and Spear","floor":54,"turns":7},{"damage":41,"enemies":"The Heart","floor":55,"turns":2}],"seed_played":"7897541738847729500","potions_obtained":[{"floor":10,"key":"Explosive Potion"},{"floor":11,"key":"EssenceOfSteel"},{"floor":13,"key":"AttackPotion"},{"floor":24,"key":"Block Potion"},{"floor":30,"key":"SkillPotion"},{"floor":31,"key":"Swift Potion"},{"floor":33,"key":"EssenceOfSteel"},{"floor":41,"key":"Explosive Potion"},{"floor":44,"key":"Dexterity Potion"},{"floor":46,"key":"Fire Potion"}],"is_trial":false,"path_per_floor":["M","M","?","?","?","R","E","R","T","E","M","?","M","$","R","B",null,"M","?","?","?","M","E","M","E","T","?","M","$","M","M","R","B",null,"M","?","?","M","?","R","E","R","T","E","R","E","$","E","R","B",null,"R","$","E","B"],"character_chosen":"DEFECT","items_purchased":["Hello World","Defragment","Stack","Lee\u0027s Waffle","Oddly Smooth Stone","Glacier","Bronze Scales","LiquidBronze","SkillPotion"],"campfire_rested":2,"item_purchase_floors":[14,29,29,29,29,47,47,53,53],"current_hp_per_floor":[82,82,66,66,66,66,36,36,36,6,4,4,2,2,26,4,82,77,61,61,61,61,29,21,21,21,21,18,89,73,73,73,59,89,89,73,73,69,69,69,45,71,71,67,67,66,66,66,66,49,89,89,89,26,0],"gold":40,"neow_bonus":"TEN_PERCENT_HP_BONUS","is_prod":false,"is_daily":false,"chose_seed":false,"campfire_upgraded":6,"win_rate":0,"timestamp":1547959741,"path_taken":["M","M","?","?","?","R","E","R","T","E","?","?","M","$","R","BOSS","M","?","?","?","M","E","?","E","T","?","M","$","M","M","R","BOSS","M","?","?","?","?","R","E","R","T","E","R","E","?","E","R","BOSS","R","$","E","BOSS"],"build_version":"2019-01-17v2","purchased_purges":3,"victory":false,"max_hp_per_floor":[82,82,82,82,82,82,82,82,82,82,82,82,82,82,82,82,82,82,82,82,82,82,82,82,82,82,82,82,89,89,89,89,89,89,89,89,89,89,89,89,89,89,89,89,89,89,89,89,89,89,89,89,89,89,89],"card_choices":[{"not_picked":["Turbo","Hologram"],"picked":"Recycle","floor":1},{"not_picked":["Aggregate","Steam Power"],"picked":"Ball Lightning","floor":2},{"not_picked":["Steam","Turbo"],"picked":"Redo","floor":7},{"not_picked":["Hologram","Sweeping Beam"],"picked":"Reprogram","floor":10},{"not_picked":["Heatsinks","Hologram"],"picked":"Ball Lightning","floor":11},{"not_picked":["Turbo","Rip and Tear"],"picked":"Stack","floor":13},{"not_picked":["Rainbow","Multi-Cast"],"picked":"Electrodynamics","floor":16},{"not_picked":["Go for the Eyes","Streamline"],"picked":"Cold Snap","floor":18},{"not_picked":["Redo+1","Genetic Algorithm"],"picked":"Coolheaded","floor":22},{"not_picked":["Streamline+1","Undo"],"picked":"Defragment+1","floor":23},{"not_picked":["Compile Driver","Ball Lightning"],"picked":"Buffer","floor":24},{"not_picked":["Barrage","Reboot"],"picked":"Leap","floor":25},{"not_picked":["Genetic Algorithm","Reprogram+1"],"picked":"Stack","floor":28},{"not_picked":["FTL+1","Steam"],"picked":"Recycle+1","floor":30},{"not_picked":["Force Field","Gash"],"picked":"Chill+1","floor":31},{"not_picked":["Multi-Cast","Rainbow"],"picked":"Creative AI","floor":33},{"not_picked":["Gash+1","Hologram"],"picked":"Cold Snap","floor":35},{"not_picked":["Hologram+1","Turbo"],"picked":"Doom and Gloom+1","floor":36},{"not_picked":["Turbo","Streamline"],"picked":"Fusion","floor":38},{"not_picked":["Go for the Eyes","Hello World+1"],"picked":"Tempest+1","floor":41},{"not_picked":["Static Discharge","Ball Lightning+1"],"picked":"Turbo","floor":44},{"not_picked":["Recycle+1","Storm"],"picked":"Stack","floor":46},{"not_picked":["Steam+1","White Noise+1"],"picked":"Aggregate+1","floor":48},{"not_picked":["Sweeping Beam","Consume"],"picked":"White Noise","floor":54}],"player_experience":92400,"relics_obtained":[{"floor":7,"key":"Centennial Puzzle"},{"floor":9,"key":"Smiling Mask"},{"floor":10,"key":"MawBank"},{"floor":19,"key":"Enchiridion"},{"floor":23,"key":"Bottled Lightning"},{"floor":25,"key":"PreservedInsect"},{"floor":26,"key":"Art of War"},{"floor":36,"key":"Thread and Needle"},{"floor":41,"key":"Potion Belt"},{"floor":44,"key":"Happy Flower"},{"floor":46,"key":"Vajra"},{"floor":48,"key":"Blood Vial"},{"floor":54,"key":"Cables"}],"event_choices":[{"damage_healed":0,"gold_gain":0,"player_choice":"Entered Light","damage_taken":16,"max_hp_gain":0,"max_hp_loss":0,"event_name":"Shining Light","floor":3,"gold_loss":0,"cards_upgraded":["Defend_B","Zap"]},{"cards_removed":["Strike_B"],"damage_healed":0,"gold_gain":0,"player_choice":"Card Removal","damage_taken":0,"max_hp_gain":0,"max_hp_loss":0,"event_name":"The Cleric","floor":4,"gold_loss":50},{"damage_healed":0,"gold_gain":100,"player_choice":"Pray","damage_taken":0,"max_hp_gain":0,"max_hp_loss":0,"event_name":"Golden Shrine","floor":5,"gold_loss":0},{"damage_healed":0,"gold_gain":0,"player_choice":"Left Gold","damage_taken":0,"max_hp_gain":0,"max_hp_loss":0,"event_name":"World of Goop","floor":12,"gold_loss":21},{"damage_healed":0,"gold_gain":0,"player_choice":"Obtained Book","damage_taken":16,"max_hp_gain":0,"max_hp_loss":0,"event_name":"Cursed Tome","floor":19,"gold_loss":0},{"damage_healed":0,"gold_gain":0,"cards_transformed":["Strike_B","Strike_B"],"player_choice":"Became Test Subject","damage_taken":0,"max_hp_gain":0,"max_hp_loss":0,"event_name":"Drug Dealer","floor":20,"gold_loss":0,"cards_obtained":["Echo Form","White Noise"]},{"damage_healed":0,"gold_gain":0,"player_choice":"Ignored","damage_taken":0,"max_hp_gain":0,"max_hp_loss":0,"event_name":"Vampires","floor":21,"gold_loss":0},{"damage_healed":0,"gold_gain":99,"player_choice":"Stole From Cult","damage_taken":0,"max_hp_gain":0,"max_hp_loss":0,"event_name":"Nest","floor":27,"gold_loss":0},{"damage_healed":0,"gold_gain":0,"player_choice":"Fight","damage_taken":0,"max_hp_gain":0,"max_hp_loss":0,"event_name":"Mysterious Sphere","floor":36,"gold_loss":0},{"damage_healed":0,"gold_gain":100,"player_choice":"Pray","damage_taken":0,"max_hp_gain":0,"max_hp_loss":0,"event_name":"Golden Shrine","floor":37,"gold_loss":0},{"damage_healed":0,"gold_gain":0,"cards_transformed":["Defend_B"],"player_choice":"Transformed","damage_taken":0,"max_hp_gain":0,"max_hp_loss":0,"event_name":"Transmorgrifier","floor":39,"gold_loss":0,"cards_obtained":["Skim"]}],"is_beta":false,"boss_relics":[{"not_picked":["Lizard Tail","Fusion Hammer"],"picked":"Nuclear Battery"},{"not_picked":["Coffee Dripper","Velvet Choker"],"picked":"Cursed Key"}],"items_purged_floors":[14,29,47],"is_endless":false,"potions_floor_spawned":[10,11,13,24,30,31,33,35,41,44,46],"killed_by":"The Heart","ascension_level":1}