{"gold_per_floor":[113,124,140,65,65,97,114,114,114,127,143,173,173,184,184,281,281,295,220,68,68,68,68,68],"floor_reached":24,"playtime":958,"items_purged":["Defend_R"],"score":216,"play_id":"bde1b1b2-2509-4b7f-a0eb-8029b535b862","local_time":"20190107205402","is_ascension_mode":true,"campfire_choices":[{"data":"Armaments","floor":8.0,"key":"SMITH"},{"floor":13.0,"key":"REST"},{"data":"Carnage","floor":15.0,"key":"SMITH"},{"data":"Iron Wave","floor":23,"key":"SMITH"}],"neow_cost":"NONE","seed_source_timestamp":33697927263183,"circlet_count":0,"master_deck":["Strike_R","Strike_R","Strike_R","Defend_R","Defend_R","Defend_R","Bash","Ghostly Armor","Pommel Strike","Shrug It Off","Seeing Red","Iron Wave+1","Armaments+1","Carnage+1","Inflame+1","Demon Form+1","Clash+1"],"special_seed":0,"relics":["Black Blood","Red Skull","Bag of Marbles","Frozen Egg 2","Vajra"],"potions_floor_usage":[16],"damage_taken":[{"damage":0.0,"enemies":"Cultist","floor":1.0,"turns":4.0},{"damage":7.0,"enemies":"Small Slimes","floor":2.0,"turns":4.0},{"damage":1.0,"enemies":"Jaw Worm","floor":3.0,"turns":6.0},{"damage":27.0,"enemies":"Lagavulin","floor":6.0,"turns":12.0},{"damage":1.0,"enemies":"3 Louse","floor":7.0,"turns":5.0},{"damage":9.0,"enemies":"Red Slaver","floor":10.0,"turns":5.0},{"damage":1.0,"enemies":"Exordium Wildlife","floor":11.0,"turns":3.0},{"damage":26.0,"enemies":"3 Sentries","floor":12.0,"turns":8.0},{"damage":0.0,"enemies":"2 Fungi Beasts","floor":14.0,"turns":4.0},{"damage":68,"enemies":"Hexaghost","floor":16,"turns":15},{"damage":2,"enemies":"Shell Parasite","floor":18,"turns":10},{"damage":26,"enemies":"Slavers","floor":24,"turns":2}],"seed_played":"6306751400848195949","potions_obtained":[{"floor":2.0,"key":"Dexterity Potion"},{"floor":6.0,"key":"Weak Potion"},{"floor":11.0,"key":"Fire Potion"},{"floor":18,"key":"GamblersBrew"}],"is_trial":false,"path_per_floor":["M","M","M","$","?","E","M","R","T","M","M","E","R","M","R","B",null,"M","?","$","?","$","R","E"],"character_chosen":"IRONCLAD","items_purchased":["Vajra"],"campfire_rested":1,"item_purchase_floors":[20],"current_hp_per_floor":[80,79,80,80,73,52,57,57,57,54,59,39,63,69,69,7,80,80,80,80,65,65,65,39],"gold":68,"neow_bonus":"THREE_CARDS","is_prod":false,"is_daily":false,"chose_seed":false,"campfire_upgraded":3,"win_rate":0,"timestamp":1546890842,"path_taken":["M","M","M","$","?","E","M","R","T","M","M","E","R","M","R","BOSS","M","?","$","?","$","R","E"],"build_version":"2019-01-03v4","purchased_purges":1,"victory":false,"max_hp_per_floor":[80,80,80,80,80,80,80,80,80,80,80,80,80,80,80,80,80,80,80,80,85,85,85,85],"card_choices":[{"not_picked":["Sentinel","Sever Soul"],"picked":"Ghostly Armor","floor":0.0},{"not_picked":["Wild Strike","Warcry"],"picked":"Pommel Strike","floor":1.0},{"not_picked":["Entrench","Burning Pact"],"picked":"Shrug It Off","floor":2.0},{"not_picked":["Entrench","Sword Boomerang"],"picked":"Seeing Red","floor":3.0},{"not_picked":["Pommel Strike","Sever Soul"],"picked":"Iron Wave","floor":6.0},{"not_picked":["Double Tap","Anger"],"picked":"Armaments","floor":7.0},{"not_picked":["Anger","Rupture","Metallicize"],"picked":"SKIP","floor":10.0},{"not_picked":["Rage","Feel No Pain"],"picked":"Carnage","floor":11.0},{"not_picked":["True Grit","Sword Boomerang","Wild Strike"],"picked":"SKIP","floor":12.0},{"not_picked":["Wild Strike","Body Slam"],"picked":"Inflame+1","floor":14.0},{"not_picked":["Berserk+1","Reaper"],"picked":"Demon Form+1","floor":16},{"not_picked":["Body Slam","True Grit"],"picked":"Clash+1","floor":18}],"player_experience":138253,"relics_obtained":[{"floor":6.0,"key":"Red Skull"},{"floor":9.0,"key":"Bag of Marbles"},{"floor":12.0,"key":"Frozen Egg 2"}],"event_choices":[{"cards_removed":["Strike_R"],"damage_healed":0.0,"max_hp_gain":0.0,"max_hp_loss":0.0,"gold_gain":0.0,"event_name":"Golden Wing","player_choice":"Card Removal","floor":5.0,"gold_loss":0.0,"damage_taken":7.0},{"cards_removed":["Strike_R"],"damage_healed":0,"gold_gain":0,"player_choice":"Gave Gold","damage_taken":0,"max_hp_gain":0,"max_hp_loss":0,"event_name":"Beggar","floor":19,"gold_loss":75},{"damage_healed":0,"gold_gain":0,"player_choice":"Shed Blood","damage_taken":20,"max_hp_gain":5,"max_hp_loss":0,"event_name":"Forgotten Altar","floor":21,"gold_loss":0}],"is_beta":false,"boss_relics":[{"not_picked":["Coffee Dripper","Calling Bell"],"picked":"Black Blood"}],"items_purged_floors":[4],"is_endless":false,"potions_floor_spawned":[2,6,11,12,14,18],"killed_by":"Slavers","ascension_level":1}