{"gold_per_floor":[114,127,140,157,171,198,212,212,238,264,264,283,299,332,332,430,430,447,460,476,490,490,490,520,520,520,552,652,664,200,200,200,300,300,315,42,42,42,54,54,65,65,117,130,130,130,7,23,23,23],"floor_reached":51,"playtime":4918,"items_purged":["Strike_R","Strike_R","Strike_R"],"score":736,"play_id":"d233cc09-8b41-4867-ab1b-fbae7ff494cc","local_time":"20190123231136","is_ascension_mode":false,"campfire_choices":[{"data":"Juggernaut","floor":11,"key":"SMITH"},{"floor":15,"key":"REST"},{"floor":23,"key":"REST"},{"floor":25,"key":"REST"},{"floor":32,"key":"REST"},{"data":"Feel No Pain","floor":40,"key":"SMITH"},{"data":"Metallicize","floor":42,"key":"SMITH"},{"floor":45,"key":"REST"},{"floor":49,"key":"REST"}],"neow_cost":"NONE","seed_source_timestamp":657436113089133,"circlet_count":0,"master_deck":["Strike_R","Defend_R+1","Defend_R","Defend_R","Defend_R","Bash","Heavy Blade","Corruption","Ghostly Armor+1","Clash","Juggernaut+1","Infernal Blade","Shockwave","Inflame","Fiend Fire","Shrug It Off","Metallicize","Juggernaut","Pummel","Iron Wave+1","Entrench","Iron Wave+1","Shrug It Off","Shrug It Off","Demon Form","Inflame","Metallicize+1","Armaments","Spot Weakness","Panache","Rage","RitualDagger","Barricade+1","Feel No Pain+1","Metallicize","Enlightenment","Shrug It Off+1","Ghostly Armor+1","Flame Barrier","Iron Wave+1"],"relics":["Burning Blood","Regal Pillow","Pen Nib","Smiling Mask","Happy Flower","Bag of Marbles","Orrery","MutagenicStrength","Ancient Tea Set","Gambling Chip","War Paint","Oddly Smooth Stone","Sozu","Whetstone","Orichalcum"],"potions_floor_usage":[6,14,14,16,27,33,50],"damage_taken":[{"damage":6,"enemies":"Cultist","floor":1,"turns":3},{"damage":8,"enemies":"Jaw Worm","floor":2,"turns":3},{"damage":8,"enemies":"2 Louse","floor":3,"turns":3},{"damage":6,"enemies":"Large Slime","floor":4,"turns":8},{"damage":11,"enemies":"Exordium Thugs","floor":5,"turns":5},{"damage":26,"enemies":"Lagavulin","floor":6,"turns":8},{"damage":3,"enemies":"Exordium Wildlife","floor":7,"turns":4},{"damage":15,"enemies":"3 Sentries","floor":10,"turns":6},{"damage":13,"enemies":"Large Slime","floor":12,"turns":6},{"damage":11,"enemies":"Exordium Thugs","floor":13,"turns":5},{"damage":0,"enemies":"Gremlin Nob","floor":14,"turns":2},{"damage":22,"enemies":"Slime Boss","floor":16,"turns":7},{"damage":16,"enemies":"Spheric Guardian","floor":18,"turns":4},{"damage":10,"enemies":"Chosen","floor":19,"turns":4},{"damage":29,"enemies":"Snake Plant","floor":20,"turns":5},{"damage":9,"enemies":"Centurion and Healer","floor":21,"turns":7},{"damage":44,"enemies":"Slavers","floor":24,"turns":5},{"damage":59,"enemies":"Gremlin Leader","floor":27,"turns":7},{"damage":21,"enemies":"Shelled Parasite and Fungi","floor":29,"turns":5},{"damage":27,"enemies":"Champ","floor":33,"turns":10},{"damage":18,"enemies":"3 Darklings","floor":35,"turns":7},{"damage":0,"enemies":"3 Shapes","floor":39,"turns":7},{"damage":23,"enemies":"Jaw Worm Horde","floor":41,"turns":5},{"damage":55,"enemies":"Transient","floor":44,"turns":5},{"damage":2,"enemies":"3 Darklings","floor":48,"turns":7},{"damage":44,"enemies":"Donu and Deca","floor":50,"turns":11}],"seed_played":"-4148723897627925187","potions_obtained":[{"floor":2,"key":"Ancient Potion"},{"floor":4,"key":"PowerPotion"},{"floor":10,"key":"PowerPotion"},{"floor":12,"key":"SkillPotion"},{"floor":14,"key":"Fire Potion"},{"floor":20,"key":"BloodPotion"},{"floor":21,"key":"Energy Potion"}],"is_trial":false,"path_per_floor":["M","M","M","M","M","E","M","?","T","E","R","M","M","E","R","B",null,"M","M","M","M","?","R","E","R","T","E","?","M","$","?","R","B",null,"M","$","?","?","M","R","M","R","T","M","R","?","$","M","R","B",null],"character_chosen":"IRONCLAD","items_purchased":["Panache","Oddly Smooth Stone","Rage","Metallicize","Whetstone","Flame Barrier"],"campfire_rested":6,"item_purchase_floors":[30,30,30,36,36,47],"current_hp_per_floor":[80,78,76,76,71,51,54,54,54,45,45,38,33,39,78,62,80,70,66,43,40,40,79,41,80,80,27,27,12,12,6,45,32,80,68,68,68,68,74,74,57,57,57,8,47,47,47,51,80,42],"gold":23,"neow_bonus":"RANDOM_COMMON_RELIC","is_prod":false,"is_daily":false,"chose_seed":false,"campfire_upgraded":3,"win_rate":0.0,"timestamp":1548252696,"path_taken":["M","M","M","M","M","E","?","?","T","E","R","M","M","E","R","BOSS","M","M","M","M","?","R","E","R","T","E","?","?","$","?","R","BOSS","M","$","?","?","M","R","M","R","T","?","R","?","$","M","R","BOSS"],"build_version":"2019-01-17v2","purchased_purges":3,"victory":true,"max_hp_per_floor":[80,80,80,80,80,80,80,80,80,80,80,80,80,80,80,80,80,80,80,80,80,80,80,80,80,80,80,80,80,80,80,80,80,80,80,80,80,80,80,80,80,80,80,80,80,80,80,80,80,80],"card_choices":[{"not_picked":["Sword Boomerang","Warcry"],"picked":"Heavy Blade","floor":1},{"not_picked":["Clothesline","Intimidate"],"picked":"Corruption","floor":2},{"not_picked":["Sword Boomerang","Power Through"],"picked":"Ghostly Armor","floor":3},{"not_picked":["Whirlwind","Dual Wield"],"picked":"Clash","floor":4},{"not_picked":["Anger","Sword Boomerang"],"picked":"Juggernaut","floor":5},{"not_picked":["True Grit","Sword Boomerang"],"picked":"Infernal Blade","floor":6},{"not_picked":["Intimidate","Cleave"],"picked":"Shockwave","floor":7},{"not_picked":["Twin Strike","Hemokinesis"],"picked":"Inflame","floor":10},{"not_picked":["Whirlwind","Perfected Strike"],"picked":"Fiend Fire","floor":12},{"not_picked":["Thunderclap","Hemokinesis"],"picked":"Shrug It Off","floor":13},{"not_picked":["Flex","Flame Barrier"],"picked":"Metallicize","floor":14},{"not_picked":["Limit Break","Fiend Fire"],"picked":"Juggernaut","floor":16},{"not_picked":["Burning Pact","Anger"],"picked":"Pummel","floor":17},{"not_picked":["Second Wind","Flex"],"picked":"Iron Wave","floor":17},{"not_picked":["Heavy Blade","Combust"],"picked":"Entrench","floor":17},{"not_picked":["Clash","Uppercut"],"picked":"Iron Wave","floor":17},{"not_picked":["True Grit","Pommel Strike"],"picked":"Shrug It Off","floor":17},{"not_picked":["Entrench+1","Pommel Strike"],"picked":"Shrug It Off","floor":18},{"not_picked":["Sword Boomerang","Disarm"],"picked":"Fire Breathing+1","floor":19},{"not_picked":["Flex+1","Cleave+1"],"picked":"Demon Form","floor":20},{"not_picked":["Flex","Combust+1"],"picked":"Inflame","floor":21},{"not_picked":["Headbutt","Perfected Strike"],"picked":"Metallicize","floor":24},{"not_picked":["Clash","Headbutt"],"picked":"Armaments","floor":27},{"not_picked":["Clash","Headbutt"],"picked":"Spot Weakness","floor":29},{"not_picked":["Feed","Fiend Fire"],"picked":"Barricade","floor":33},{"not_picked":["Clash+1","Flex"],"picked":"Feel No Pain","floor":35},{"not_picked":["Blind","Forethought"],"picked":"Enlightenment","floor":37},{"not_picked":["Intimidate","Armaments+1"],"picked":"Shrug It Off+1","floor":39},{"not_picked":["Heavy Blade","Clothesline+1","Sever Soul+1"],"picked":"SKIP","floor":41},{"not_picked":["Bloodletting","Heavy Blade+1"],"picked":"Ghostly Armor+1","floor":44},{"not_picked":["Clothesline","Pommel Strike+1"],"picked":"Iron Wave+1","floor":48}],"player_experience":44897,"relics_obtained":[{"floor":6,"key":"Pen Nib"},{"floor":9,"key":"Smiling Mask"},{"floor":10,"key":"Happy Flower"},{"floor":14,"key":"Bag of Marbles"},{"floor":24,"key":"Ancient Tea Set"},{"floor":26,"key":"Gambling Chip"},{"floor":27,"key":"War Paint"},{"floor":43,"key":"Orichalcum"}],"event_choices":[{"cards_removed":["Strike_R"],"damage_healed":0,"gold_gain":0,"player_choice":"Forget","damage_taken":0,"max_hp_gain":0,"max_hp_loss":0,"event_name":"Living Wall","floor":8,"gold_loss":0},{"damage_healed":0,"gold_gain":0,"player_choice":"Inject Mutagens","damage_taken":0,"relics_obtained":["MutagenicStrength"],"max_hp_gain":0,"max_hp_loss":0,"event_name":"Drug Dealer","floor":22,"gold_loss":0},{"damage_healed":0,"gold_gain":100,"player_choice":"Pray","damage_taken":0,"max_hp_gain":0,"max_hp_loss":0,"event_name":"Golden Shrine","floor":28,"gold_loss":0},{"damage_healed":0,"gold_gain":0,"player_choice":"Joined the Cult","damage_taken":6,"max_hp_gain":0,"max_hp_loss":0,"event_name":"Nest","floor":31,"gold_loss":0,"cards_obtained":["RitualDagger"]},{"damage_healed":0,"gold_gain":0,"player_choice":"Memory 1","damage_taken":0,"max_hp_gain":0,"max_hp_loss":0,"event_name":"SensoryStone","floor":37,"gold_loss":0},{"damage_healed":0,"gold_gain":0,"player_choice":"Forge","damage_taken":0,"max_hp_gain":0,"max_hp_loss":0,"event_name":"Accursed Blacksmith","floor":38,"gold_loss":0,"cards_upgraded":["Barricade"]},{"cards_removed":["Fire Breathing"],"damage_healed":0,"gold_gain":0,"player_choice":"Removed Power","damage_taken":0,"max_hp_gain":0,"max_hp_loss":0,"event_name":"Falling","floor":46,"gold_loss":0}],"is_beta":false,"boss_relics":[{"not_picked":["Tiny House","Lizard Tail"],"picked":"Orrery"},{"not_picked":["Runic Cube","Philosopher\u0027s Stone"],"picked":"Sozu"}],"items_purged_floors":[30,36,47],"is_endless":false,"potions_floor_spawned":[2,4,10,12,14,20,21,41,44],"ascension_level":0}