{"gold_per_floor":[109,34,34,34,34,34,59,77,77,77,89,106,141,157,157,230,230,245,245],"floor_reached":19,"playtime":692,"items_purged":["Strike_G"],"score":292,"play_id":"2bfd1ee8-0d23-48bb-b7bf-fcefb53e3d7a","local_time":"20190202144347","is_ascension_mode":true,"campfire_choices":[{"data":"Skewer","floor":6,"key":"SMITH"},{"floor":10,"key":"REST"},{"data":"Deadly Poison","floor":15,"key":"SMITH"}],"neow_cost":"NONE","seed_source_timestamp":1636604021700,"circlet_count":0,"master_deck":["AscendersBane","Defend_G","Defend_G","Defend_G","Defend_G","Defend_G","Strike_G","Strike_G","Strike_G","Strike_G","Survivor","Neutralize","Panacea","Skewer+1","Dagger Spray","Deadly Poison+1","Die Die Die","Bane","Corpse Explosion"],"relics":["Ring of the Snake","Mango","Bottled Flame","Centennial Puzzle","Boot","Runic Pyramid"],"potions_floor_usage":[11,13,13,16,19],"damage_taken":[{"damage":0,"enemies":"Jaw Worm","floor":1,"turns":5},{"damage":30,"enemies":"3 Sentries","floor":7,"turns":11},{"damage":2,"enemies":"2 Louse","floor":8,"turns":4},{"damage":0,"enemies":"Cultist","floor":11,"turns":4},{"damage":10,"enemies":"Large Slime","floor":12,"turns":4},{"damage":18,"enemies":"Gremlin Nob","floor":13,"turns":3},{"damage":1,"enemies":"Looter","floor":14,"turns":3},{"damage":11,"enemies":"Hexaghost","floor":16,"turns":10},{"damage":11,"enemies":"3 Byrds","floor":18,"turns":3},{"damage":35,"enemies":"Colosseum Slavers","floor":19,"turns":4},{"damage":30,"enemies":"Colosseum Nobs","floor":19,"turns":2}],"seed_played":"7114441038448374588","potions_obtained":[{"floor":8,"key":"EntropicBrew"},{"floor":12,"key":"Fire Potion"},{"floor":13,"key":"SpeedPotion"},{"floor":16,"key":"EssenceOfSteel"}],"is_trial":false,"path_per_floor":["M","$","?","?","$","R","E","M","T","R","M","M","E","M","R","B",null,"M","?"],"character_chosen":"THE_SILENT","items_purchased":[],"campfire_rested":1,"item_purchase_floors":[],"current_hp_per_floor":[63,63,63,59,59,59,29,27,27,52,52,42,24,23,23,12,66,55,0],"gold":245,"neow_bonus":"RANDOM_COLORLESS","is_prod":false,"is_daily":false,"chose_seed":false,"campfire_upgraded":2,"win_rate":0,"timestamp":1549111427,"path_taken":["M","$","?","?","?","R","E","M","T","R","M","M","E","?","R","BOSS","M","?"],"build_version":"2019-01-23","purchased_purges":1,"victory":false,"max_hp_per_floor":[70,70,70,84,84,84,84,84,84,84,84,84,84,84,84,84,84,84,84],"card_choices":[{"not_picked":["Backflip","Quick Slash"],"picked":"Skewer","floor":1},{"not_picked":["Blur","Quick Slash","Prepared"],"picked":"SKIP","floor":7},{"not_picked":["Blur","Quick Slash","Prepared"],"picked":"SKIP","floor":7},{"not_picked":["Acrobatics","Quick Slash"],"picked":"Dagger Spray","floor":8},{"not_picked":["Eviscerate","Dagger Throw"],"picked":"Deadly Poison","floor":11},{"not_picked":["Slice","Flechettes","Choke"],"picked":"SKIP","floor":12},{"not_picked":["Acrobatics","Setup"],"picked":"Die Die Die","floor":13},{"not_picked":["Prepared","Skewer"],"picked":"Bane","floor":14},{"not_picked":["Bullet Time","Die Die Die"],"picked":"Corpse Explosion","floor":16},{"not_picked":["Backflip","Outmaneuver","Deflect"],"picked":"SKIP","floor":18}],"player_experience":566236,"relics_obtained":[{"floor":7,"key":"Bottled Flame"},{"floor":9,"key":"Centennial Puzzle"},{"floor":13,"key":"Boot"}],"event_choices":[{"damage_healed":0,"gold_gain":0,"player_choice":"Ignored","damage_taken":0,"max_hp_gain":0,"max_hp_loss":0,"event_name":"Liars Game","floor":3,"gold_loss":0},{"damage_healed":0,"gold_gain":0,"player_choice":"Success","damage_taken":18,"relics_obtained":["Mango"],"max_hp_gain":0,"max_hp_loss":0,"event_name":"Scrap Ooze","floor":4,"gold_loss":0},{"damage_healed":0,"gold_gain":0,"player_choice":"Fight","damage_taken":0,"max_hp_gain":0,"max_hp_loss":0,"event_name":"Colosseum","floor":19,"gold_loss":0},{"damage_healed":0,"gold_gain":0,"player_choice":"Fought Nobs","damage_taken":0,"max_hp_gain":0,"max_hp_loss":0,"event_name":"Colosseum","floor":19,"gold_loss":0}],"is_beta":false,"boss_relics":[{"not_picked":["Snecko Eye","Lizard Tail"],"picked":"Runic Pyramid"}],"items_purged_floors":[2],"is_endless":false,"potions_floor_spawned":[8,11,12,13,16,19],"killed_by":"Colosseum Nobs","ascension_level":13}