{"gold_per_floor":[114,39,51,61,61,61,136,152,176,176,196,214,36,48,48,148,148,166,181,181,201,201,201,216,216,216,230,230,329,50,67,67,67],"floor_reached":33,"playtime":2291,"items_purged":["Strike_G","Strike_G","Strike_G"],"score":241,"play_id":"a2830c25-9ec6-42c4-aa0f-d821347fa213","local_time":"20180726222536","is_ascension_mode":false,"campfire_choices":[{"data":"Catalyst","floor":6,"key":"SMITH"},{"floor":10,"key":"REST"},{"data":"Crippling Poison","floor":15,"key":"SMITH"},{"floor":23,"key":"REST"},{"floor":25,"key":"REST"},{"data":"Bouncing Flask","floor":28,"key":"SMITH"},{"floor":32,"key":"REST"}],"neow_cost":"","seed_source_timestamp":262140695456124,"circlet_count":0,"master_deck":["Defend_G","Defend_G","Defend_G+1","Defend_G","Defend_G","Strike_G","Strike_G","Survivor","Neutralize","Prepared","Crippling Poison+1","Catalyst+1","Finesse","Escape Plan","Bane","All Out Attack","Die Die Die","Venomology+1","Tactician+1","Acrobatics","Bouncing Flask+1","Terror+1","Footwork","Reflex","Underhanded Strike"],"relics":["Ring of the Snake","Lantern","Lizard Tail","War Paint"],"potions_floor_usage":[16,18,21,21,27,33,33,33],"damage_taken":[{"damage":0,"enemies":"Jaw Worm","floor":1,"turns":6},{"damage":1,"enemies":"Cultist","floor":3,"turns":5},{"damage":2,"enemies":"Small Slimes","floor":4,"turns":4},{"damage":0,"enemies":"2 Fungi Beasts","floor":8,"turns":4},{"damage":0,"enemies":"Looter","floor":11,"turns":4},{"damage":2,"enemies":"Exordium Thugs","floor":12,"turns":5},{"damage":0,"enemies":"Lots of Slimes","floor":14,"turns":1},{"damage":22,"enemies":"The Guardian","floor":16,"turns":14},{"damage":13,"enemies":"3 Byrds","floor":18,"turns":4},{"damage":12,"enemies":"Shell Parasite","floor":19,"turns":6},{"damage":78,"enemies":"Sentry and Sphere","floor":21,"turns":14},{"damage":12,"enemies":"Chosen and Byrds","floor":24,"turns":5},{"damage":6,"enemies":"Snecko","floor":27,"turns":4},{"damage":6,"enemies":"Cultist and Chosen","floor":31,"turns":5},{"damage":85,"enemies":"Collector","floor":33,"turns":6}],"seed_played":"-8062781552246772934","potions_obtained":[{"floor":4,"key":"SkillPotion"},{"floor":8,"key":"Fire Potion"},{"floor":12,"key":"Block Potion"},{"floor":16,"key":"Swift Potion"}],"is_trial":false,"path_per_floor":["M","$","M","M","?","R","?","M","T","R","M","M","$","M","R","B",null,"M","M","?","M","?","R","M","R","T","M","R","?","$","M","R"],"character_chosen":"THE_SILENT","items_purchased":["Die Die Die","Footwork","Reflex"],"campfire_rested":4,"item_purchase_floors":[13,30,30],"current_hp_per_floor":[70,70,69,67,67,67,56,56,56,70,70,68,68,68,68,46,70,57,45,45,4,27,48,36,57,57,65,65,65,65,59,70,0],"gold":67,"neow_bonus":"","is_prod":false,"is_daily":false,"chose_seed":false,"campfire_upgraded":3,"win_rate":0.0,"timestamp":1532615136,"path_taken":["M","$","M","M","?","R","?","?","T","R","M","M","$","?","R","BOSS","M","?","?","M","?","R","M","R","T","?","R","?","?","M","R","BOSS"],"build_version":"2018-07-19v2","purchased_purges":3,"victory":false,"max_hp_per_floor":[70,70,70,70,70,70,70,70,70,70,70,70,70,70,70,70,70,70,70,70,70,70,70,70,70,70,70,70,70,70,70,70,70],"card_choices":[{"not_picked":["Quick Slash","Bane"],"picked":"Prepared","floor":1},{"not_picked":["Underhanded Strike","Outmaneuver"],"picked":"Crippling Poison","floor":3},{"not_picked":["Bane","Flying Knee"],"picked":"Catalyst","floor":4},{"not_picked":["Deflect","Outmaneuver","PiercingWail"],"picked":"SKIP","floor":8},{"not_picked":["Underhanded Strike","Choke"],"picked":"Bane","floor":11},{"not_picked":["Deflect","Terror"],"picked":"All Out Attack","floor":12},{"not_picked":["Quick Slash","Infinite Blades","PiercingWail"],"picked":"SKIP","floor":14},{"not_picked":["Malaise","Unload"],"picked":"Venomology","floor":16},{"not_picked":["Dodge and Roll","Eviscerate"],"picked":"Tactician","floor":18},{"not_picked":["Well Laid Plans+1","All Out Attack+1"],"picked":"Acrobatics","floor":19},{"not_picked":["Predator","PiercingWail+1"],"picked":"Bouncing Flask","floor":21},{"not_picked":["Deflect+1","Outmaneuver","PiercingWail"],"picked":"SKIP","floor":24},{"not_picked":["Deflect","Endless Agony"],"picked":"Terror+1","floor":27},{"not_picked":["Outmaneuver+1","Slice"],"picked":"Underhanded Strike","floor":31}],"player_experience":86870,"relics_obtained":[{"floor":9,"key":"Lantern"},{"floor":26,"key":"War Paint"}],"event_choices":[{"event_name":"Match and Keep!","player_choice":"2 cards matched","floor":5,"damage_taken":0},{"event_name":"World of Goop","player_choice":"Gather Gold","floor":7,"damage_taken":0},{"event_name":"Accursed Blacksmith","player_choice":"Forge","floor":20,"damage_taken":0},{"event_name":"The Library","player_choice":"Heal","floor":22,"damage_taken":0},{"event_name":"Nest","player_choice":"Stole From Cult","floor":29,"damage_taken":0}],"is_beta":false,"boss_relics":[{"not_picked":["Calling Bell","Busted Crown"],"picked":"Lizard Tail"}],"items_purged_floors":[2,13,30],"is_endless":false,"potions_floor_spawned":[4,8,12,16,27,31],"killed_by":"Collector","ascension_level":0}