{"gold_per_floor":[117,136,150,100,111,139,139,139,139,106,124,124,154,179,179,300,300,315,328,343,343,343,343,241,241,241,192,192,192,206,225,225,225],"floor_reached":33,"playtime":1473,"items_purged":["Injury"],"score":247,"play_id":"e728552b-0b7e-4e4a-82dd-54f6c925fbde","local_time":"20180719083309","is_ascension_mode":false,"campfire_choices":[{"data":"Auto Shields","floor":7,"key":"SMITH"},{"data":"Leap","floor":12,"key":"SMITH"},{"floor":15,"key":"REST"},{"floor":23,"key":"REST"},{"floor":25,"key":"REST"},{"floor":29,"key":"REST"},{"floor":32,"key":"REST"}],"neow_cost":"NONE","seed_source_timestamp":334942470880468,"circlet_count":0,"master_deck":["Strike_B","Strike_B","Defend_B","Defend_B","Defend_B","Defend_B","Zap+1","Dualcast","Auto Shields+1","Conserve Battery","Ball Lightning","Leap+1","Barrage","BootSequence","Beam Cell","Beam Cell","FTL+1","Beam Cell","Streamline","Gash","FTL+1"],"relics":["Cracked Core","Vajra","Golden Idol","Lantern","Orrery","Happy Flower","Kunai"],"potions_floor_usage":[],"damage_taken":[{"damage":0,"enemies":"Small Slimes","floor":1,"turns":2},{"damage":2,"enemies":"2 Louse","floor":2,"turns":3},{"damage":1,"enemies":"Jaw Worm","floor":3,"turns":5},{"damage":8,"enemies":"Lots of Slimes","floor":5,"turns":4},{"damage":1,"enemies":"3 Sentries","floor":6,"turns":7},{"damage":1,"enemies":"Red Slaver","floor":11,"turns":2},{"damage":3,"enemies":"2 Fungi Beasts","floor":14,"turns":3},{"damage":37,"enemies":"The Guardian","floor":16,"turns":14},{"damage":11,"enemies":"Shell Parasite","floor":18,"turns":6},{"damage":20,"enemies":"Spheric Guardian","floor":19,"turns":5},{"damage":38,"enemies":"3 Cultists","floor":20,"turns":6},{"damage":19,"enemies":"Chosen and Byrds","floor":30,"turns":6},{"damage":17,"enemies":"Snake Plant","floor":31,"turns":5},{"damage":75,"enemies":"Champ","floor":33,"turns":11}],"seed_played":"-6249140666831043685","potions_obtained":[{"floor":1,"key":"GamblersBrew"},{"floor":5,"key":"PowerPotion"},{"floor":6,"key":"Dexterity Potion"},{"floor":14,"key":"SkillPotion"}],"is_trial":false,"path_per_floor":["M","M","M","?","M","E","R","?","T","?","M","R","?","M","R","B",null,"M","M","M","?","T","R","$","R","T","$","?","R","M","M","R"],"character_chosen":"DEFECT","items_purchased":["Streamline","Gash"],"campfire_rested":5,"item_purchase_floors":[24,27],"current_hp_per_floor":[75,73,72,72,64,63,63,63,63,63,62,62,62,59,75,38,75,64,44,6,6,6,28,28,50,50,50,50,72,53,36,58,0],"gold":225,"neow_bonus":"UPGRADE_CARD","is_prod":false,"is_daily":false,"chose_seed":false,"campfire_upgraded":2,"win_rate":0.0,"timestamp":1531960389,"path_taken":["M","M","M","?","M","E","R","?","T","?","?","R","?","M","R","BOSS","M","?","M","?","?","R","$","R","T","$","?","R","M","M","R","BOSS"],"build_version":"2018-07-12","purchased_purges":1,"victory":false,"max_hp_per_floor":[75,75,75,75,75,75,75,75,75,75,75,75,75,75,75,75,75,75,75,75,75,75,75,75,75,75,75,75,75,75,75,75,75],"card_choices":[{"not_picked":["Stack","Beam Cell"],"picked":"Auto Shields","floor":1},{"not_picked":["Steam","Capacitor"],"picked":"Conserve Battery","floor":2},{"not_picked":["Conserve Battery","Blizzard"],"picked":"Ball Lightning","floor":3},{"not_picked":["Aggregate","Darkness","Creative AI"],"picked":"SKIP","floor":5},{"not_picked":["Conserve Battery","Coolheaded","Consume"],"picked":"SKIP","floor":6},{"not_picked":["Conserve Battery","Skim"],"picked":"Leap","floor":11},{"not_picked":["Steam","Barrage","Coolheaded"],"picked":"SKIP","floor":14},{"not_picked":["Leap","Reprogram"],"picked":"Barrage","floor":17},{"not_picked":["Sweeping Beam","Double Energy"],"picked":"BootSequence","floor":17},{"not_picked":["Stack","Conserve Battery"],"picked":"Beam Cell","floor":17},{"not_picked":["Conserve Battery","Rebound"],"picked":"Beam Cell","floor":18},{"not_picked":["Capacitor","Thunder Strike"],"picked":"FTL+1","floor":19},{"not_picked":["White Noise+1","Fusion"],"picked":"Beam Cell","floor":20},{"not_picked":["Hologram","Stack","Consume"],"picked":"SKIP","floor":30},{"not_picked":["Rebound","Skim"],"picked":"FTL+1","floor":31}],"player_experience":23756,"relics_obtained":[{"floor":6,"key":"Vajra"},{"floor":9,"key":"Lantern"},{"floor":22,"key":"Happy Flower"},{"floor":26,"key":"Kunai"}],"event_choices":[{"event_name":"The Cleric","player_choice":"Card Removal","floor":4,"damage_taken":0},{"event_name":"Golden Idol","player_choice":"Take Wound","floor":8,"damage_taken":0},{"event_name":"World of Goop","player_choice":"Left","floor":10,"damage_taken":0},{"event_name":"Dead Adventurer","player_choice":"Searched \u00271\u0027 times","floor":13,"damage_taken":0},{"event_name":"Drug Dealer","player_choice":"Ignored","floor":21,"damage_taken":0},{"event_name":"Back to Basics","player_choice":"Elegance","floor":28,"damage_taken":0}],"boss_relics":[{"not_picked":["Philosopher\u0027s Stone","Coffee Dripper"],"picked":"Orrery"}],"items_purged_floors":[24],"is_endless":false,"potions_floor_spawned":[1,5,6,14,19,20,30],"killed_by":"Champ","ascension_level":0}