{"gold_per_floor":[116,126,126,139,64,93,14,14,14,14,29,49,63,16,16,120,120,132,132,150,168,188,188,202,202,225,300,166,179,195,53,53,154,154,167,2,12,25,40,40,40,52,52,52,65,65,65,83,83,83],"floor_reached":51,"playtime":4559,"items_purged":["Strike_G","Defend_G","Defend_G"],"score":605,"play_id":"4267ea36-ea8a-4d7e-b0aa-a0ea56ea19c2","local_time":"20180729183423","is_ascension_mode":false,"campfire_choices":[{"floor":8,"key":"REST"},{"data":"Accuracy","floor":15,"key":"SMITH"},{"floor":23,"key":"REST"},{"floor":25,"key":"REST"},{"floor":32,"key":"REST"},{"data":"Tools of the Trade","floor":40,"key":"SMITH"},{"floor":44,"key":"REST"},{"floor":46,"key":"REST"},{"floor":49,"key":"REST"}],"neow_cost":"NONE","seed_source_timestamp":112767851949203,"circlet_count":0,"master_deck":["Defend_G+1","Defend_G+1","Survivor+1","Neutralize+1","Blur+1","Infinite Blades+1","Infinite Blades+1","Accuracy+1","Prepared+1","Choke+1","Bullet Time+1","Dagger Spray+1","Unload+1","Terror+1","Cloak And Dagger+1","Prepared+1","Blade Dance+1","Masterful Stab+1","Backstab+1","Footwork+1","Tools of the Trade+1","Tools of the Trade+1","Dash+1","Infinite Blades+1","Reflex+1","Tactician+1","Reflex+1","Backflip"],"relics":["Ring of the Snake","Ninja Scroll","Molten Egg 2","Lantern","Empty Cage","Question Card","Anchor","WristBlade","Blue Candle","Mark of the Bloom"],"potions_floor_usage":[16,21,21,29,33,33,38,48,50,50],"damage_taken":[{"damage":0,"enemies":"Cultist","floor":1,"turns":5},{"damage":0,"enemies":"Small Slimes","floor":2,"turns":5},{"damage":0,"enemies":"Jaw Worm","floor":4,"turns":6},{"damage":17,"enemies":"Lagavulin","floor":6,"turns":14},{"damage":2,"enemies":"Blue Slaver","floor":11,"turns":3},{"damage":0,"enemies":"Exordium Thugs","floor":12,"turns":6},{"damage":0,"enemies":"Large Slime","floor":13,"turns":1},{"damage":23,"enemies":"Hexaghost","floor":16,"turns":8},{"damage":2,"enemies":"3 Byrds","floor":18,"turns":3},{"damage":4,"enemies":"2 Thieves","floor":20,"turns":3},{"damage":13,"enemies":"Chosen and Byrds","floor":21,"turns":5},{"damage":33,"enemies":"Cultist and Chosen","floor":22,"turns":5},{"damage":3,"enemies":"Centurion and Healer","floor":24,"turns":4},{"damage":0,"enemies":"Snake Plant","floor":29,"turns":1},{"damage":3,"enemies":"Slaver and Parasite","floor":30,"turns":4},{"damage":22,"enemies":"Automaton","floor":33,"turns":10},{"damage":0,"enemies":"3 Shapes","floor":35,"turns":1},{"damage":0,"enemies":"Orb Walker","floor":37,"turns":2},{"damage":29,"enemies":"Maw","floor":38,"turns":6},{"damage":1,"enemies":"Transient","floor":39,"turns":5},{"damage":6,"enemies":"Spire Growth","floor":42,"turns":3},{"damage":22,"enemies":"4 Shapes","floor":45,"turns":4},{"damage":5,"enemies":"Sphere and 2 Shapes","floor":48,"turns":3},{"damage":47,"enemies":"Awakened One","floor":50,"turns":9}],"seed_played":"4571517950709277623","potions_obtained":[{"floor":1,"key":"Explosive Potion"},{"floor":6,"key":"Energy Potion"},{"floor":13,"key":"Energy Potion"},{"floor":18,"key":"GamblersBrew"},{"floor":29,"key":"Block Potion"},{"floor":30,"key":"EssenceOfSteel"},{"floor":33,"key":"Regen Potion"},{"floor":35,"key":"PowerPotion"},{"floor":42,"key":"AttackPotion"},{"floor":45,"key":"Weak Potion"}],"is_trial":false,"path_per_floor":["M","M","?","M","$","E","$","R","T","?","M","M","M","$","R","B",null,"M","?","M","M","M","R","M","R","T","?","$","M","M","$","R","B",null,"M","$","M","M","M","R","?","M","T","R","M","R","?","M","R","B"],"character_chosen":"THE_SILENT","items_purchased":["Accuracy","Dagger Spray+1","Backstab+1","Tools of the Trade","Infinite Blades"],"campfire_rested":7,"item_purchase_floors":[7,14,28,31,36],"current_hp_per_floor":[70,70,63,63,63,46,46,67,67,67,65,65,65,65,65,42,70,68,68,64,51,18,39,36,57,57,50,50,50,47,47,68,46,70,70,70,70,50,49,49,49,43,43,64,42,63,63,58,58,11],"gold":83,"neow_bonus":"REMOVE_CARD","is_prod":false,"is_daily":false,"chose_seed":false,"campfire_upgraded":2,"win_rate":0.0,"timestamp":1532860463,"path_taken":["M","M","?","M","$","E","?","R","T","?","M","M","M","$","R","BOSS","M","?","M","M","M","R","M","R","T","?","$","?","M","$","R","BOSS","M","$","M","M","M","R","?","M","T","R","M","R","?","M","R","BOSS"],"build_version":"2018-07-26","purchased_purges":3,"victory":true,"max_hp_per_floor":[70,70,70,70,70,70,70,70,70,70,70,70,70,70,70,70,70,70,70,70,70,70,70,70,70,70,70,70,70,70,70,70,70,70,70,70,70,70,70,70,70,70,70,70,70,70,70,70,70,70],"card_choices":[{"not_picked":["Bane","Poisoned Stab"],"picked":"Blur","floor":1},{"not_picked":["Slice","Poisoned Stab"],"picked":"Infinite Blades","floor":2},{"not_picked":["Slice","Sucker Punch"],"picked":"Infinite Blades","floor":4},{"not_picked":["Slice","Flying Knee","Expertise"],"picked":"SKIP","floor":6},{"not_picked":["Flechettes+1","Crippling Poison"],"picked":"Prepared","floor":11},{"not_picked":["Deadly Poison","Outmaneuver"],"picked":"Choke+1","floor":12},{"not_picked":["Sucker Punch+1","Bane+1"],"picked":"Bullet Time","floor":13},{"not_picked":["Glass Knife+1","Adrenaline"],"picked":"Unload+1","floor":16},{"not_picked":["PiercingWail","Footwork"],"picked":"Terror","floor":18},{"not_picked":["Dodge and Roll","Underhanded Strike+1","Outmaneuver"],"picked":"Cloak And Dagger","floor":20},{"not_picked":["Crippling Poison+1","Outmaneuver+1","Quick Slash+1"],"picked":"Prepared","floor":21},{"not_picked":["Backflip","Eviscerate+1","Underhanded Strike+1"],"picked":"Blade Dance","floor":22},{"not_picked":["Burst","Flying Knee+1","Distraction"],"picked":"Masterful Stab+1","floor":24},{"not_picked":["Outmaneuver","Heel Hook+1","Slice+1","Catalyst"],"picked":"SKIP","floor":29},{"not_picked":["Acrobatics+1","Blade Dance","Sucker Punch+1"],"picked":"Footwork+1","floor":30},{"not_picked":["Adrenaline","Glass Knife+1","Night Terror"],"picked":"Tools of the Trade","floor":33},{"not_picked":["Heel Hook+1","Skewer+1","Outmaneuver+1"],"picked":"Dash+1","floor":35},{"not_picked":["Backflip+1","Dodge and Roll","Deflect","Predator+1"],"picked":"SKIP","floor":37},{"not_picked":["Deflect","Dagger Throw+1","Noxious Fumes+1"],"picked":"Reflex","floor":38},{"not_picked":["Bouncing Flask+1","Flying Knee+1","Dash+1"],"picked":"Tactician+1","floor":39},{"not_picked":["PiercingWail+1","Noxious Fumes+1","Underhanded Strike+1","Burst"],"picked":"SKIP","floor":42},{"not_picked":["Crippling Poison+1","Caltrops+1","Terror+1","Dodge and Roll"],"picked":"SKIP","floor":45},{"not_picked":["Blade Dance","Crippling Poison+1","Quick Slash+1"],"picked":"Backflip","floor":48}],"player_experience":121375,"relics_obtained":[{"floor":6,"key":"Ninja Scroll"},{"floor":9,"key":"Molten Egg 2"},{"floor":26,"key":"Anchor"},{"floor":43,"key":"Blue Candle"}],"event_choices":[{"event_name":"Golden Wing","player_choice":"Card Removal","floor":3,"damage_taken":0},{"event_name":"WeMeetAgain","player_choice":"Potion","floor":10,"damage_taken":0},{"event_name":"Wheel of Change","player_choice":"Relic","floor":19,"damage_taken":0},{"event_name":"FaceTrader","player_choice":"Touch","floor":27,"damage_taken":0},{"event_name":"Transmorgrifier","player_choice":"Transform","floor":41,"damage_taken":0},{"event_name":"MindBloom","player_choice":"Upgrade","floor":47,"damage_taken":0}],"is_beta":false,"boss_relics":[{"not_picked":["Tiny House","Cursed Key"],"picked":"Empty Cage"},{"not_picked":["Calling Bell","Runic Dome"],"picked":"WristBlade"}],"items_purged_floors":[5,28,36],"is_endless":false,"potions_floor_spawned":[1,6,13,18,29,30,33,35,42,45],"ascension_level":0}