{"gold_per_floor":[117,117,117,134,206,206,226,237,237,22,34,59,59,73,73,177,177,197,211,211,226,226],"floor_reached":22,"playtime":2194,"items_purged":[],"score":178,"play_id":"5ea6e2f7-d6cd-466e-b825-90c8af76dc3a","local_time":"20180721121625","is_ascension_mode":false,"campfire_choices":[{"data":"Bane","floor":6,"key":"SMITH"},{"data":"Neutralize","floor":13,"key":"SMITH"},{"data":"Dash","floor":15,"key":"SMITH"}],"neow_cost":"NONE","seed_source_timestamp":842197566110357,"circlet_count":0,"master_deck":["Defend_G","Defend_G","Defend_G","Defend_G","Strike_G","Strike_G","Strike_G","Survivor","Neutralize+1","Bane+1","Dash+1","Heel Hook","Deadly Poison","Terror","Footwork","Flying Knee","Dagger Spray","Terror","Deflect","Phantasmal Killer","PiercingWail+1","Quick Slash+1","Crippling Poison+1","Dagger Spray","Blur","Choke"],"relics":["Ring of the Snake","Gremlin Horn","Blood Vial","Astrolabe"],"potions_floor_usage":[11,16,22],"damage_taken":[{"damage":0,"enemies":"Jaw Worm","floor":1,"turns":5},{"damage":0,"enemies":"Small Slimes","floor":4,"turns":3},{"damage":0,"enemies":"Cultist","floor":7,"turns":4},{"damage":0,"enemies":"Blue Slaver","floor":8,"turns":4},{"damage":0,"enemies":"Red Slaver","floor":11,"turns":4},{"damage":2,"enemies":"3 Louse","floor":14,"turns":2},{"damage":42,"enemies":"Slime Boss","floor":16,"turns":15},{"damage":0,"enemies":"Chosen","floor":18,"turns":6},{"damage":34,"enemies":"Spheric Guardian","floor":19,"turns":8},{"damage":0,"enemies":"Snecko","floor":21,"turns":4},{"damage":47,"enemies":"Sentry and Sphere","floor":22,"turns":9}],"seed_played":"5189850316134542301","potions_obtained":[{"floor":7,"key":"Block Potion"},{"floor":14,"key":"Dexterity Potion"},{"floor":20,"key":"LiquidBronze"},{"floor":20,"key":"FearPotion"},{"floor":20,"key":"SteroidPotion"},{"floor":21,"key":"Strength Potion"}],"is_trial":false,"path_per_floor":["M","?","?","M","?","R","M","M","T","$","M","T","R","M","R","B",null,"M","M","?","M"],"character_chosen":"THE_SILENT","items_purchased":["Terror","Footwork","Flying Knee","Dagger Spray"],"campfire_rested":0,"item_purchase_floors":[10,10,10,10],"current_hp_per_floor":[77,77,70,70,70,70,70,70,70,70,70,70,70,70,70,30,77,77,43,43,45,0],"gold":226,"neow_bonus":"TEN_PERCENT_HP_BONUS","is_prod":false,"is_daily":false,"chose_seed":false,"campfire_upgraded":3,"win_rate":0.0,"timestamp":1532168185,"path_taken":["M","?","?","?","?","R","M","M","T","$","M","?","R","M","R","BOSS","M","M","?","M","M"],"build_version":"2018-07-19v2","purchased_purges":0,"victory":false,"max_hp_per_floor":[77,77,77,77,77,77,77,77,77,77,77,77,77,77,77,77,77,77,77,77,77,77],"card_choices":[{"not_picked":["Underhanded Strike","Reflex"],"picked":"Bane","floor":1},{"not_picked":["Prepared","Underhanded Strike"],"picked":"Dash","floor":4},{"not_picked":["Sucker Punch","Flechettes"],"picked":"Heel Hook","floor":7},{"not_picked":["Quick Slash","Dodge and Roll"],"picked":"Deadly Poison","floor":8},{"not_picked":["Dodge and Roll","Dagger Throw"],"picked":"Terror","floor":11},{"not_picked":["Dagger Throw","Acrobatics"],"picked":"Deflect","floor":14},{"not_picked":["Unload","Venomology"],"picked":"Phantasmal Killer","floor":16},{"not_picked":["Prepared","Blade Dance"],"picked":"Dagger Spray","floor":18},{"not_picked":["Distraction","Dagger Throw+1"],"picked":"Blur","floor":19},{"not_picked":["Escape Plan","Finisher"],"picked":"Choke","floor":21}],"player_experience":23471,"relics_obtained":[{"floor":9,"key":"Gremlin Horn"},{"floor":12,"key":"Blood Vial"}],"event_choices":[{"event_name":"Liars Game","player_choice":"disagreed","floor":2,"damage_taken":0},{"event_name":"Wheel of Change","player_choice":"Damage","floor":3,"damage_taken":0},{"event_name":"Golden Wing","player_choice":"Gained Gold","floor":5,"damage_taken":0},{"event_name":"The Lab","player_choice":"Got Potions","floor":20,"damage_taken":0}],"is_beta":false,"boss_relics":[{"not_picked":["Busted Crown","Runic Pyramid"],"picked":"Astrolabe"}],"items_purged_floors":[],"is_endless":false,"potions_floor_spawned":[7,14,21],"killed_by":"Sentry and Sphere","ascension_level":0}