{"gold_per_floor":[211,136,151,1,13,47,102,133,133,85,116,133,133,160,160,265,265,284,284,234,246,263,263,276,303,327,362,362,381,381,331,331,432,432,450,504,504,239,239,269,269,286,312,312,328,344,360,377,377,377,377,377,78,113,113],"floor_reached":56,"playtime":3545,"items_purged":["Strike_B","Strike_B","Strike_B","Strike_B+1","Defend_B"],"score":1334,"play_id":"d58f83fd-9d04-45bf-804b-f98b6d0ab878","local_time":"20190119115210","is_ascension_mode":true,"campfire_choices":[{"data":"Creative AI","floor":15.0,"key":"SMITH"},{"data":"Echo Form","floor":23.0,"key":"SMITH"},{"floor":32.0,"key":"RECALL"},{"floor":41.0,"key":"DIG"},{"data":"Leap","floor":44.0,"key":"SMITH"},{"floor":49.0,"key":"DIG"},{"data":"Heatsinks","floor":52.0,"key":"SMITH"}],"neow_cost":"NONE","seed_source_timestamp":225327529861900,"circlet_count":0,"master_deck":["Defend_B","Defend_B","Defend_B","Zap","Dualcast+1","Leap+1","Heatsinks+1","Leap","Steam","Coolheaded","Self Repair","Ball Lightning+1","Creative AI+1","Echo Form+1","Compile Driver+1","Leap+1","BootSequence","Cold Snap+1","RitualDagger+1","Reprogram+1","White Noise+1","Double Energy+1","Conserve Battery+1"],"special_seed":0,"relics":["Cracked Core","Orichalcum","Symbiotic Virus","Happy Flower","Pantograph","Molten Egg 2","Blood Vial","Smiling Mask","Coffee Dripper","Pen Nib","DataDisk","Centennial Puzzle","Inserter","Shovel","Art of War","FaceOfCleric","Anchor","Omamori","Mummified Hand","Pear","Gremlin Horn"],"potions_floor_usage":[55],"damage_taken":[{"damage":0.0,"enemies":"2 Louse","floor":1.0,"turns":2.0},{"damage":0.0,"enemies":"Jaw Worm","floor":3.0,"turns":3.0},{"damage":2.0,"enemies":"Small Slimes","floor":5.0,"turns":3.0},{"damage":10.0,"enemies":"Lagavulin","floor":6.0,"turns":8.0},{"damage":13.0,"enemies":"Lagavulin Event","floor":7.0,"turns":6.0},{"damage":22.0,"enemies":"Gremlin Nob","floor":8.0,"turns":4.0},{"damage":0.0,"enemies":"Lagavulin","floor":11.0,"turns":7.0},{"damage":0.0,"enemies":"Exordium Wildlife","floor":12.0,"turns":3.0},{"damage":19.0,"enemies":"Hexaghost","floor":16.0,"turns":9.0},{"damage":2.0,"enemies":"Spheric Guardian","floor":18.0,"turns":4.0},{"damage":1.0,"enemies":"Chosen","floor":21.0,"turns":4.0},{"damage":5.0,"enemies":"Snecko","floor":22.0,"turns":6.0},{"damage":11.0,"enemies":"Snake Plant","floor":24.0,"turns":4.0},{"damage":25.0,"enemies":"Gremlin Leader","floor":25.0,"turns":6.0},{"damage":18.0,"enemies":"Book of Stabbing","floor":27.0,"turns":5.0},{"damage":0.0,"enemies":"Centurion and Healer","floor":29.0,"turns":6.0},{"damage":14.0,"enemies":"Automaton","floor":33.0,"turns":8.0},{"damage":17.0,"enemies":"3 Darklings","floor":35.0,"turns":6.0},{"damage":50.0,"enemies":"2 Orb Walkers","floor":36.0,"turns":5.0},{"damage":25.0,"enemies":"Nemesis","floor":40.0,"turns":11.0},{"damage":0.0,"enemies":"3 Shapes","floor":42.0,"turns":4.0},{"damage":17.0,"enemies":"Spire Growth","floor":45.0,"turns":4.0},{"damage":9.0,"enemies":"Writhing Mass","floor":46.0,"turns":6.0},{"damage":19.0,"enemies":"4 Shapes","floor":47.0,"turns":7.0},{"damage":15.0,"enemies":"Spire Growth","floor":48.0,"turns":4.0},{"damage":0.0,"enemies":"Donu and Deca","floor":50.0,"turns":10.0},{"damage":60.0,"enemies":"Shield and Spear","floor":54.0,"turns":6.0},{"damage":37,"enemies":"The Heart","floor":55,"turns":11}],"seed_played":"4564245735040487083","potions_obtained":[{"floor":5.0,"key":"Block Potion"},{"floor":6.0,"key":"Energy Potion"},{"floor":8.0,"key":"Explosive Potion"},{"floor":33.0,"key":"Swift Potion"},{"floor":36.0,"key":"Swift Potion"},{"floor":42.0,"key":"LiquidBronze"},{"floor":54.0,"key":"SteroidPotion"}],"is_trial":false,"path_per_floor":["M","$","M","$","M","E","?","E","T","$","E","M","?","T","R","B",null,"M","?","$","M","M","R","M","E","T","E","?","M","?","$","R","B",null,"M","?","?","$","?","E","R","M","T","R","M","M","M","M","R","B",null,"R","$","E","B",null],"character_chosen":"DEFECT","items_purchased":["Orichalcum","Ball Lightning+1","Art of War","Regen Potion","Pear"],"campfire_rested":0,"item_purchase_floors":[4,10,38,38,53],"current_hp_per_floor":[75,75,75,75,73,63,50,28,28,28,35,44,29,29,29,44,75,75,61,61,69,73,73,71,62,62,46,40,49,49,49,49,76,80,77,36,36,36,36,43,43,53,53,53,46,54,45,47,47,82,87,87,97,38,36],"gold":113,"neow_bonus":"HUNDRED_GOLD","is_prod":false,"is_daily":false,"chose_seed":false,"campfire_upgraded":4,"win_rate":0,"timestamp":1547898730,"path_taken":["M","$","M","$","M","E","?","E","T","$","E","M","?","?","R","BOSS","M","?","$","M","M","R","M","E","T","E","?","M","?","?","R","BOSS","M","?","?","$","?","E","R","M","T","R","M","M","?","M","R","BOSS","R","$","E","BOSS"],"build_version":"2019-01-17v2","purchased_purges":5,"victory":true,"max_hp_per_floor":[75,75,75,75,75,75,75,75,75,75,75,75,75,75,75,75,75,75,80,80,80,80,80,80,80,80,80,80,80,80,80,80,80,80,80,80,80,80,80,81,81,82,82,82,83,84,85,86,86,87,87,87,97,98,99],"card_choices":[{"not_picked":["Steam","Turbo"],"picked":"Leap","floor":1.0},{"not_picked":["Gash","Conserve Battery"],"picked":"Heatsinks","floor":3.0},{"not_picked":["Storm","Go for the Eyes"],"picked":"Leap","floor":5.0},{"not_picked":["Gash","Beam Cell"],"picked":"Steam","floor":6.0},{"not_picked":["White Noise","Melter"],"picked":"Coolheaded","floor":7.0},{"not_picked":["FTL","Ball Lightning"],"picked":"Self Repair","floor":8.0},{"not_picked":["Fusion","Loop","Steam"],"picked":"SKIP","floor":11.0},{"not_picked":["Hologram","Steam"],"picked":"Creative AI","floor":12.0},{"not_picked":["Thunder Strike+1","Creative AI"],"picked":"Echo Form","floor":16.0},{"not_picked":["Double Energy+1","Sweeping Beam+1"],"picked":"Compile Driver+1","floor":18.0},{"not_picked":["Self Repair+1","Lockon+1"],"picked":"Leap+1","floor":21.0},{"not_picked":["Chaos","Rebound+1","Hologram"],"picked":"SKIP","floor":22.0},{"not_picked":["Self Repair","Ball Lightning+1"],"picked":"BootSequence","floor":24.0},{"not_picked":["Coolheaded","Auto Shields+1","Conserve Battery"],"picked":"SKIP","floor":25.0},{"not_picked":["All For One+1","Barrage+1"],"picked":"Cold Snap+1","floor":27.0},{"not_picked":["Turbo","Beam Cell+1"],"picked":"Reprogram+1","floor":29.0},{"not_picked":["Stack+1","Glacier","Double Energy"],"picked":"SKIP","floor":35.0},{"not_picked":["Aggregate","Ball Lightning+1"],"picked":"White Noise+1","floor":36.0},{"not_picked":["Ball Lightning+1","Streamline+1","Barrage+1"],"picked":"SKIP","floor":40.0},{"not_picked":["Core Surge+1","Recycle","Barrage+1"],"picked":"SKIP","floor":42.0},{"not_picked":["Ball Lightning+1","Stack","Streamline+1"],"picked":"SKIP","floor":45.0},{"not_picked":["Streamline+1","Echo Form","Beam Cell+1"],"picked":"SKIP","floor":46.0},{"not_picked":["Gash+1","Cold Snap+1","Reprogram"],"picked":"SKIP","floor":47.0},{"not_picked":["Scrape+1","Aggregate"],"picked":"Double Energy+1","floor":48.0},{"not_picked":["Gash+1","Glacier"],"picked":"Conserve Battery+1","floor":54.0}],"player_experience":124971,"relics_obtained":[{"floor":6.0,"key":"Symbiotic Virus"},{"floor":7.0,"key":"Happy Flower"},{"floor":8.0,"key":"Pantograph"},{"floor":9.0,"key":"Molten Egg 2"},{"floor":11.0,"key":"Blood Vial"},{"floor":14.0,"key":"Smiling Mask"},{"floor":25.0,"key":"Pen Nib"},{"floor":26.0,"key":"DataDisk"},{"floor":27.0,"key":"Centennial Puzzle"},{"floor":36.0,"key":"Shovel"},{"floor":40.0,"key":"Anchor"},{"floor":41.0,"key":"Omamori"},{"floor":49.0,"key":"Mummified Hand"},{"floor":54.0,"key":"Gremlin Horn"}],"event_choices":[{"damage_healed":0.0,"max_hp_gain":0.0,"max_hp_loss":0.0,"gold_gain":30.0,"event_name":"Dead Adventurer","player_choice":"Searched \u00273\u0027 times","floor":7.0,"gold_loss":0.0,"damage_taken":0.0},{"damage_healed":0.0,"max_hp_gain":0.0,"max_hp_loss":0.0,"gold_gain":0.0,"event_name":"Shining Light","player_choice":"Entered Light","floor":13.0,"gold_loss":0.0,"damage_taken":15.0,"cards_upgraded":["Strike_B","Dualcast"]},{"damage_healed":0.0,"max_hp_gain":5.0,"max_hp_loss":0.0,"gold_gain":0.0,"event_name":"Forgotten Altar","player_choice":"Shed Blood","floor":19.0,"gold_loss":0.0,"damage_taken":19.0},{"damage_healed":0.0,"max_hp_gain":0.0,"max_hp_loss":0.0,"gold_gain":0.0,"event_name":"Nest","player_choice":"Joined the Cult","floor":28.0,"gold_loss":0.0,"damage_taken":6.0,"cards_obtained":["RitualDagger"]},{"damage_healed":0.0,"max_hp_gain":0.0,"max_hp_loss":0.0,"gold_gain":0.0,"event_name":"Ghosts","player_choice":"Ignored","floor":30.0,"gold_loss":0.0,"damage_taken":0.0},{"damage_healed":0.0,"max_hp_gain":0.0,"max_hp_loss":0.0,"gold_gain":0.0,"event_name":"Mysterious Sphere","player_choice":"Fight","floor":36.0,"gold_loss":0.0,"damage_taken":0.0},{"damage_healed":0.0,"max_hp_gain":0.0,"max_hp_loss":0.0,"gold_gain":0.0,"event_name":"Tomb of Lord Red Mask","player_choice":"Ignored","floor":37.0,"gold_loss":0.0,"damage_taken":0.0},{"damage_healed":0.0,"max_hp_gain":0.0,"max_hp_loss":0.0,"gold_gain":0.0,"event_name":"FaceTrader","player_choice":"Trade","floor":39.0,"gold_loss":0.0,"damage_taken":0.0,"relics_obtained":["FaceOfCleric"]}],"is_beta":false,"boss_relics":[{"not_picked":["Tiny House","Eternal Feather"],"picked":"Coffee Dripper"},{"not_picked":["White Beast Statue","Orrery"],"picked":"Inserter"}],"items_purged_floors":[2,20,31,38,53],"is_endless":false,"potions_floor_spawned":[5,6,8,21,22,25,33,36,42,46,48,54],"ascension_level":1}