{"gold_per_floor":[112,187,187,98,114,139,14,25,25,38,38,73,87,112,112,215,215,228,208,307,307,307,307],"floor_reached":23,"playtime":796,"items_purged":[],"score":281,"play_id":"8cc394ab-530e-4c26-b33c-51a531861c1e","local_time":"20181221025153","is_ascension_mode":true,"campfire_choices":[{"data":"Bash","floor":15.0,"key":"SMITH"}],"neow_cost":"NONE","seed_source_timestamp":95188027088456,"circlet_count":0,"master_deck":["Strike_R","Strike_R","Strike_R","Strike_R","Strike_R","Defend_R","Defend_R","Defend_R","Defend_R","Bash+1","Flex","Heavy Blade","Thunderclap","Clothesline","Shrug It Off","Impervious","Spot Weakness","Barricade","Inflame+1","Flex","Cleave"],"special_seed":0,"relics":["Black Blood","NeowsBlessing","Thread and Needle","Pantograph","The Courier","Bottled Flame","Nunchaku","Mercury Hourglass","Enchiridion"],"potions_floor_usage":[],"damage_taken":[{"damage":0.0,"enemies":"Jaw Worm","floor":1.0,"turns":1.0},{"damage":0.0,"enemies":"2 Louse","floor":5.0,"turns":1.0},{"damage":0.0,"enemies":"Gremlin Nob","floor":6.0,"turns":1.0},{"damage":2.0,"enemies":"Cultist","floor":8.0,"turns":3.0},{"damage":0.0,"enemies":"Lots of Slimes","floor":10.0,"turns":2.0},{"damage":19.0,"enemies":"3 Sentries","floor":12.0,"turns":8.0},{"damage":21.0,"enemies":"Exordium Thugs","floor":13.0,"turns":6.0},{"damage":16.0,"enemies":"Lagavulin","floor":14.0,"turns":8.0},{"damage":71.0,"enemies":"Hexaghost","floor":16.0,"turns":11.0},{"damage":12.0,"enemies":"Chosen","floor":18.0,"turns":7.0},{"damage":38.0,"enemies":"2 Thieves","floor":19.0,"turns":4.0},{"damage":39,"enemies":"Gremlin Leader","floor":23,"turns":4}],"seed_played":"-9007252551650779761","potions_obtained":[{"floor":6.0,"key":"Explosive Potion"},{"floor":12.0,"key":"Regen Potion"},{"floor":14.0,"key":"Regen Potion"},{"floor":19.0,"key":"Poison Potion"}],"is_trial":false,"path_per_floor":["M","?","?","?","M","E","$","M","T","M","T","E","M","E","R","B",null,"M","M","?","?","?","E"],"character_chosen":"IRONCLAD","items_purchased":["Thunderclap","EssenceOfSteel"],"campfire_rested":0,"item_purchase_floors":[7,7],"current_hp_per_floor":[80,69,74,74,80,85,85,85,85,85,85,72,72,62,62,35,85,83,55,55,55,39,0],"gold":307,"neow_bonus":"THREE_ENEMY_KILL","is_prod":false,"is_daily":false,"chose_seed":false,"campfire_upgraded":1,"win_rate":0,"timestamp":1545389513,"path_taken":["M","?","?","?","?","E","?","M","T","M","?","E","M","E","R","BOSS","M","M","?","?","?","E"],"build_version":"2018-12-20","purchased_purges":0,"victory":false,"max_hp_per_floor":[80,80,85,85,85,85,85,85,85,85,85,85,85,85,85,85,85,85,85,85,85,85,85],"card_choices":[{"not_picked":["Feel No Pain","Blood for Blood"],"picked":"Flex","floor":1.0},{"not_picked":["Anger","Havoc","Dropkick"],"picked":"SKIP","floor":5.0},{"not_picked":["Whirlwind","Iron Wave"],"picked":"Heavy Blade","floor":6.0},{"not_picked":["Bloodletting","Carnage"],"picked":"Clothesline","floor":8.0},{"not_picked":["Dropkick","Rupture"],"picked":"Shrug It Off","floor":10.0},{"not_picked":["Pommel Strike","Feel No Pain"],"picked":"Impervious","floor":12.0},{"not_picked":["Evolve","Warcry","Sword Boomerang"],"picked":"SKIP","floor":13.0},{"not_picked":["Havoc","Anger"],"picked":"Spot Weakness","floor":14.0},{"not_picked":["Limit Break","Demon Form"],"picked":"Barricade","floor":16.0},{"not_picked":["Perfected Strike","Armaments+1"],"picked":"Inflame+1","floor":18.0},{"not_picked":["Armaments","Iron Wave"],"picked":"Flex","floor":19.0}],"player_experience":216285,"relics_obtained":[{"floor":6.0,"key":"Pantograph"},{"floor":9.0,"key":"The Courier"},{"floor":11.0,"key":"Bottled Flame"},{"floor":12.0,"key":"Nunchaku"},{"floor":14.0,"key":"Mercury Hourglass"},{"floor":22.0,"key":"Enchiridion"}],"event_choices":[{"damage_healed":0.0,"max_hp_gain":0.0,"max_hp_loss":0.0,"gold_gain":75.0,"event_name":"World of Goop","player_choice":"Gather Gold","floor":2.0,"gold_loss":0.0,"damage_taken":11.0},{"damage_healed":0.0,"max_hp_gain":5.0,"max_hp_loss":0.0,"gold_gain":0.0,"event_name":"Big Fish","player_choice":"Donut","floor":3.0,"gold_loss":0.0,"damage_taken":0.0},{"damage_healed":0.0,"max_hp_gain":0.0,"max_hp_loss":0.0,"gold_gain":0.0,"event_name":"WeMeetAgain","player_choice":"Paid Gold","floor":4.0,"gold_loss":89.0,"damage_taken":0.0,"relics_obtained":["Thread and Needle"]},{"damage_healed":0.0,"max_hp_gain":0.0,"max_hp_loss":0.0,"gold_gain":99.0,"event_name":"Nest","player_choice":"Stole From Cult","floor":20.0,"gold_loss":0.0,"damage_taken":0.0},{"damage_healed":0.0,"max_hp_gain":0.0,"max_hp_loss":0.0,"gold_gain":0.0,"event_name":"The Library","player_choice":"Read","floor":21.0,"gold_loss":0.0,"damage_taken":0.0,"cards_obtained":["Cleave"]},{"damage_healed":0.0,"max_hp_gain":0.0,"max_hp_loss":0.0,"gold_gain":0.0,"event_name":"Cursed Tome","player_choice":"Obtained Book","floor":22.0,"gold_loss":0.0,"damage_taken":16.0}],"is_beta":false,"boss_relics":[{"not_picked":["Velvet Choker","Coffee Dripper"],"picked":"Black Blood"}],"items_purged_floors":[],"is_endless":false,"potions_floor_spawned":[6,12,14,19],"killed_by":"Gremlin Leader","ascension_level":4}