{"gold_per_floor":[13,29,40,57,69,104,119,119],"floor_reached":8,"playtime":601,"items_purged":[],"score":62,"play_id":"6e2524b1-6de0-4cb9-86a3-46008808d5bc","local_time":"20190201164113","is_ascension_mode":false,"campfire_choices":[],"neow_cost":"NO_GOLD","seed_source_timestamp":105330329787195,"circlet_count":0,"master_deck":["Defend_G","Defend_G","Defend_G","Defend_G","Defend_G","Strike_G","Strike_G","Strike_G","Strike_G","Strike_G","Survivor","Neutralize","Deadly Poison","Noxious Fumes"],"relics":["Ring of the Snake","Ginger","Paper Crane"],"potions_floor_usage":[6,7,8],"damage_taken":[{"damage":0,"enemies":"2 Louse","floor":1,"turns":3},{"damage":1,"enemies":"Cultist","floor":2,"turns":5},{"damage":0,"enemies":"Small Slimes","floor":3,"turns":3},{"damage":4,"enemies":"Blue Slaver","floor":4,"turns":5},{"damage":21,"enemies":"Lots of Slimes","floor":5,"turns":6},{"damage":27,"enemies":"3 Sentries","floor":6,"turns":6},{"damage":3,"enemies":"Large Slime","floor":7,"turns":5},{"damage":16,"enemies":"Lagavulin","floor":8,"turns":6}],"seed_played":"-8922376717395244026","potions_obtained":[{"floor":2,"key":"EssenceOfSteel"},{"floor":3,"key":"SteroidPotion"},{"floor":5,"key":"PowerPotion"},{"floor":6,"key":"Strength Potion"}],"is_trial":false,"path_per_floor":["M","M","M","M","M","E","M","E"],"character_chosen":"THE_SILENT","items_purchased":[],"campfire_rested":0,"item_purchase_floors":[],"current_hp_per_floor":[70,69,69,65,44,17,14,0],"gold":119,"neow_bonus":"ONE_RARE_RELIC","is_prod":false,"is_daily":false,"chose_seed":false,"campfire_upgraded":0,"win_rate":0,"timestamp":1549032073,"path_taken":["M","M","M","M","M","E","M","E"],"build_version":"2019-01-23","purchased_purges":0,"victory":false,"max_hp_per_floor":[70,70,70,70,70,70,70,70],"card_choices":[{"not_picked":["Slice","Deflect","Underhanded Strike"],"picked":"SKIP","floor":1},{"not_picked":["Concentrate","Expertise"],"picked":"Deadly Poison","floor":2},{"not_picked":["Prepared","Outmaneuver","Flying Knee"],"picked":"SKIP","floor":3},{"not_picked":["Eviscerate","Crippling Poison"],"picked":"Noxious Fumes","floor":4},{"not_picked":["Distraction","Expertise","Underhanded Strike"],"picked":"SKIP","floor":5},{"not_picked":["Finisher","Cloak And Dagger","Quick Slash"],"picked":"SKIP","floor":6},{"not_picked":["Deadly Poison","Underhanded Strike","A Thousand Cuts"],"picked":"SKIP","floor":7}],"player_experience":205556,"relics_obtained":[{"floor":6,"key":"Paper Crane"}],"event_choices":[],"is_beta":false,"boss_relics":[],"items_purged_floors":[],"is_endless":false,"potions_floor_spawned":[2,3,5,6],"killed_by":"Lagavulin","ascension_level":0}