{"gold_per_floor":[117,117,117,134,152,186,199,199,274,274,290,290,290,322,322,427,427,446,462,462,146,146,171,171,196,222,240,250,200,220,240,240,340,340,355,355,371,311,311,311,324,324,324,350,350,73,86,86,86,86],"floor_reached":51,"playtime":2375,"items_purged":["Pain","Defend_R","Defend_R"],"score":885,"play_id":"4f2fe896-9cb3-4eab-92d0-2885e8b2f5be","local_time":"20190111182522","is_ascension_mode":true,"campfire_choices":[{"data":"Armaments","floor":8,"key":"SMITH"},{"data":"Bash","floor":10,"key":"SMITH"},{"floor":13,"key":"REST"},{"floor":15,"key":"REST"},{"data":"Offering","floor":24,"key":"SMITH"},{"floor":32,"key":"RECALL"},{"data":"Barricade","floor":40,"key":"SMITH"},{"data":"Rampage","floor":42,"key":"SMITH"},{"data":"Fiend Fire","floor":49,"key":"SMITH"}],"neow_cost":"NONE","seed_source_timestamp":7839577256800,"circlet_count":0,"master_deck":["Bash+1","Sword Boomerang","Pommel Strike","Feed","Armaments+1","Rampage+1","Demon Form","Offering+1","Shockwave","Battle Trance","Bite","Bite","Bite","Bite","RitualDagger","Disarm+1","Spot Weakness+1","Shrug It Off+1","Intimidate+1","Offering+1","Offering+1","True Grit+1","Barricade+1","Fiend Fire+1","Power Through+1"],"relics":["Burning Blood","WarpedTongs","Gambling Chip","Potion Belt","Coffee Dripper","Toxic Egg 2","Orichalcum","Juzu Bracelet","Smiling Mask","Busted Crown","Ornamental Fan","Letter Opener","Lantern"],"potions_floor_usage":[6,16,23,23,50,50,50,50,50],"damage_taken":[{"damage":5,"enemies":"Small Slimes","floor":1,"turns":4},{"damage":3,"enemies":"Cultist","floor":4,"turns":2},{"damage":15,"enemies":"Jaw Worm","floor":5,"turns":2},{"damage":48,"enemies":"Lagavulin","floor":6,"turns":6},{"damage":7,"enemies":"Large Slime","floor":7,"turns":5},{"damage":33,"enemies":"Gremlin Gang","floor":11,"turns":7},{"damage":32,"enemies":"3 Sentries","floor":14,"turns":7},{"damage":28,"enemies":"Slime Boss","floor":16,"turns":6},{"damage":38,"enemies":"Shell Parasite","floor":18,"turns":4},{"damage":13,"enemies":"Chosen","floor":19,"turns":4},{"damage":21,"enemies":"Slavers","floor":23,"turns":3},{"damage":49,"enemies":"Book of Stabbing","floor":25,"turns":4},{"damage":15,"enemies":"Centurion and Healer","floor":27,"turns":5},{"damage":10,"enemies":"Cultist and Chosen","floor":28,"turns":5},{"damage":6,"enemies":"Snecko","floor":30,"turns":4},{"damage":1,"enemies":"Snake Plant","floor":31,"turns":3},{"damage":79,"enemies":"Automaton","floor":33,"turns":8},{"damage":22,"enemies":"3 Darklings","floor":35,"turns":3},{"damage":12,"enemies":"Orb Walker","floor":37,"turns":2},{"damage":17,"enemies":"Jaw Worm Horde","floor":41,"turns":3},{"damage":36,"enemies":"Reptomancer","floor":44,"turns":3},{"damage":31,"enemies":"3 Darklings","floor":47,"turns":7},{"damage":50,"enemies":"Donu and Deca","floor":50,"turns":9}],"seed_played":"5044452882142648172","potions_obtained":[{"floor":4,"key":"Weak Potion"},{"floor":5,"key":"Dexterity Potion"},{"floor":6,"key":"Swift Potion"},{"floor":16,"key":"Explosive Potion"},{"floor":18,"key":"Explosive Potion"},{"floor":19,"key":"Explosive Potion"},{"floor":28,"key":"Strength Potion"},{"floor":31,"key":"SkillPotion"},{"floor":33,"key":"PowerPotion"},{"floor":44,"key":"FearPotion"}],"is_trial":false,"path_per_floor":["M","$","?","M","M","E","M","R","T","R","M","?","R","E","R","B",null,"M","M","?","$","?","E","R","E","T","M","M","$","M","M","R","B",null,"M","$","M","?","$","R","M","R","T","E","?","$","M","?","R","B",null],"character_chosen":"IRONCLAD","items_purchased":["Toxic Egg 2","Power Through+1","Lantern"],"campfire_rested":2,"item_purchase_floors":[21,46,46],"current_hp_per_floor":[80,80,80,80,71,29,31,31,31,31,7,7,32,10,37,19,94,62,59,59,59,53,50,50,23,23,40,58,58,72,79,79,26,83,75,75,79,79,79,79,82,82,82,59,59,59,55,55,55,32],"gold":86,"neow_bonus":"REMOVE_CARD","is_prod":false,"is_daily":false,"chose_seed":false,"campfire_upgraded":6,"win_rate":0,"timestamp":1547231122,"path_taken":["M","$","?","M","M","E","M","R","T","R","?","?","R","E","R","BOSS","M","M","?","$","?","E","R","E","T","M","M","$","M","M","R","BOSS","M","$","M","?","$","R","M","R","T","E","?","$","M","?","R","BOSS"],"build_version":"2019-01-10","purchased_purges":3,"victory":true,"max_hp_per_floor":[80,80,80,80,80,80,83,83,83,83,86,86,86,90,90,94,94,94,98,68,68,68,71,71,71,71,75,75,75,75,79,79,83,83,83,83,86,86,86,86,89,89,89,89,89,89,89,89,89,89],"card_choices":[{"not_picked":["Twin Strike","Perfected Strike"],"picked":"Sword Boomerang","floor":1},{"not_picked":["Anger","Dropkick"],"picked":"Pommel Strike","floor":4},{"not_picked":["Corruption","Perfected Strike"],"picked":"Feed","floor":5},{"not_picked":["Entrench","Cleave","Iron Wave"],"picked":"SKIP","floor":6},{"not_picked":["Second Wind","Clash"],"picked":"Armaments","floor":7},{"not_picked":["Metallicize","Body Slam"],"picked":"Rampage","floor":11},{"not_picked":["Corruption","Cleave"],"picked":"Demon Form","floor":14},{"not_picked":["Juggernaut","Berserk"],"picked":"Offering","floor":16},{"not_picked":["Anger","Headbutt+1"],"picked":"Shockwave","floor":18},{"not_picked":["Warcry","Headbutt"],"picked":"Battle Trance","floor":19},{"not_picked":["Pommel Strike","Burning Pact+1","Power Through+1"],"picked":"SKIP","floor":23},{"not_picked":["Flex+1","Metallicize"],"picked":"Disarm+1","floor":25},{"not_picked":["Headbutt","Havoc+1"],"picked":"Spot Weakness+1","floor":27},{"not_picked":["Seeing Red+1","Havoc+1"],"picked":"Shrug It Off+1","floor":28},{"not_picked":["Rage+1","Flex+1"],"picked":"Intimidate+1","floor":30},{"not_picked":["Feel No Pain+1","Havoc+1"],"picked":"Offering+1","floor":31},{"not_picked":["Limit Break+1","Brutality"],"picked":"Offering+1","floor":33},{"not_picked":["Rampage+1"],"picked":"SKIP","floor":35},{"not_picked":[],"picked":"True Grit+1","floor":37},{"not_picked":["Perfected Strike+1"],"picked":"SKIP","floor":41},{"not_picked":["Havoc+1"],"picked":"SKIP","floor":44},{"not_picked":["Headbutt"],"picked":"SKIP","floor":47}],"player_experience":87766,"relics_obtained":[{"floor":6,"key":"Gambling Chip"},{"floor":14,"key":"Potion Belt"},{"floor":23,"key":"Orichalcum"},{"floor":25,"key":"Juzu Bracelet"},{"floor":26,"key":"Smiling Mask"},{"floor":43,"key":"Ornamental Fan"},{"floor":44,"key":"Letter Opener"}],"event_choices":[{"damage_healed":0,"gold_gain":0,"player_choice":"Rummage","damage_taken":0,"relics_obtained":["WarpedTongs"],"max_hp_gain":0,"max_hp_loss":0,"event_name":"Accursed Blacksmith","floor":3,"gold_loss":0,"cards_obtained":["Pain"]},{"damage_healed":0,"gold_gain":0,"player_choice":"Ignored","damage_taken":0,"max_hp_gain":0,"max_hp_loss":0,"event_name":"Golden Idol","floor":12,"gold_loss":0},{"damage_healed":0,"gold_gain":0,"player_choice":"Became a vampire","damage_taken":0,"max_hp_gain":0,"max_hp_loss":30,"event_name":"Vampires","floor":20,"gold_loss":0,"cards_obtained":["Bite","Bite","Bite","Bite","Bite"]},{"damage_healed":0,"gold_gain":0,"player_choice":"Joined the Cult","damage_taken":6,"max_hp_gain":0,"max_hp_loss":0,"event_name":"Nest","floor":22,"gold_loss":0,"cards_obtained":["RitualDagger"]},{"damage_healed":0,"gold_gain":0,"cards_transformed":["Defend_R","Defend_R"],"player_choice":"Transformed Cards","damage_taken":0,"max_hp_gain":0,"max_hp_loss":0,"event_name":"Designer","floor":38,"gold_loss":60,"cards_obtained":["Barricade","Fiend Fire"]},{"cards_removed":["Bite"],"damage_healed":0,"gold_gain":0,"player_choice":"Removed Attack","damage_taken":0,"max_hp_gain":0,"max_hp_loss":0,"event_name":"Falling","floor":45,"gold_loss":0},{"damage_healed":0,"gold_gain":0,"player_choice":"Bought 0 Potions","damage_taken":0,"max_hp_gain":0,"max_hp_loss":0,"event_name":"The Woman in Blue","floor":48,"gold_loss":0}],"is_beta":false,"boss_relics":[{"not_picked":["Eternal Feather","Fusion Hammer"],"picked":"Coffee Dripper"},{"not_picked":["Snecko Eye","Runic Cube"],"picked":"Busted Crown"}],"items_purged_floors":[21,29,46],"is_endless":false,"potions_floor_spawned":[4,5,6,16,18,19,28,31,33,44],"ascension_level":4}