{"gold_per_floor":[117,93,111,122,140,140,175,125,194,24,38,38,70,70,70,170,170,180,194,208,227,142,171,270,270,323,342,258,287,302,331,331,435,435,448,463,480,392,412,438,438,0,0,11,29,29,64,64,64,64],"floor_reached":51,"playtime":3755,"items_purged":["Defend_B","Defend_B"],"score":1336,"play_id":"f85c78d0-4d27-4b54-acf8-82306d8c4f1f","local_time":"20190202132647","is_ascension_mode":true,"campfire_choices":[{"data":"Zap","floor":6,"key":"SMITH"},{"data":"Blizzard","floor":12,"key":"SMITH"},{"data":"White Noise","floor":15,"key":"SMITH"},{"floor":25,"key":"REST"},{"floor":32,"key":"REST"},{"data":"Loop","floor":41,"key":"SMITH"},{"data":"Buffer","floor":46,"key":"SMITH"},{"floor":49,"key":"REST"}],"neow_cost":"NONE","seed_source_timestamp":826771362377100,"circlet_count":0,"master_deck":["AscendersBane","Strike_B","Strike_B","Strike_B","Defend_B","Zap+1","Dualcast","Cold Snap","White Noise+1","Streamline","Cold Snap","Self Repair","Steam","Hello World","Go for the Eyes","Blizzard+1","Electrodynamics","Buffer+1","Glacier+1","Stack+1","Go for the Eyes+1","Buffer","Conserve Battery+1","Coolheaded+1","Loop+1","Storm+1","Cold Snap","Redo+1","Buffer","Conserve Battery+1","Cold Snap","Heatsinks","Creative AI","Thunder Strike","Heatsinks+1","Parasite","Storm"],"relics":["FrozenCore","Mango","Toxic Egg 2","DataDisk","Smiling Mask","Juzu Bracelet","Mummified Hand","Bag of Preparation","Gremlin Horn","Lantern","Inserter","Emotion Chip","Red Mask","Potion Belt","Pocketwatch","Ornamental Fan"],"potions_floor_usage":[7,7,13,16,30,30,47,50,50],"damage_taken":[{"damage":1,"enemies":"Small Slimes","floor":1,"turns":3},{"damage":2,"enemies":"Jaw Worm","floor":3,"turns":4},{"damage":8,"enemies":"2 Louse","floor":4,"turns":2},{"damage":12,"enemies":"Blue Slaver","floor":5,"turns":4},{"damage":0,"enemies":"Lagavulin","floor":7,"turns":5},{"damage":4,"enemies":"Exordium Thugs","floor":11,"turns":5},{"damage":26,"enemies":"Gremlin Nob","floor":13,"turns":5},{"damage":13,"enemies":"The Guardian","floor":16,"turns":11},{"damage":7,"enemies":"Spheric Guardian","floor":18,"turns":4},{"damage":5,"enemies":"Chosen","floor":19,"turns":6},{"damage":23,"enemies":"Snake Plant","floor":20,"turns":5},{"damage":9,"enemies":"3 Cultists","floor":21,"turns":5},{"damage":35,"enemies":"Slavers","floor":23,"turns":7},{"damage":0,"enemies":"Sentry and Sphere","floor":27,"turns":8},{"damage":24,"enemies":"Gremlin Leader","floor":29,"turns":7},{"damage":13,"enemies":"Centurion and Healer","floor":30,"turns":4},{"damage":7,"enemies":"Book of Stabbing","floor":31,"turns":8},{"damage":36,"enemies":"Champ","floor":33,"turns":14},{"damage":11,"enemies":"3 Darklings","floor":35,"turns":2},{"damage":0,"enemies":"Orb Walker","floor":36,"turns":3},{"damage":0,"enemies":"Writhing Mass","floor":37,"turns":7},{"damage":11,"enemies":"4 Shapes","floor":39,"turns":6},{"damage":9,"enemies":"Reptomancer","floor":40,"turns":4},{"damage":24,"enemies":"Jaw Worm Horde","floor":44,"turns":3},{"damage":0,"enemies":"Writhing Mass","floor":45,"turns":5},{"damage":5,"enemies":"Nemesis","floor":47,"turns":5},{"damage":0,"enemies":"Awakened One","floor":50,"turns":7}],"seed_played":"6001792617844536241","potions_obtained":[{"floor":1,"key":"FocusPotion"},{"floor":4,"key":"Dexterity Potion"},{"floor":5,"key":"PowerPotion"},{"floor":7,"key":"EssenceOfSteel"},{"floor":13,"key":"EssenceOfSteel"},{"floor":23,"key":"Ancient Potion"},{"floor":29,"key":"Explosive Potion"},{"floor":31,"key":"GamblersBrew"},{"floor":33,"key":"Strength Potion"},{"floor":37,"key":"Swift Potion"},{"floor":44,"key":"EssenceOfSteel"},{"floor":47,"key":"SkillPotion"}],"is_trial":false,"path_per_floor":["M","$","M","M","M","R","E","?","T","$","M","R","E","?","R","B",null,"M","M","M","M","?","E","?","R","T","M","$","E","M","E","R","B",null,"M","M","M","$","M","E","R","?","T","M","M","R","E","T","R","B",null],"character_chosen":"DEFECT","items_purchased":["Streamline","DataDisk","Go for the Eyes","Loop","Heatsinks"],"campfire_rested":3,"item_purchase_floors":[2,10,10,28,38],"current_hp_per_floor":[67,67,65,57,52,52,73,73,73,73,76,76,57,86,86,80,87,80,82,66,64,64,29,29,55,55,62,62,45,32,32,58,29,74,70,77,84,84,80,78,78,78,78,61,68,68,70,70,89,89],"gold":64,"neow_bonus":"TRANSFORM_CARD","is_prod":false,"is_daily":false,"chose_seed":false,"campfire_upgraded":5,"win_rate":0,"timestamp":1549114007,"path_taken":["M","$","M","M","M","R","E","?","T","$","M","R","E","?","R","BOSS","M","M","M","M","?","E","?","R","T","M","$","E","M","E","R","BOSS","M","M","M","$","M","E","R","?","T","M","M","R","E","?","R","BOSS"],"build_version":"2019-01-23","purchased_purges":2,"victory":true,"max_hp_per_floor":[75,75,75,75,75,75,89,89,89,89,89,89,89,89,89,89,89,89,89,89,89,89,89,89,89,89,89,89,89,89,89,89,89,89,89,89,89,89,89,89,89,89,89,89,89,89,89,89,89,89],"card_choices":[{"not_picked":["Fusion","Go for the Eyes"],"picked":"White Noise","floor":1},{"not_picked":["Beam Cell","Reinforced Body"],"picked":"Cold Snap","floor":3},{"not_picked":["FTL","Scrape"],"picked":"Self Repair","floor":4},{"not_picked":["Gash","Blizzard"],"picked":"Steam","floor":5},{"not_picked":["Cold Snap","Stack"],"picked":"Hello World","floor":7},{"not_picked":["FTL","Streamline"],"picked":"Blizzard","floor":11},{"not_picked":["Hello World","Leap+1"],"picked":"Electrodynamics","floor":13},{"not_picked":["All For One","Amplify+1"],"picked":"Buffer","floor":16},{"not_picked":["Self Repair","Reinforced Body+1"],"picked":"Glacier+1","floor":18},{"not_picked":["Go for the Eyes","Reinforced Body+1"],"picked":"Stack+1","floor":19},{"not_picked":["FTL","Rebound"],"picked":"Go for the Eyes+1","floor":20},{"not_picked":["Ball Lightning","Stack+1"],"picked":"Buffer","floor":21},{"not_picked":["Sweeping Beam","Turbo+1"],"picked":"Conserve Battery+1","floor":23},{"not_picked":["Streamline","Stack+1"],"picked":"Coolheaded+1","floor":27},{"not_picked":["Gash","Reinforced Body+1"],"picked":"Storm+1","floor":29},{"not_picked":["Double Energy+1","Barrage"],"picked":"Cold Snap","floor":30},{"not_picked":["Beam Cell","Hologram+1"],"picked":"Redo+1","floor":31},{"not_picked":["Rainbow+1","Core Surge"],"picked":"Buffer","floor":33},{"not_picked":["Beam Cell+1","Stack+1","Scrape+1"],"picked":"SKIP","floor":35},{"not_picked":["Rebound","Steam+1"],"picked":"Conserve Battery+1","floor":36},{"not_picked":["Doom and Gloom","Sweeping Beam"],"picked":"Cold Snap","floor":37},{"not_picked":["Stack+1","Ball Lightning"],"picked":"Creative AI","floor":39},{"not_picked":["Conserve Battery+1","Aggregate+1"],"picked":"Thunder Strike","floor":40},{"not_picked":["Sweeping Beam","Ball Lightning"],"picked":"Heatsinks+1","floor":44},{"not_picked":["Cold Snap","Steam+1","Steam Power+1"],"picked":"SKIP","floor":45},{"not_picked":["Gash","BootSequence+1"],"picked":"Storm","floor":47}],"player_experience":240123,"relics_obtained":[{"floor":7,"key":"Mango"},{"floor":9,"key":"Toxic Egg 2"},{"floor":13,"key":"Smiling Mask"},{"floor":23,"key":"Mummified Hand"},{"floor":26,"key":"Bag of Preparation"},{"floor":29,"key":"Gremlin Horn"},{"floor":31,"key":"Lantern"},{"floor":40,"key":"Emotion Chip"},{"floor":43,"key":"Potion Belt"},{"floor":47,"key":"Pocketwatch"},{"floor":48,"key":"Ornamental Fan"}],"event_choices":[{"cards_removed":["Defend_B"],"damage_healed":0,"gold_gain":0,"player_choice":"Card Removal","damage_taken":0,"max_hp_gain":0,"max_hp_loss":0,"event_name":"The Cleric","floor":8,"gold_loss":50},{"damage_healed":29,"gold_gain":0,"player_choice":"Banana","damage_taken":0,"max_hp_gain":0,"max_hp_loss":0,"event_name":"Big Fish","floor":14,"gold_loss":0},{"damage_healed":0,"gold_gain":0,"player_choice":"Obtained Relic","damage_taken":0,"relics_obtained":["Juzu Bracelet"],"max_hp_gain":0,"max_hp_loss":0,"event_name":"Addict","floor":22,"gold_loss":85},{"damage_healed":0,"gold_gain":99,"player_choice":"Stole From Cult","damage_taken":0,"max_hp_gain":0,"max_hp_loss":0,"event_name":"Nest","floor":24,"gold_loss":0},{"damage_healed":0,"gold_gain":0,"player_choice":"Paid","damage_taken":0,"relics_obtained":["Red Mask"],"max_hp_gain":0,"max_hp_loss":0,"event_name":"Tomb of Lord Red Mask","floor":42,"gold_loss":438}],"is_beta":false,"boss_relics":[{"not_picked":["Empty Cage","Nuclear Battery"],"picked":"FrozenCore"},{"not_picked":["Philosopher\u0027s Stone","Runic Pyramid"],"picked":"Inserter"}],"items_purged_floors":[28,38],"is_endless":false,"potions_floor_spawned":[1,4,5,7,13,23,29,31,33,37,39,44,47],"ascension_level":12}