{"gold_per_floor":[119,129,9,27,42,42,53,53,53,53,73,92,92,104,104,206,206,216,216,228,246,44,44,44,44,44,61,94,114,114,140,140,244,244,262,262,262,280,25,25,52,52,52,52,65,65,65,83,83,83],"floor_reached":51,"playtime":5266,"items_purged":["Dualcast"],"score":659,"play_id":"d9f5db47-289f-4e3c-b501-435e211f69b3","local_time":"20190112184104","is_ascension_mode":false,"campfire_choices":[{"data":"Self Repair","floor":6,"key":"SMITH"},{"data":"Gash","floor":8,"key":"SMITH"},{"data":"Chill","floor":13,"key":"SMITH"},{"data":"Gash","floor":15,"key":"SMITH"},{"floor":23,"key":"REST"},{"floor":30,"key":"REST"},{"floor":32,"key":"REST"},{"floor":40,"key":"REST"},{"floor":44,"key":"REST"},{"floor":49,"key":"REST"}],"neow_cost":"NONE","seed_source_timestamp":191264234441342,"circlet_count":0,"master_deck":["Strike_B","Strike_B","Strike_B+1","Strike_B+1","Defend_B","Defend_B","Defend_B","Zap","Blizzard","Beam Cell","Sweeping Beam","Gash+1","Self Repair+1","Sweeping Beam","Chill+1","Gash+1","Defragment+1","Echo Form+1","Cold Snap","Self Repair+1","Cold Snap","Capacitor+1","Necronomicurse","Barrage","Defragment+1","Sweeping Beam+1","Machine Learning+1","Buffer+1","Self Repair+1","Mind Blast","Coolheaded","Barrage","Loop+1","Coolheaded+1"],"relics":["FrozenCore","Frozen Egg 2","Fusion Hammer","Runic Capacitor","Necronomicon","Blue Candle","Du-Vu Doll","Matryoshka","ClockworkSouvenir","Bag of Preparation","Whetstone","Pantograph"],"potions_floor_usage":[28,29,33,50,50,50],"damage_taken":[{"damage":5,"enemies":"Cultist","floor":1,"turns":4},{"damage":1,"enemies":"2 Louse","floor":2,"turns":3},{"damage":2,"enemies":"Jaw Worm","floor":4,"turns":4},{"damage":9,"enemies":"Blue Slaver","floor":5,"turns":4},{"damage":12,"enemies":"3 Louse","floor":7,"turns":3},{"damage":8,"enemies":"2 Fungi Beasts","floor":11,"turns":3},{"damage":0,"enemies":"Exordium Wildlife","floor":12,"turns":3},{"damage":0,"enemies":"3 Louse","floor":14,"turns":2},{"damage":60,"enemies":"Hexaghost","floor":16,"turns":10},{"damage":16,"enemies":"Spheric Guardian","floor":18,"turns":5},{"damage":19,"enemies":"Shell Parasite","floor":20,"turns":7},{"damage":14,"enemies":"Chosen and Byrds","floor":21,"turns":7},{"damage":26,"enemies":"Snake Plant","floor":27,"turns":6},{"damage":55,"enemies":"Book of Stabbing","floor":28,"turns":7},{"damage":13,"enemies":"Centurion and Healer","floor":29,"turns":8},{"damage":28,"enemies":"Slavers","floor":31,"turns":6},{"damage":54,"enemies":"Collector","floor":33,"turns":9},{"damage":9,"enemies":"3 Shapes","floor":35,"turns":15},{"damage":0,"enemies":"3 Darklings","floor":38,"turns":7},{"damage":48,"enemies":"Nemesis","floor":41,"turns":9},{"damage":0,"enemies":"Sphere and 2 Shapes","floor":45,"turns":5},{"damage":29,"enemies":"Transient","floor":48,"turns":5},{"damage":46,"enemies":"Awakened One","floor":50,"turns":13}],"seed_played":"-7539257932640481660","potions_obtained":[{"floor":7,"key":"Dexterity Potion"},{"floor":12,"key":"EntropicBrew"},{"floor":14,"key":"LiquidBronze"},{"floor":27,"key":"FocusPotion"},{"floor":28,"key":"Regen Potion"},{"floor":31,"key":"AttackPotion"},{"floor":35,"key":"Dexterity Potion"},{"floor":38,"key":"SkillPotion"}],"is_trial":false,"path_per_floor":["M","M","$","M","M","R","M","R","T","?","M","M","R","M","R","B",null,"M","?","M","M","$","R","?","?","T","M","E","M","R","E","R","B",null,"M","?","?","M","$","R","E","?","T","R","M","?","$","M","R","B",null],"character_chosen":"DEFECT","items_purchased":["Sweeping Beam","Runic Capacitor","ClockworkSouvenir","Coolheaded"],"campfire_rested":6,"item_purchase_floors":[3,22,39,39],"current_hp_per_floor":[77,76,76,74,65,65,63,63,63,63,65,75,75,82,82,32,82,76,76,77,82,82,82,66,66,66,60,35,57,81,82,82,48,82,82,82,78,78,78,78,60,60,60,78,78,78,78,78,78,62],"gold":83,"neow_bonus":"TEN_PERCENT_HP_BONUS","is_prod":false,"is_daily":false,"chose_seed":false,"campfire_upgraded":4,"win_rate":0.0,"timestamp":1547314864,"path_taken":["M","M","$","?","M","R","M","R","T","?","M","M","R","?","R","BOSS","M","?","M","M","$","R","?","?","T","M","E","M","R","E","R","BOSS","M","?","?","M","?","R","E","?","T","R","M","?","$","M","R","BOSS"],"build_version":"2019-01-10","purchased_purges":1,"victory":true,"max_hp_per_floor":[82,82,82,82,82,82,82,82,82,82,82,82,82,82,82,82,82,82,82,82,82,82,82,82,82,82,82,82,82,82,82,82,82,82,82,82,78,78,78,78,78,78,78,78,78,78,78,78,78,78],"card_choices":[{"not_picked":["Rebound","Gash"],"picked":"Blizzard","floor":1},{"not_picked":["Double Energy","Storm"],"picked":"Beam Cell","floor":2},{"not_picked":["Steam","Genetic Algorithm"],"picked":"Gash","floor":4},{"not_picked":["Hologram","Turbo"],"picked":"Self Repair","floor":5},{"not_picked":["Conserve Battery","Hyperbeam"],"picked":"Sweeping Beam","floor":7},{"not_picked":["Reinforced Body","Streamline"],"picked":"Chill","floor":11},{"not_picked":["Heatsinks+1","Compile Driver"],"picked":"Gash","floor":12},{"not_picked":["Loop+1","FTL"],"picked":"Defragment+1","floor":14},{"not_picked":["Seek","Electrodynamics+1"],"picked":"Echo Form+1","floor":16},{"not_picked":["Steam","Conserve Battery"],"picked":"Cold Snap","floor":18},{"not_picked":["Streamline+1","Sweeping Beam"],"picked":"Cold Snap","floor":20},{"not_picked":["Tempest","Hologram"],"picked":"Capacitor+1","floor":21},{"not_picked":["Ball Lightning","Go for the Eyes"],"picked":"Barrage","floor":27},{"not_picked":["White Noise","Lockon"],"picked":"Defragment+1","floor":28},{"not_picked":["Rip and Tear","Leap"],"picked":"Sweeping Beam+1","floor":29},{"not_picked":["Reboot","Undo"],"picked":"Machine Learning+1","floor":31},{"not_picked":["Reboot","Meteor Strike"],"picked":"Buffer+1","floor":33},{"not_picked":["Sweeping Beam+1","Turbo"],"picked":"Self Repair+1","floor":35},{"not_picked":["Finesse","Secret Technique"],"picked":"Mind Blast","floor":36},{"not_picked":["FTL+1","Beam Cell+1","Go for the Eyes+1"],"picked":"SKIP","floor":38},{"not_picked":["Streamline+1","Conserve Battery+1"],"picked":"Barrage","floor":41},{"not_picked":["Compile Driver","BootSequence+1"],"picked":"Loop+1","floor":45},{"not_picked":["Steam+1","Stack+1"],"picked":"Coolheaded+1","floor":48}],"player_experience":399064,"relics_obtained":[{"floor":9,"key":"Frozen Egg 2"},{"floor":24,"key":"Necronomicon"},{"floor":26,"key":"Blue Candle"},{"floor":28,"key":"Du-Vu Doll"},{"floor":31,"key":"Matryoshka"},{"floor":41,"key":"Bag of Preparation"},{"floor":43,"key":"Whetstone"},{"floor":43,"key":"Pantograph"}],"event_choices":[{"damage_healed":0,"gold_gain":0,"player_choice":"Ignored","damage_taken":0,"max_hp_gain":0,"max_hp_loss":0,"event_name":"Transmorgrifier","floor":10,"gold_loss":0},{"damage_healed":0,"gold_gain":0,"player_choice":"Read","damage_taken":0,"max_hp_gain":0,"max_hp_loss":0,"event_name":"The Library","floor":19,"gold_loss":0,"cards_obtained":["Self Repair"]},{"damage_healed":0,"gold_gain":0,"player_choice":"Obtained Book","damage_taken":16,"max_hp_gain":0,"max_hp_loss":0,"event_name":"Cursed Tome","floor":24,"gold_loss":0},{"damage_healed":0,"gold_gain":0,"player_choice":"Ignored","damage_taken":0,"max_hp_gain":0,"max_hp_loss":0,"event_name":"Vampires","floor":25,"gold_loss":0},{"damage_healed":0,"gold_gain":0,"player_choice":"Memory 1","damage_taken":0,"max_hp_gain":0,"max_hp_loss":0,"event_name":"SensoryStone","floor":36,"gold_loss":0},{"damage_healed":0,"gold_gain":0,"player_choice":"Max HP","damage_taken":0,"max_hp_gain":0,"max_hp_loss":4,"event_name":"Winding Halls","floor":37,"gold_loss":0},{"cards_removed":["Defend_B"],"damage_healed":0,"gold_gain":0,"player_choice":"Removed Skill","damage_taken":0,"max_hp_gain":0,"max_hp_loss":0,"event_name":"Falling","floor":42,"gold_loss":0},{"damage_healed":0,"gold_gain":0,"player_choice":"Bought 0 Potions","damage_taken":0,"max_hp_gain":0,"max_hp_loss":0,"event_name":"The Woman in Blue","floor":46,"gold_loss":0}],"is_beta":false,"boss_relics":[{"not_picked":["Busted Crown","Ectoplasm"],"picked":"Fusion Hammer"},{"not_picked":["Velvet Choker","Coffee Dripper"],"picked":"FrozenCore"}],"items_purged_floors":[3],"is_endless":false,"potions_floor_spawned":[7,12,14,16,27,28,31,35,38,45,48],"ascension_level":0}