{"gold_per_floor":[116,129,54,54,68,93,93,58,138,138,155,105,115,142,142,243,243,258,288,288,99,114,146,159,191,215,247,162,162,162,178,178,280,280,299,352,272,494,157,188,188,198,225,236,265,294,294,307,307,307],"floor_reached":51,"playtime":1939,"items_purged":["Strike_B"],"score":1050,"play_id":"cf99dbe0-1683-4281-be03-1acb8a63111d","local_time":"20190118220013","is_ascension_mode":true,"campfire_choices":[{"data":"Storm","floor":7,"key":"SMITH"},{"data":"Capacitor","floor":10,"key":"SMITH"},{"data":"Tempest","floor":15,"key":"SMITH"},{"floor":30,"key":"REST"},{"data":"Seek","floor":32,"key":"SMITH"},{"data":"Thunder Strike","floor":41,"key":"SMITH"},{"data":"Seek","floor":47,"key":"SMITH"},{"floor":49,"key":"RECALL"}],"neow_cost":"NONE","seed_source_timestamp":686484163261492,"circlet_count":0,"master_deck":["Strike_B+1","Defend_B+1","Defend_B+1","Defend_B+1","Zap+1","Dualcast+1","Self Repair","Storm+1","Capacitor+1","Buffer+1","Tempest+1","Biased Cognition+1","Storm+1","Storm+1","Thunder Strike+1","Seek+1","Seek+1","Hello World+1","Storm+1","Defragment+1","Echo Form+1","Static Discharge+1"],"relics":["Cracked Core","NeowsBlessing","Pen Nib","Frozen Egg 2","Sundial","Runic Pyramid","Red Mask","War Paint","Anchor","Pantograph","Lantern","Bag of Marbles","Letter Opener","Orichalcum","Empty Cage","WingedGreaves","Emotion Chip","Happy Flower","Bag of Preparation","Centennial Puzzle","Darkstone Periapt"],"potions_floor_usage":[6,16,19,19],"damage_taken":[{"damage":0,"enemies":"Cultist","floor":1,"turns":1},{"damage":0,"enemies":"Jaw Worm","floor":2,"turns":1},{"damage":0,"enemies":"2 Louse","floor":5,"turns":1},{"damage":20,"enemies":"Lagavulin","floor":6,"turns":7},{"damage":15,"enemies":"Exordium Wildlife","floor":11,"turns":4},{"damage":0,"enemies":"Large Slime","floor":13,"turns":3},{"damage":0,"enemies":"Gremlin Nob","floor":14,"turns":4},{"damage":28,"enemies":"Hexaghost","floor":16,"turns":9},{"damage":26,"enemies":"3 Byrds","floor":18,"turns":3},{"damage":17,"enemies":"Masked Bandits","floor":19,"turns":3},{"damage":0,"enemies":"Spheric Guardian","floor":22,"turns":2},{"damage":15,"enemies":"Gremlin Leader","floor":23,"turns":5},{"damage":0,"enemies":"Snecko","floor":24,"turns":3},{"damage":7,"enemies":"Book of Stabbing","floor":25,"turns":3},{"damage":1,"enemies":"Slavers","floor":27,"turns":3},{"damage":0,"enemies":"Snake Plant","floor":31,"turns":2},{"damage":2,"enemies":"Champ","floor":33,"turns":4},{"damage":0,"enemies":"3 Darklings","floor":35,"turns":3},{"damage":10,"enemies":"2 Orb Walkers","floor":36,"turns":3},{"damage":0,"enemies":"Giant Head","floor":40,"turns":4},{"damage":2,"enemies":"Orb Walker","floor":42,"turns":2},{"damage":8,"enemies":"4 Shapes","floor":44,"turns":2},{"damage":12,"enemies":"Nemesis","floor":45,"turns":3},{"damage":0,"enemies":"Giant Head","floor":46,"turns":4},{"damage":0,"enemies":"Jaw Worm Horde","floor":48,"turns":3},{"damage":9,"enemies":"Time Eater","floor":50,"turns":4}],"seed_played":"-6038593305125730223","potions_obtained":[{"floor":1,"key":"Fire Potion"},{"floor":5,"key":"Strength Potion"},{"floor":13,"key":"Fire Potion"},{"floor":16,"key":"EssenceOfSteel"},{"floor":18,"key":"Block Potion"},{"floor":19,"key":"PowerPotion"},{"floor":23,"key":"Energy Potion"},{"floor":33,"key":"PowerPotion"}],"is_trial":false,"path_per_floor":["M","M","$","?","M","E","R","$","T","R","M","?","M","E","R","B",null,"M","?","?","$","M","E","M","E","T","E","?","?","R","M","R","B",null,"M","?","$","?","$","E","R","M","T","M","E","E","R","M","R","B",null],"character_chosen":"DEFECT","items_purchased":["Capacitor","Storm+1","War Paint","Storm+1","Defragment+1","Emotion Chip"],"campfire_rested":1,"item_purchase_floors":[8,21,21,37,39,39],"current_hp_per_floor":[75,75,75,75,75,62,62,62,62,62,54,54,61,68,68,47,75,56,46,46,46,53,45,45,38,38,37,37,37,59,59,59,75,75,75,65,65,65,65,72,72,70,70,69,57,64,64,71,71,66],"gold":307,"neow_bonus":"THREE_ENEMY_KILL","is_prod":false,"is_daily":false,"chose_seed":false,"campfire_upgraded":6,"win_rate":0,"timestamp":1547861413,"path_taken":["M","M","?","?","?","E","R","$","T","R","M","?","M","E","R","BOSS","M","?","?","$","M","E","M","E","T","E","?","?","R","M","R","BOSS","M","?","$","?","$","E","R","M","T","M","E","E","R","M","R","BOSS"],"build_version":"2019-01-17v2","purchased_purges":1,"victory":true,"max_hp_per_floor":[75,75,75,75,75,75,75,75,75,75,75,75,75,75,75,75,75,75,75,75,75,75,75,75,75,75,75,75,75,75,75,75,75,75,75,75,75,75,75,75,75,75,75,75,75,75,75,75,75,75],"card_choices":[{"not_picked":["Chaos","Stack","Turbo"],"picked":"SKIP","floor":1},{"not_picked":["Auto Shields","Reprogram"],"picked":"Self Repair","floor":2},{"not_picked":["Stack","Redo","Turbo"],"picked":"SKIP","floor":5},{"not_picked":["Stack","Blizzard"],"picked":"Storm","floor":6},{"not_picked":["Cold Snap","Storm+1"],"picked":"Buffer+1","floor":11},{"not_picked":["Sweeping Beam","Turbo"],"picked":"Tempest","floor":13},{"not_picked":["Doom and Gloom","Cold Snap","BootSequence"],"picked":"SKIP","floor":14},{"not_picked":["Seek","Reboot"],"picked":"Biased Cognition+1","floor":16},{"not_picked":["Hologram+1","Leap","Doom and Gloom"],"picked":"SKIP","floor":18},{"not_picked":["Force Field","Redo"],"picked":"Storm+1","floor":22},{"not_picked":["Leap","Go for the Eyes","Undo"],"picked":"SKIP","floor":23},{"not_picked":["Self Repair+1","BootSequence"],"picked":"Thunder Strike","floor":24},{"not_picked":["Stack","Scrape","Steam"],"picked":"SKIP","floor":25},{"not_picked":["Cold Snap","Double Energy"],"picked":"Seek","floor":27},{"not_picked":["Compile Driver","Stack","Leap"],"picked":"SKIP","floor":31},{"not_picked":["Core Surge","Reboot"],"picked":"Seek","floor":33},{"not_picked":["Streamline+1","Gash+1"],"picked":"Hello World+1","floor":35},{"not_picked":["Recycle","Rebound"],"picked":"Echo Form+1","floor":40},{"not_picked":["Fusion","Ball Lightning","Hello World+1"],"picked":"SKIP","floor":42},{"not_picked":["Hologram+1","Redo+1","Leap+1"],"picked":"SKIP","floor":44},{"not_picked":["Sweeping Beam","Rip and Tear+1","Leap"],"picked":"SKIP","floor":45},{"not_picked":["Sunder","Hello World+1"],"picked":"Static Discharge+1","floor":46},{"not_picked":["Cold Snap+1","Redo","Leap+1"],"picked":"SKIP","floor":48}],"player_experience":172115,"relics_obtained":[{"floor":6,"key":"Pen Nib"},{"floor":9,"key":"Frozen Egg 2"},{"floor":14,"key":"Sundial"},{"floor":19,"key":"Red Mask"},{"floor":23,"key":"Anchor"},{"floor":25,"key":"Pantograph"},{"floor":26,"key":"Lantern"},{"floor":27,"key":"Bag of Marbles"},{"floor":36,"key":"WingedGreaves"},{"floor":40,"key":"Happy Flower"},{"floor":43,"key":"Bag of Preparation"},{"floor":45,"key":"Centennial Puzzle"},{"floor":46,"key":"Darkstone Periapt"}],"event_choices":[{"damage_healed":0,"gold_gain":0,"player_choice":"Forge","damage_taken":0,"max_hp_gain":0,"max_hp_loss":0,"event_name":"Accursed Blacksmith","floor":4,"gold_loss":0,"cards_upgraded":["Zap"]},{"cards_removed":["Defend_B"],"damage_healed":0,"gold_gain":0,"player_choice":"Card Removal","damage_taken":0,"max_hp_gain":0,"max_hp_loss":0,"event_name":"The Cleric","floor":12,"gold_loss":50},{"damage_healed":0,"gold_gain":0,"player_choice":"Fought Bandits","damage_taken":0,"max_hp_gain":0,"max_hp_loss":0,"event_name":"Masked Bandits","floor":19,"gold_loss":0},{"damage_healed":0,"gold_gain":0,"player_choice":"Simplicity","damage_taken":0,"max_hp_gain":0,"max_hp_loss":0,"event_name":"Back to Basics","floor":20,"gold_loss":0,"cards_upgraded":["Strike_B","Strike_B","Strike_B","Defend_B","Defend_B","Defend_B"]},{"damage_healed":0,"gold_gain":0,"player_choice":"Obtained Relic","damage_taken":0,"relics_obtained":["Letter Opener"],"max_hp_gain":0,"max_hp_loss":0,"event_name":"Addict","floor":28,"gold_loss":85},{"damage_healed":0,"gold_gain":0,"player_choice":"Opened","damage_taken":0,"relics_obtained":["Orichalcum"],"max_hp_gain":0,"max_hp_loss":0,"event_name":"The Mausoleum","floor":29,"gold_loss":0},{"damage_healed":0,"gold_gain":0,"player_choice":"Fight","damage_taken":0,"max_hp_gain":0,"max_hp_loss":0,"event_name":"Mysterious Sphere","floor":36,"gold_loss":0},{"damage_healed":0,"gold_gain":222,"player_choice":"Wore Mask","damage_taken":0,"max_hp_gain":0,"max_hp_loss":0,"event_name":"Tomb of Lord Red Mask","floor":38,"gold_loss":0}],"is_beta":false,"boss_relics":[{"not_picked":["Snecko Eye","Fusion Hammer"],"picked":"Runic Pyramid"},{"not_picked":["Busted Crown","Coffee Dripper"],"picked":"Empty Cage"}],"items_purged_floors":[3],"is_endless":false,"potions_floor_spawned":[1,5,13,16,18,19,23,25,33,35,40,46],"ascension_level":3}