{"gold_per_floor":[118,293,293,311,261,286,41,73,122,141,141,154,164,182,182,281,281,296,37,37,37,48,48,67,67,122,122,133,146,161,260,260,355,355,374,474,146,146,146,146,146],"floor_reached":41,"playtime":1651,"items_purged":["Doom and Gloom"],"score":558,"play_id":"24a26d77-5145-436d-a538-0bd1051281ac","local_time":"20190119030814","is_ascension_mode":true,"campfire_choices":[{"floor":15,"key":"REST"},{"floor":23,"key":"REST"},{"floor":25,"key":"REST"},{"floor":27,"key":"RECALL"},{"floor":32,"key":"REST"},{"floor":40,"key":"REST"}],"neow_cost":"NONE","seed_source_timestamp":705260918657451,"circlet_count":0,"master_deck":["Strike_B","Strike_B","Strike_B","Defend_B","Defend_B","Defend_B","Defend_B","Zap","Dualcast","Reboot","Reboot","Static Discharge+1","Creative AI+1","Heatsinks+1","Conserve Battery","Defragment+1","Mayhem+1","Tempest","Double Energy+1","Self Repair+1","Storm+1","Force Field+1","Gash+1","Capacitor+1","Machine Learning+1","Double Energy","Capacitor+1","Madness","Madness","Impatience"],"relics":["Cracked Core","NeowsBlessing","Regal Pillow","Frozen Egg 2","Calipers","Dream Catcher","Meat on the Bone","Orrery","Runic Pyramid","Mango","Matryoshka"],"potions_floor_usage":[8,13,16,29,29,33],"damage_taken":[{"damage":0,"enemies":"Cultist","floor":1,"turns":1},{"damage":0,"enemies":"Jaw Worm","floor":4,"turns":1},{"damage":0,"enemies":"Gremlin Nob","floor":6,"turns":1},{"damage":46,"enemies":"3 Sentries","floor":8,"turns":11},{"damage":7,"enemies":"Small Slimes","floor":10,"turns":3},{"damage":2,"enemies":"Looter","floor":12,"turns":3},{"damage":15,"enemies":"Gremlin Gang","floor":13,"turns":5},{"damage":6,"enemies":"Blue Slaver","floor":14,"turns":5},{"damage":32,"enemies":"The Guardian","floor":16,"turns":9},{"damage":50,"enemies":"2 Thieves","floor":18,"turns":4},{"damage":28,"enemies":"Spheric Guardian","floor":22,"turns":5},{"damage":34,"enemies":"Cultist and Chosen","floor":24,"turns":5},{"damage":10,"enemies":"Snecko","floor":28,"turns":4},{"damage":31,"enemies":"Shelled Parasite and Fungi","floor":29,"turns":3},{"damage":24,"enemies":"Snake Plant","floor":30,"turns":3},{"damage":59,"enemies":"Collector","floor":33,"turns":8},{"damage":19,"enemies":"Orb Walker","floor":35,"turns":4},{"damage":3,"enemies":"Mind Bloom Boss Battle","floor":36,"turns":5},{"damage":117,"enemies":"Giant Head","floor":41,"turns":8}],"seed_played":"-7591748171263663615","potions_obtained":[{"floor":6,"key":"AttackPotion"},{"floor":10,"key":"Block Potion"},{"floor":12,"key":"FearPotion"},{"floor":13,"key":"Energy Potion"},{"floor":14,"key":"Fire Potion"},{"floor":24,"key":"Fire Potion"},{"floor":28,"key":"EssenceOfSteel"},{"floor":29,"key":"Fire Potion"},{"floor":33,"key":"SmokeBomb"},{"floor":36,"key":"Poison Potion"}],"is_trial":false,"path_per_floor":["M","?","?","M","?","E","$","E","T","M","T","M","M","M","R","B",null,"M","$","?","?","M","R","M","R","T","R","M","M","M","?","R","B",null,"M","?","$","?","?","R","E"],"character_chosen":"DEFECT","items_purchased":["Frozen Egg 2","Defragment+1","Mayhem+1","Matryoshka"],"campfire_rested":5,"item_purchase_floors":[7,19,19,37],"current_hp_per_floor":[75,75,68,68,68,68,68,22,22,15,15,25,22,28,65,45,68,30,30,30,30,14,51,39,75,75,75,65,46,34,34,71,34,65,56,77,77,66,66,89,0],"gold":146,"neow_bonus":"THREE_ENEMY_KILL","is_prod":false,"is_daily":false,"chose_seed":false,"campfire_upgraded":0,"win_rate":0,"timestamp":1547879894,"path_taken":["M","?","?","M","?","E","$","E","T","M","?","?","M","M","R","BOSS","M","$","?","?","M","R","M","R","T","R","?","M","M","?","R","BOSS","M","?","$","?","?","R","E"],"build_version":"2019-01-17v2","purchased_purges":1,"victory":false,"max_hp_per_floor":[75,75,75,75,75,75,75,75,75,75,75,75,75,75,75,75,75,75,75,75,75,75,75,75,75,75,75,75,75,75,75,75,75,75,75,89,89,89,89,89,89],"card_choices":[{"not_picked":["Go for the Eyes","Melter","Beam Cell"],"picked":"SKIP","floor":1},{"not_picked":["Streamline","Barrage","Static Discharge"],"picked":"SKIP","floor":4},{"not_picked":["Leap","Rainbow"],"picked":"Reboot","floor":6},{"not_picked":["Turbo","Compile Driver","Chaos"],"picked":"SKIP","floor":8},{"not_picked":["Beam Cell","Streamline","Undo"],"picked":"SKIP","floor":10},{"not_picked":["Rebound","Redo","Hologram"],"picked":"SKIP","floor":12},{"not_picked":["Leap","Sweeping Beam"],"picked":"Reboot","floor":13},{"not_picked":["Go for the Eyes","Sweeping Beam"],"picked":"Doom and Gloom","floor":14},{"not_picked":["Streamline","Conserve Battery"],"picked":"Static Discharge+1","floor":15},{"not_picked":["Reboot","Hyperbeam"],"picked":"Creative AI+1","floor":16},{"not_picked":["Reinforced Body","Gash"],"picked":"Heatsinks+1","floor":17},{"not_picked":["Rainbow","Rip and Tear"],"picked":"Conserve Battery","floor":17},{"not_picked":["Recycle","Compile Driver+1","Glacier"],"picked":"SKIP","floor":18},{"not_picked":["Reprogram","Blizzard+1"],"picked":"Double Energy+1","floor":22},{"not_picked":["Doom and Gloom","BootSequence"],"picked":"Self Repair+1","floor":23},{"not_picked":["Leap","Cold Snap"],"picked":"Storm+1","floor":24},{"not_picked":["Reprogram","BootSequence"],"picked":"Force Field+1","floor":28},{"not_picked":["Steam","Darkness"],"picked":"Gash+1","floor":29},{"not_picked":["Turbo+1","Steam","Coolheaded"],"picked":"SKIP","floor":30},{"not_picked":["Reinforced Body+1","Beam Cell"],"picked":"Capacitor+1","floor":32},{"not_picked":["Amplify","Core Surge"],"picked":"Machine Learning+1","floor":33},{"not_picked":["Melter","Steam+1"],"picked":"Double Energy","floor":35},{"not_picked":["Gash+1","BootSequence"],"picked":"Capacitor+1","floor":36},{"not_picked":["Mind Blast","Trip"],"picked":"Impatience","floor":39}],"player_experience":178186,"relics_obtained":[{"floor":6,"key":"Regal Pillow"},{"floor":8,"key":"Calipers"},{"floor":9,"key":"Dream Catcher"},{"floor":11,"key":"Meat on the Bone"},{"floor":36,"key":"Mango"}],"event_choices":[{"damage_healed":0,"gold_gain":175,"player_choice":"AGREE","damage_taken":0,"max_hp_gain":0,"max_hp_loss":0,"event_name":"Liars Game","floor":2,"gold_loss":0,"cards_obtained":["Doubt"]},{"cards_removed":["Doubt"],"damage_healed":0,"gold_gain":0,"player_choice":"Card Removal","damage_taken":7,"max_hp_gain":0,"max_hp_loss":0,"event_name":"Golden Wing","floor":3,"gold_loss":0},{"cards_removed":["Strike_B"],"damage_healed":0,"gold_gain":0,"player_choice":"Card Removal","damage_taken":0,"max_hp_gain":0,"max_hp_loss":0,"event_name":"The Cleric","floor":5,"gold_loss":50},{"damage_healed":0,"gold_gain":0,"player_choice":"Ignored","damage_taken":0,"max_hp_gain":0,"max_hp_loss":0,"event_name":"Beggar","floor":20,"gold_loss":0},{"damage_healed":0,"gold_gain":0,"player_choice":"1 cards matched","damage_taken":0,"max_hp_gain":0,"max_hp_loss":0,"event_name":"Match and Keep!","floor":21,"gold_loss":0,"cards_obtained":["Tempest"]},{"damage_healed":0,"gold_gain":99,"player_choice":"Stole From Cult","damage_taken":0,"max_hp_gain":0,"max_hp_loss":0,"event_name":"Nest","floor":31,"gold_loss":0},{"damage_healed":0,"gold_gain":0,"player_choice":"Fight","damage_taken":0,"max_hp_gain":0,"max_hp_loss":0,"event_name":"MindBloom","floor":36,"gold_loss":0},{"damage_healed":0,"gold_gain":0,"player_choice":"Embrace Madness","damage_taken":11,"max_hp_gain":0,"max_hp_loss":0,"event_name":"Winding Halls","floor":38,"gold_loss":0,"cards_obtained":["Madness","Madness"]},{"damage_healed":0,"gold_gain":0,"player_choice":"Memory 1","damage_taken":0,"max_hp_gain":0,"max_hp_loss":0,"event_name":"SensoryStone","floor":39,"gold_loss":0}],"is_beta":false,"boss_relics":[{"not_picked":["Sozu","Inserter"],"picked":"Orrery"},{"not_picked":["Cursed Key","Fusion Hammer"],"picked":"Runic Pyramid"}],"items_purged_floors":[37],"is_endless":false,"potions_floor_spawned":[6,10,12,13,14,24,28,29,33,36],"killed_by":"Giant Head","ascension_level":5}