{"gold_per_floor":[111,36,53,53,53,87,103,103,103,120,139,159,170,184,184,184],"floor_reached":16,"playtime":1220,"items_purged":["Strike_G"],"score":106,"play_id":"c69cc11d-4b36-4ca2-bf94-edefb62e6ce3","local_time":"20190128160335","is_ascension_mode":false,"campfire_choices":[{"floor":8.0,"key":"REST"},{"floor":15.0,"key":"REST"}],"neow_cost":"NONE","seed_source_timestamp":0,"circlet_count":0,"master_deck":["Defend_G","Defend_G","Defend_G","Defend_G","Defend_G","Strike_G","Strike_G","Strike_G","Survivor","Neutralize","Dagger Throw","Crippling Poison+1","Deflect+1"],"special_seed":0,"relics":["Ring of the Snake","Toxic Egg 2","Vajra","Bronze Scales"],"potions_floor_usage":[16],"damage_taken":[{"damage":0.0,"enemies":"Small Slimes","floor":1.0,"turns":4.0},{"damage":0.0,"enemies":"Cultist","floor":3.0,"turns":5.0},{"damage":51.0,"enemies":"Lagavulin","floor":6.0,"turns":12.0},{"damage":0.0,"enemies":"Jaw Worm","floor":7.0,"turns":4.0},{"damage":8.0,"enemies":"Lots of Slimes","floor":10.0,"turns":2.0},{"damage":18.0,"enemies":"Large Slime","floor":11.0,"turns":9.0},{"damage":1.0,"enemies":"Red Slaver","floor":12.0,"turns":4.0},{"damage":4.0,"enemies":"3 Louse","floor":13.0,"turns":2.0},{"damage":6.0,"enemies":"Large Slime","floor":14.0,"turns":7.0},{"damage":28,"enemies":"Slime Boss","floor":16,"turns":7}],"seed_played":"-3604808325663038473","potions_obtained":[{"floor":3.0,"key":"Poison Potion"},{"floor":7.0,"key":"SteroidPotion"},{"floor":12.0,"key":"Weak Potion"},{"floor":14.0,"key":"Weak Potion"}],"is_trial":false,"path_per_floor":["M","$","M","?","?","E","M","R","T","M","M","M","M","M","R","B"],"character_chosen":"THE_SILENT","items_purchased":[],"campfire_rested":2,"item_purchase_floors":[],"current_hp_per_floor":[70,70,70,58,70,19,19,40,40,32,14,13,9,3,24,0],"gold":184,"neow_bonus":"REMOVE_CARD","is_prod":false,"is_daily":false,"chose_seed":false,"campfire_upgraded":0,"win_rate":0,"timestamp":1548713015,"path_taken":["M","$","M","?","?","E","M","R","T","M","M","M","?","M","R","BOSS"],"build_version":"2019-01-23","purchased_purges":1,"victory":false,"max_hp_per_floor":[70,70,70,70,70,70,70,70,70,70,70,70,70,70,70,70],"card_choices":[{"not_picked":["PiercingWail","Prepared"],"picked":"Dagger Throw","floor":1.0},{"not_picked":["Underhanded Strike","Endless Agony"],"picked":"Infinite Blades","floor":3.0},{"not_picked":["Riddle With Holes","Choke"],"picked":"Crippling Poison+1","floor":6.0},{"not_picked":["Dash","Dagger Throw","Terror+1"],"picked":"SKIP","floor":7.0},{"not_picked":["Accuracy","Backflip+1","Blade Dance+1"],"picked":"SKIP","floor":10.0},{"not_picked":["Phantasmal Killer+1","Leg Sweep+1","Tactician+1"],"picked":"SKIP","floor":11.0},{"not_picked":["Acrobatics+1","Sucker Punch"],"picked":"Deflect+1","floor":12.0},{"not_picked":["Prepared+1","Quick Slash","Acrobatics+1"],"picked":"SKIP","floor":13.0},{"not_picked":["Eviscerate","Accuracy","Dagger Throw"],"picked":"SKIP","floor":14.0}],"player_experience":216479,"relics_obtained":[{"floor":6.0,"key":"Vajra"},{"floor":9.0,"key":"Bronze Scales"}],"event_choices":[{"damage_healed":0.0,"max_hp_gain":0.0,"max_hp_loss":0.0,"gold_gain":0.0,"event_name":"Scrap Ooze","player_choice":"Success","floor":4.0,"gold_loss":0.0,"damage_taken":12.0,"relics_obtained":["Toxic Egg 2"]},{"cards_removed":["Infinite Blades"],"damage_healed":12.0,"max_hp_gain":0.0,"max_hp_loss":0.0,"gold_gain":0.0,"event_name":"Bonfire Elementals","player_choice":"Offered Uncommon","floor":5.0,"gold_loss":0.0,"damage_taken":0.0}],"is_beta":false,"boss_relics":[],"items_purged_floors":[2],"is_endless":false,"potions_floor_spawned":[3,7,12,13,14],"killed_by":"Slime Boss","ascension_level":0}