{"gold_per_floor":[115,130,146,16,28,63,63,238,238,238],"floor_reached":10,"playtime":354,"items_purged":[],"score":92,"play_id":"4619a2ad-b349-4c27-913d-80275015eb29","local_time":"20181223072051","is_ascension_mode":true,"campfire_choices":[{"floor":7,"key":"REST"}],"neow_cost":"NONE","seed_source_timestamp":284849384571064,"circlet_count":0,"master_deck":["Defend_G","Defend_G","Defend_G","Defend_G","Defend_G","Strike_G","Strike_G","Strike_G","Strike_G","Strike_G","Survivor","Neutralize","Poisoned Stab","Backflip","Dagger Spray","Quick Slash","Dodge and Roll","Flying Knee","Backflip","Doubt"],"special_seed":0,"relics":["Ring of the Snake","Molten Egg 2","Mummified Hand"],"potions_floor_usage":[5,6,10],"damage_taken":[{"damage":0.0,"enemies":"2 Louse","floor":1.0,"turns":3.0},{"damage":12.0,"enemies":"Small Slimes","floor":2.0,"turns":4.0},{"damage":0.0,"enemies":"Jaw Worm","floor":3.0,"turns":4.0},{"damage":22,"enemies":"Exordium Thugs","floor":5,"turns":7},{"damage":42,"enemies":"Gremlin Nob","floor":6,"turns":5},{"damage":41,"enemies":"Lagavulin","floor":10,"turns":6}],"seed_played":"-573701273540726047","potions_obtained":[{"floor":1.0,"key":"FearPotion"},{"floor":2.0,"key":"Regen Potion"}],"is_trial":false,"path_per_floor":["M","M","M","$","M","E","R","?","T","E"],"character_chosen":"THE_SILENT","items_purchased":["Quick Slash","Explosive Potion","Dodge and Roll"],"campfire_rested":1,"item_purchase_floors":[4,4,4],"current_hp_per_floor":[70,58,58,58,50,8,31,31,31,0],"gold":238,"neow_bonus":"TEN_PERCENT_HP_BONUS","is_prod":false,"is_daily":false,"chose_seed":false,"campfire_upgraded":0,"win_rate":0,"timestamp":1545578451,"path_taken":["M","M","M","$","M","E","R","?","T","E"],"build_version":"2018-12-20","purchased_purges":0,"victory":false,"max_hp_per_floor":[77,77,77,77,77,77,77,77,77,77],"card_choices":[{"not_picked":["Masterful Stab","Crippling Poison"],"picked":"Poisoned Stab","floor":1.0},{"not_picked":["Flying Knee","Choke"],"picked":"Backflip","floor":2.0},{"not_picked":["Blade Dance","Heel Hook"],"picked":"Dagger Spray","floor":3.0},{"not_picked":["After Image","Dagger Throw"],"picked":"Flying Knee","floor":5},{"not_picked":["Crippling Poison","Dagger Spray"],"picked":"Backflip","floor":6}],"player_experience":223279,"relics_obtained":[{"floor":6,"key":"Molten Egg 2"},{"floor":9,"key":"Mummified Hand"}],"event_choices":[{"damage_healed":0,"gold_gain":175,"player_choice":"AGREE","damage_taken":0,"max_hp_gain":0,"max_hp_loss":0,"event_name":"Liars Game","floor":8,"gold_loss":0,"cards_obtained":["Doubt"]}],"is_beta":false,"boss_relics":[],"items_purged_floors":[],"is_endless":false,"potions_floor_spawned":[1,2],"killed_by":"Lagavulin","ascension_level":7}