{"gold_per_floor":[20,36,47,147,164,192,192,192,248,262,280,300,315,326,326,326],"floor_reached":16,"playtime":1135,"items_purged":[],"score":124,"play_id":"ddf37623-472b-4905-af27-485ec56a46e0","local_time":"20190112113211","is_ascension_mode":true,"campfire_choices":[{"data":"Poisoned Stab","floor":8,"key":"SMITH"},{"floor":15,"key":"REST"}],"neow_cost":"NO_GOLD","seed_source_timestamp":131207428197417,"circlet_count":0,"master_deck":["Defend_G","Defend_G","Defend_G","Defend_G","Defend_G","Strike_G","Strike_G","Strike_G+1","Strike_G","Strike_G","Survivor","Neutralize+1","Bullet Time+1","Poisoned Stab+1","Poisoned Stab","Venomology","Crippling Poison","Poisoned Stab"],"relics":["Ring of the Snake","Whetstone","Tiny Chest"],"potions_floor_usage":[6,12,13,13,14,14,16,16,16],"damage_taken":[{"damage":0,"enemies":"2 Louse","floor":1,"turns":3},{"damage":0,"enemies":"Cultist","floor":2,"turns":4},{"damage":0,"enemies":"Jaw Worm","floor":3,"turns":3},{"damage":4,"enemies":"Red Slaver","floor":5,"turns":5},{"damage":32,"enemies":"Gremlin Nob","floor":6,"turns":5},{"damage":11,"enemies":"Large Slime","floor":10,"turns":8},{"damage":0,"enemies":"Exordium Wildlife","floor":11,"turns":2},{"damage":2,"enemies":"2 Fungi Beasts","floor":12,"turns":4},{"damage":13,"enemies":"Large Slime","floor":13,"turns":7},{"damage":7,"enemies":"Exordium Thugs","floor":14,"turns":4},{"damage":33,"enemies":"Slime Boss","floor":16,"turns":8}],"seed_played":"3486868115915849852","potions_obtained":[{"floor":1,"key":"Weak Potion"},{"floor":3,"key":"Dexterity Potion"},{"floor":11,"key":"PowerPotion"},{"floor":12,"key":"EssenceOfSteel"},{"floor":13,"key":"FearPotion"}],"is_trial":false,"path_per_floor":["M","M","M","?","M","E","?","R","T","M","M","M","M","M","R","B"],"character_chosen":"THE_SILENT","items_purchased":[],"campfire_rested":1,"item_purchase_floors":[],"current_hp_per_floor":[70,70,70,70,66,34,34,34,34,23,23,21,8,1,22,0],"gold":326,"neow_bonus":"THREE_RARE_CARDS","is_prod":false,"is_daily":false,"chose_seed":false,"campfire_upgraded":1,"win_rate":0,"timestamp":1547305331,"path_taken":["M","M","M","?","?","E","?","R","T","M","M","M","M","M","R","BOSS"],"build_version":"2019-01-10","purchased_purges":0,"victory":false,"max_hp_per_floor":[70,70,70,70,70,70,70,70,70,70,70,70,70,70,70,70],"card_choices":[{"not_picked":["Doppelganger","Tools of the Trade"],"picked":"Bullet Time","floor":0},{"not_picked":["Heel Hook","Cloak And Dagger","Eviscerate"],"picked":"SKIP","floor":1},{"not_picked":["Backstab","Quick Slash"],"picked":"Poisoned Stab","floor":2},{"not_picked":["PiercingWail","Riddle With Holes","Leg Sweep"],"picked":"SKIP","floor":3},{"not_picked":["Caltrops","Expertise","Sucker Punch"],"picked":"SKIP","floor":5},{"not_picked":["Terror","Sucker Punch","Masterful Stab"],"picked":"SKIP","floor":6},{"not_picked":["Prepared","Well Laid Plans"],"picked":"Poisoned Stab","floor":10},{"not_picked":["Setup","Prepared"],"picked":"Venomology","floor":11},{"not_picked":["Expertise","Dodge and Roll"],"picked":"Crippling Poison","floor":12},{"not_picked":["Dagger Spray","Slice"],"picked":"Poisoned Stab","floor":13},{"not_picked":["PiercingWail","Cloak And Dagger","Dodge and Roll"],"picked":"SKIP","floor":14}],"player_experience":152824,"relics_obtained":[{"floor":6,"key":"Whetstone"},{"floor":9,"key":"Tiny Chest"}],"event_choices":[{"damage_healed":0,"gold_gain":100,"player_choice":"Pray","damage_taken":0,"max_hp_gain":0,"max_hp_loss":0,"event_name":"Golden Shrine","floor":4,"gold_loss":0},{"damage_healed":0,"gold_gain":0,"player_choice":"Upgraded","damage_taken":0,"max_hp_gain":0,"max_hp_loss":0,"event_name":"Upgrade Shrine","floor":7,"gold_loss":0,"cards_upgraded":["Bullet Time"]}],"is_beta":false,"boss_relics":[],"items_purged_floors":[],"is_endless":false,"potions_floor_spawned":[1,3,11,12,13],"killed_by":"Slime Boss","ascension_level":3}