{"gold_per_floor":[117,129,146,164,339,368,28,28,28,47,58,58,58,58,58,177,177,162,62,0,14,14,52,52,52,99,99,99,113,146,71,71,71],"floor_reached":33,"playtime":4017,"items_purged":["Doubt","Strike_G"],"score":297,"play_id":"4941eff2-bd25-4ee6-8509-2687516b7abe","local_time":"20190124221500","is_ascension_mode":true,"campfire_choices":[{"data":"Well Laid Plans","floor":8,"key":"SMITH"},{"data":"After Image","floor":13,"key":"SMITH"},{"floor":15,"key":"REST"},{"floor":24,"key":"REST"},{"floor":27,"key":"REST"},{"floor":32,"key":"REST"}],"neow_cost":"TEN_PERCENT_HP_LOSS","seed_source_timestamp":4534864358746,"circlet_count":0,"master_deck":["Defend_G","Defend_G","Defend_G","Defend_G","Strike_G","Strike_G","Strike_G","Survivor","Neutralize","After Image+1","Dagger Throw","Dash","Reflex","Accuracy","Well Laid Plans+1","Leg Sweep","Flying Knee","Leg Sweep","Tools of the Trade","Expertise","Blade Dance","Predator","Finesse","Blind","Unload"],"relics":["Ring of the Snake","Regal Pillow","Vajra","Juzu Bracelet","Golden Idol","HoveringKite","GremlinMask","Matryoshka","Anchor","Lantern","Mummified Hand"],"potions_floor_usage":[6,6,16,23,30,33,33],"damage_taken":[{"damage":0,"enemies":"Cultist","floor":1,"turns":5},{"damage":2,"enemies":"2 Louse","floor":2,"turns":4},{"damage":0,"enemies":"Small Slimes","floor":3,"turns":4},{"damage":0,"enemies":"Looter","floor":4,"turns":4},{"damage":13,"enemies":"Lagavulin","floor":6,"turns":10},{"damage":0,"enemies":"Large Slime","floor":10,"turns":8},{"damage":6,"enemies":"Lots of Slimes","floor":11,"turns":5},{"damage":53,"enemies":"Hexaghost","floor":16,"turns":17},{"damage":17,"enemies":"2 Thieves","floor":18,"turns":4},{"damage":1,"enemies":"Spheric Guardian","floor":21,"turns":4},{"damage":25,"enemies":"Gremlin Leader","floor":23,"turns":8},{"damage":25,"enemies":"3 Cultists","floor":29,"turns":8},{"damage":9,"enemies":"Slavers","floor":30,"turns":7},{"damage":64,"enemies":"Collector","floor":33,"turns":10}],"seed_played":"2350374173461285755","potions_obtained":[{"floor":2,"key":"Strength Potion"},{"floor":4,"key":"EssenceOfSteel"},{"floor":11,"key":"SkillPotion"},{"floor":16,"key":"FearPotion"},{"floor":18,"key":"GhostInAJar"},{"floor":23,"key":"PowerPotion"},{"floor":30,"key":"Poison Potion"}],"is_trial":false,"path_per_floor":["M","M","M","M","?","E","$","R","T","M","M","?","R","?","R","B",null,"M","$","?","M","?","E","R","?","T","R","?","M","E","?","R","B"],"character_chosen":"THE_SILENT","items_purchased":["Vajra","Well Laid Plans","Leg Sweep"],"campfire_rested":4,"item_purchase_floors":[7,7,7],"current_hp_per_floor":[63,61,61,61,61,48,48,48,48,48,42,42,42,27,60,7,63,46,46,46,45,45,20,53,35,35,63,63,38,29,29,62,0],"gold":71,"neow_bonus":"THREE_RARE_CARDS","is_prod":false,"is_daily":false,"chose_seed":false,"campfire_upgraded":2,"win_rate":1,"timestamp":1548335700,"path_taken":["M","M","M","M","?","E","$","R","T","M","M","?","R","?","R","BOSS","M","$","?","M","?","E","R","?","T","R","?","M","E","?","R","BOSS"],"build_version":"2019-01-23","purchased_purges":2,"victory":false,"max_hp_per_floor":[63,63,63,63,63,63,63,63,63,63,63,63,63,63,63,63,63,63,63,63,63,63,63,63,63,63,63,63,63,63,63,63,63],"card_choices":[{"not_picked":["Glass Knife","Doppelganger"],"picked":"After Image","floor":0},{"not_picked":["Riddle With Holes","Flying Knee"],"picked":"Dagger Throw","floor":1},{"not_picked":["Deadly Poison","Outmaneuver","Catalyst"],"picked":"SKIP","floor":2},{"not_picked":["Catalyst","Phantasmal Killer"],"picked":"Dash","floor":3},{"not_picked":["Deflect","Dagger Spray"],"picked":"Reflex","floor":4},{"not_picked":["Flying Knee","Terror"],"picked":"Accuracy","floor":6},{"not_picked":["Deflect","Deadly Poison"],"picked":"Flying Knee","floor":10},{"not_picked":["Dodge and Roll","PiercingWail","Deflect"],"picked":"SKIP","floor":11},{"not_picked":["Wraith Form v2","Adrenaline"],"picked":"Tools of the Trade","floor":16},{"not_picked":["Slice","Dagger Throw+1"],"picked":"Expertise","floor":18},{"not_picked":["Poisoned Stab","PiercingWail+1"],"picked":"Blade Dance","floor":21},{"not_picked":["Catalyst","Backflip+1"],"picked":"Predator","floor":23},{"not_picked":["Poisoned Stab","Dodge and Roll","Bane+1"],"picked":"SKIP","floor":29},{"not_picked":["Leg Sweep","Backstab"],"picked":"Unload","floor":30}],"player_experience":52877,"relics_obtained":[{"floor":6,"key":"Regal Pillow"},{"floor":9,"key":"Juzu Bracelet"},{"floor":23,"key":"Matryoshka"},{"floor":26,"key":"Anchor"},{"floor":26,"key":"Lantern"},{"floor":30,"key":"Mummified Hand"}],"event_choices":[{"damage_healed":0,"gold_gain":175,"player_choice":"AGREE","damage_taken":0,"max_hp_gain":0,"max_hp_loss":0,"event_name":"Liars Game","floor":5,"gold_loss":0,"cards_obtained":["Doubt"]},{"damage_healed":0,"gold_gain":0,"cards_transformed":["Strike_G"],"player_choice":"Change","damage_taken":0,"max_hp_gain":0,"max_hp_loss":0,"event_name":"Living Wall","floor":12,"gold_loss":0,"cards_obtained":["Leg Sweep"]},{"damage_healed":0,"gold_gain":0,"player_choice":"Take Damage","damage_taken":15,"relics_obtained":["Golden Idol"],"max_hp_gain":0,"max_hp_loss":0,"event_name":"Golden Idol","floor":14,"gold_loss":0},{"damage_healed":0,"gold_gain":0,"player_choice":"Paid Fearfully","damage_taken":0,"max_hp_gain":0,"max_hp_loss":0,"event_name":"Masked Bandits","floor":20,"gold_loss":62},{"damage_healed":0,"gold_gain":0,"player_choice":"Trade","damage_taken":0,"relics_obtained":["GremlinMask"],"max_hp_gain":0,"max_hp_loss":0,"event_name":"FaceTrader","floor":22,"gold_loss":0},{"damage_healed":0,"gold_gain":0,"player_choice":"CARD CARD ","damage_taken":18,"max_hp_gain":0,"max_hp_loss":0,"event_name":"Knowing Skull","floor":25,"potions_obtained":[],"gold_loss":0,"cards_obtained":["Finesse","Blind"]},{"damage_healed":0,"gold_gain":0,"player_choice":"Ignored","damage_taken":0,"max_hp_gain":0,"max_hp_loss":0,"event_name":"Cursed Tome","floor":28,"gold_loss":0},{"cards_removed":["Defend_G"],"damage_healed":0,"gold_gain":0,"player_choice":"Gave Gold","damage_taken":0,"max_hp_gain":0,"max_hp_loss":0,"event_name":"Beggar","floor":31,"gold_loss":75}],"is_beta":false,"boss_relics":[{"not_picked":["Ectoplasm","Black Star"],"picked":"HoveringKite"}],"items_purged_floors":[7,19],"is_endless":false,"potions_floor_spawned":[2,4,11,16,18,23,30],"killed_by":"Collector","ascension_level":1}