{"gold_per_floor":[209,209,384,384,402,402,39,49,49,49,103,103,103,113,113,216,216,230,230,242,252,60,91,91,91,91,51,70,99,25,44,44,44],"floor_reached":33,"playtime":1599,"items_purged":["Regret"],"score":287,"play_id":"0300740f-8541-44e0-8b4a-9bf78372d2ad","local_time":"20190108062137","is_ascension_mode":true,"campfire_choices":[{"data":"1","floor":6.0,"key":"LIFT"},{"data":"Dualcast","floor":10.0,"key":"SMITH"},{"data":"Streamline","floor":13.0,"key":"SMITH"},{"data":"2","floor":15.0,"key":"LIFT"},{"data":"Redo","floor":25.0,"key":"SMITH"},{"data":"Darkness","floor":32,"key":"SMITH"}],"neow_cost":"NONE","seed_source_timestamp":2701434930474482,"circlet_count":0,"master_deck":["Strike_B","Strike_B","Strike_B","Defend_B","Defend_B","Defend_B","Defend_B","Zap+1","Dualcast+1","Leap","Streamline+1","Self Repair","Amplify","Redo+1","Self Repair","Self Repair","Reprogram","Coolheaded","Coolheaded+1","Darkness+1"],"special_seed":0,"relics":["Cracked Core","Girya","Letter Opener","Symbiotic Virus","Gremlin Horn","Kunai","Empty Cage","MutagenicStrength","PreservedInsect","Happy Flower","Bottled Lightning","Pear"],"potions_floor_usage":[33,33],"damage_taken":[{"damage":10.0,"enemies":"Jaw Worm","floor":1.0,"turns":4.0},{"damage":0.0,"enemies":"Small Slimes","floor":5.0,"turns":3.0},{"damage":0.0,"enemies":"2 Louse","floor":8.0,"turns":3.0},{"damage":0.0,"enemies":"Exordium Wildlife","floor":14.0,"turns":3.0},{"damage":53.0,"enemies":"The Guardian","floor":16.0,"turns":9.0},{"damage":21.0,"enemies":"2 Thieves","floor":18.0,"turns":4.0},{"damage":15.0,"enemies":"Spheric Guardian","floor":20.0,"turns":4.0},{"damage":18.0,"enemies":"Snake Plant","floor":21.0,"turns":4.0},{"damage":25.0,"enemies":"Book of Stabbing","floor":23.0,"turns":5.0},{"damage":49.0,"enemies":"Snecko","floor":28.0,"turns":7.0},{"damage":16,"enemies":"Gremlin Leader","floor":29,"turns":6},{"damage":28,"enemies":"Centurion and Healer","floor":31,"turns":9},{"damage":79,"enemies":"Automaton","floor":33,"turns":10}],"seed_played":"8509624595475537528","potions_obtained":[{"floor":1.0,"key":"Ancient Potion"},{"floor":5.0,"key":"PowerPotion"},{"floor":8.0,"key":"PowerPotion"},{"floor":20.0,"key":"Dexterity Potion"},{"floor":21.0,"key":"Dexterity Potion"},{"floor":23.0,"key":"Strength Potion"},{"floor":31,"key":"SpeedPotion"}],"is_trial":false,"path_per_floor":["M","?","?","?","M","R","$","M","T","R","?","T","R","M","R","B",null,"M","?","M","M","$","E","?","R","T","?","M","E","$","M","R","B"],"character_chosen":"DEFECT","items_purchased":["Symbiotic Virus","Self Repair","Self Repair","PreservedInsect","Darkness"],"campfire_rested":0,"item_purchase_floors":[7,7,22,22,30],"current_hp_per_floor":[65,65,65,40,40,40,40,47,47,47,47,47,47,54,54,8,75,61,61,53,35,35,31,56,56,56,56,35,64,64,71,71,0],"gold":44,"neow_bonus":"HUNDRED_GOLD","is_prod":false,"is_daily":false,"chose_seed":false,"campfire_upgraded":4,"win_rate":0,"timestamp":1546924897,"path_taken":["M","?","?","?","M","R","$","M","T","R","?","?","R","M","R","BOSS","M","?","M","M","$","E","?","R","T","?","?","E","$","M","R","BOSS"],"build_version":"2019-01-03v4","purchased_purges":1,"victory":false,"max_hp_per_floor":[75,75,75,75,75,75,75,75,75,75,75,75,75,75,75,75,75,75,75,75,75,75,75,75,75,75,75,75,85,85,85,85,85],"card_choices":[{"not_picked":["Hologram","Beam Cell"],"picked":"Leap","floor":1.0},{"not_picked":["Force Field","Compile Driver"],"picked":"Streamline","floor":5.0},{"not_picked":["Scrape","Fusion","Coolheaded"],"picked":"SKIP","floor":8.0},{"not_picked":["Heatsinks","Sunder","Beam Cell"],"picked":"SKIP","floor":14.0},{"not_picked":["Thunder Strike","All For One"],"picked":"Amplify","floor":16.0},{"not_picked":["Steam","Heatsinks"],"picked":"Redo","floor":18.0},{"not_picked":["Turbo+1","Go for the Eyes","Rebound+1"],"picked":"SKIP","floor":20.0},{"not_picked":["Go for the Eyes","Hello World"],"picked":"Self Repair","floor":21.0},{"not_picked":["Ball Lightning","Turbo"],"picked":"Reprogram","floor":23.0},{"not_picked":["Melter+1","Reprogram"],"picked":"Coolheaded","floor":28.0},{"not_picked":["Static Discharge","Conserve Battery+1"],"picked":"Coolheaded+1","floor":29},{"not_picked":["Cold Snap","Gash","Leap+1"],"picked":"SKIP","floor":31}],"player_experience":686513,"relics_obtained":[{"floor":9.0,"key":"Gremlin Horn"},{"floor":12.0,"key":"Kunai"},{"floor":23.0,"key":"Happy Flower"},{"floor":26.0,"key":"Bottled Lightning"},{"floor":29,"key":"Pear"}],"event_choices":[{"damage_healed":0.0,"max_hp_gain":0.0,"max_hp_loss":0.0,"gold_gain":0.0,"event_name":"Big Fish","player_choice":"Box","floor":2.0,"gold_loss":0.0,"damage_taken":0.0,"relics_obtained":["Girya"],"cards_obtained":["Regret"]},{"damage_healed":0.0,"max_hp_gain":0.0,"max_hp_loss":0.0,"gold_gain":175.0,"event_name":"Liars Game","player_choice":"AGREE","floor":3.0,"gold_loss":0.0,"damage_taken":0.0,"cards_obtained":["Doubt"]},{"damage_healed":0.0,"max_hp_gain":0.0,"max_hp_loss":0.0,"gold_gain":0.0,"event_name":"Scrap Ooze","player_choice":"Success","floor":4.0,"gold_loss":0.0,"damage_taken":25.0,"relics_obtained":["Letter Opener"]},{"damage_healed":0.0,"max_hp_gain":0.0,"max_hp_loss":0.0,"gold_gain":54.0,"event_name":"Golden Wing","player_choice":"Gained Gold","floor":11.0,"gold_loss":0.0,"damage_taken":0.0},{"damage_healed":0.0,"max_hp_gain":0.0,"max_hp_loss":0.0,"gold_gain":0.0,"event_name":"Drug Dealer","player_choice":"Inject Mutagens","floor":19.0,"gold_loss":0.0,"damage_taken":0.0,"relics_obtained":["MutagenicStrength"]},{"damage_healed":25.0,"max_hp_gain":0.0,"max_hp_loss":0.0,"gold_gain":0.0,"event_name":"The Library","player_choice":"Heal","floor":24.0,"gold_loss":0.0,"damage_taken":0.0},{"damage_healed":0.0,"max_hp_gain":0.0,"max_hp_loss":0.0,"gold_gain":0.0,"event_name":"Designer","player_choice":"Upgrade","floor":27.0,"gold_loss":40.0,"damage_taken":0.0,"cards_upgraded":["Zap"]}],"is_beta":false,"boss_relics":[{"not_picked":["Calling Bell","Nuclear Battery"],"picked":"Empty Cage"}],"items_purged_floors":[7],"is_endless":false,"potions_floor_spawned":[1,5,8,20,21,23,31],"killed_by":"Automaton","ascension_level":1}