{"path_per_floor":["M","?","M","T","M","R","E","M","T","$","?","M","M","E","R","B",null,"M","M","M","M","M","R","E"],"character_chosen":"IRONCLAD","items_purchased":["Dramatic Entrance","Spot Weakness"],"gold_per_floor":[114,114,128,128,144,144,175,187,211,42,42,60,70,99,99,195,195,208,228,242,253,268,268,296],"floor_reached":25,"campfire_rested":0,"playtime":27322,"current_hp_per_floor":[80,80,80,87,87,87,58,60,60,60,60,59,42,36,36,19,87,73,79,73,75,49,49,14],"items_purged":[],"gold":296,"play_id":"af646c29-e440-48c2-9058-f0aa834ef2c2","is_prod":false,"is_daily":false,"is_ascension_mode":false,"campfire_upgraded":3,"path_taken":["M","?","M","?","M","R","E","M","T","?","?","?","M","E","R","BOSS","M","?","?","M","M","R","E","M"],"build_version":"2018-01-25-PROD3","purchased_purges":0,"victory":false,"master_deck":["Strike_R","Strike_R","Strike_R","Strike_R","Strike_R","Defend_R","Defend_R","Defend_R","Defend_R","Bash","Flex+1","Shockwave+1","Heavy Blade+1","Clothesline","Flex+1","Whirlwind","Dramatic Entrance","Spot Weakness","Iron Wave","Clothesline","Clash","Limit Break","Spot Weakness","Sever Soul","Rampage+1","Spot Weakness+1","Flame Barrier+1","Reckless Charge+1"],"max_hp_per_floor":[80,80,80,87,87,87,87,87,87,87,87,87,87,87,87,87,87,87,87,87,87,87,87,87],"relics":["Burning Blood","Bag of Marbles","Strawberry","Prayer Wheel","Bronze Scales","Letter Opener","Black Star","Bottled Flame","Toolbox"],"card_choices":[{"not_picked":["Dropkick","Evolve"],"picked":"Flex"},{"not_picked":["Thunderclap","Infernal Blade"],"picked":"Shockwave"},{"not_picked":["Dropkick","Wild Strike"],"picked":"Heavy Blade"},{"not_picked":["Sword Boomerang","Headbutt"],"picked":"Clothesline"},{"not_picked":["True Grit","Thunderclap"],"picked":"Flex"},{"not_picked":["Warcry","Battle Trance"],"picked":"Whirlwind"},{"not_picked":["Corruption","Seeing Red"],"picked":"Iron Wave"},{"not_picked":["Juggernaut","Metallicize"],"picked":"Clothesline"},{"not_picked":["Clothesline","Headbutt"],"picked":"Clash"},{"not_picked":["Impervious","Reaper"],"picked":"Limit Break"},{"not_picked":["Thunderclap","True Grit"],"picked":"Spot Weakness"},{"not_picked":["Combust","Corruption"],"picked":"Sever Soul"},{"not_picked":["Flex","True Grit"],"picked":"Rampage"},{"not_picked":["Clothesline","Combust"],"picked":"Spot Weakness"},{"not_picked":["Clash","Feed"],"picked":"Flame Barrier"},{"not_picked":["Sever Soul","Reaper"],"picked":"Reckless Charge"}],"player_experience":83326,"potions_floor_usage":[16,16,16,25],"damage_taken":[{"damage":6,"enemies":"Jaw Worm","floor":1,"turns":4},{"damage":0,"enemies":"2 Louse","floor":3,"turns":1},{"damage":0,"enemies":"Cultist","floor":5,"turns":3},{"damage":35,"enemies":"Lagavulin","floor":7,"turns":6},{"damage":4,"enemies":"Exordium Wildlife","floor":8,"turns":4},{"damage":7,"enemies":"Looter","floor":12,"turns":2},{"damage":23,"enemies":"Large Slime","floor":13,"turns":6},{"damage":12,"enemies":"Gremlin Nob","floor":14,"turns":3},{"damage":41,"enemies":"Hexaghost","floor":16,"turns":8},{"damage":20,"enemies":"Spheric Guardian","floor":18,"turns":4},{"damage":0,"enemies":"Chosen","floor":19,"turns":4},{"damage":12,"enemies":"Centurion and Healer","floor":20,"turns":5},{"damage":4,"enemies":"Chosen and Byrds","floor":21,"turns":2},{"damage":32,"enemies":"3 Cultists","floor":22,"turns":4},{"damage":41,"enemies":"Gremlin Leader","floor":24,"turns":5},{"damage":15,"enemies":"Snake Plant","floor":25,"turns":1}],"event_choices":[{"event_name":"Living Wall","player_choice":"Grow","floor":2,"damage_taken":0},{"event_name":"The Cleric","player_choice":"Leave","floor":11,"damage_taken":0}],"boss_relics":[{"not_picked":["Black Blood","Snecko Eye"],"picked":"Black Star"}],"potions_floor_spawned":[5,7,13,14,21],"seed_played":"700148305352955590","killed_by":"Snake Plant","ascension_level":0,"is_trial":false}