{"gold_per_floor":[115,115,128,138,138,166,178,6,6,0,30,40,40,72,84,201,213,236,248,360,392,404,434,446,472,484,496,521,533,545,571,583,695,707,734,155,155,174,174,174,208,208,208,208,237,0,13,32,32,32],"floor_reached":51,"playtime":2049,"items_purged":[],"score":832,"play_id":"e5a9b5ba-4d86-4b7e-8f46-2fcdf44e46a0","local_time":"20181215152502","is_ascension_mode":false,"campfire_choices":[{"data":"Perfected Strike","floor":15,"key":"SMITH"},{"floor":27,"key":"REST"},{"data":"Demon Form","floor":30,"key":"SMITH"},{"data":"Limit Break","floor":32,"key":"SMITH"},{"data":"Perfected Strike","floor":40,"key":"SMITH"},{"floor":42,"key":"REST"},{"floor":49,"key":"REST"}],"neow_cost":"NONE","seed_source_timestamp":100705535049108,"circlet_count":0,"master_deck":["Strike_R","Strike_R","Strike_R","Strike_R","Strike_R","Defend_R","Defend_R","Defend_R","Defend_R","Bash","Shrug It Off","Anger","Twin Strike","Anger","Perfected Strike+1","Exhume","Limit Break+1","Perfected Strike","Wild Strike","Perfected Strike+1","Anger+1","Perfected Strike+1","Twin Strike","Demon Form+1","Perfected Strike+1","Double Tap","Heavy Blade","Dark Shackles","Heavy Blade+1","Decay","Writhe","Demon Form+1"],"relics":["Burning Blood","Bottled Flame","Pen Nib","Meat on the Bone","Pear","MawBank","White Beast Statue","Dead Branch","Mercury Hourglass","MutagenicStrength","Kunai","Cursed Key","Bronze Scales","Sling","Frozen Egg 2","Darkstone Periapt","Self Forming Clay","Regal Pillow","Red Mask"],"potions_floor_usage":[6,16,20,20,21,25,25,33,33,33,45,45,45,47,50,50],"damage_taken":[{"damage":3,"enemies":"Jaw Worm","floor":1,"turns":4},{"damage":6,"enemies":"Cultist","floor":3,"turns":3},{"damage":3,"enemies":"2 Louse","floor":4,"turns":4},{"damage":25,"enemies":"Lagavulin","floor":6,"turns":6},{"damage":1,"enemies":"2 Fungi Beasts","floor":7,"turns":3},{"damage":9,"enemies":"Large Slime","floor":12,"turns":5},{"damage":10,"enemies":"Exordium Thugs","floor":14,"turns":3},{"damage":64,"enemies":"The Guardian","floor":16,"turns":9},{"damage":21,"enemies":"Shell Parasite","floor":18,"turns":6},{"damage":25,"enemies":"Colosseum Slavers","floor":20,"turns":3},{"damage":54,"enemies":"Colosseum Nobs","floor":20,"turns":6},{"damage":20,"enemies":"2 Thieves","floor":21,"turns":3},{"damage":18,"enemies":"Chosen and Byrds","floor":23,"turns":5},{"damage":19,"enemies":"Centurion and Healer","floor":25,"turns":3},{"damage":0,"enemies":"Cultist and Chosen","floor":28,"turns":2},{"damage":12,"enemies":"3 Cultists","floor":31,"turns":3},{"damage":86,"enemies":"Collector","floor":33,"turns":6},{"damage":0,"enemies":"3 Shapes","floor":35,"turns":2},{"damage":13,"enemies":"3 Darklings","floor":38,"turns":3},{"damage":77,"enemies":"Giant Head","floor":41,"turns":7},{"damage":42,"enemies":"Nemesis","floor":45,"turns":5},{"damage":13,"enemies":"Jaw Worm Horde","floor":47,"turns":3},{"damage":18,"enemies":"Writhing Mass","floor":48,"turns":4},{"damage":69,"enemies":"Time Eater","floor":50,"turns":8}],"seed_played":"-3270907852460888427","potions_obtained":[{"floor":3,"key":"Weak Potion"},{"floor":6,"key":"Block Potion"},{"floor":14,"key":"BloodPotion"},{"floor":18,"key":"BloodPotion"},{"floor":20,"key":"SkillPotion"},{"floor":21,"key":"Poison Potion"},{"floor":23,"key":"BloodPotion"},{"floor":25,"key":"LiquidBronze"},{"floor":28,"key":"Dexterity Potion"},{"floor":31,"key":"BloodPotion"},{"floor":33,"key":"Swift Potion"},{"floor":35,"key":"Dexterity Potion"},{"floor":38,"key":"SpeedPotion"},{"floor":41,"key":"FearPotion"},{"floor":45,"key":"Explosive Potion"},{"floor":47,"key":"PowerPotion"},{"floor":48,"key":"Explosive Potion"}],"is_trial":false,"path_per_floor":["M","?","M","M","$","E","M","$","T","?","?","M","?","M","R","B",null,"M","?","?","M","?","M","?","M","T","R","M","$","R","M","R","B",null,"M","$","?","M","$","R","E","R","T","?","E","?","M","M","R","B",null],"character_chosen":"IRONCLAD","items_purchased":["Perfected Strike","Pen Nib","Bronze Scales","Sling","Frozen Egg 2"],"campfire_rested":3,"item_purchase_floors":[8,8,36,36,36],"current_hp_per_floor":[88,88,88,88,88,69,74,74,74,74,84,81,78,74,74,28,98,83,83,46,44,44,44,44,52,52,81,87,87,87,81,81,22,98,98,98,98,91,91,91,32,61,67,99,63,63,68,68,110,59],"gold":32,"neow_bonus":"TEN_PERCENT_HP_BONUS","is_prod":false,"is_daily":false,"chose_seed":false,"campfire_upgraded":4,"win_rate":0,"timestamp":1544883902,"path_taken":["M","?","M","M","?","E","?","$","T","?","?","M","?","M","R","BOSS","M","?","?","M","?","M","?","M","T","R","?","$","R","M","R","BOSS","M","$","?","M","$","R","E","R","T","?","E","?","M","M","R","BOSS"],"build_version":"2018-12-13","purchased_purges":0,"victory":true,"max_hp_per_floor":[88,88,88,88,88,88,88,88,88,88,98,98,98,98,98,98,98,98,98,98,98,98,98,98,98,98,98,98,98,98,98,98,98,98,98,98,98,98,98,98,98,98,104,110,110,110,110,110,110,110],"card_choices":[{"not_picked":["Thunderclap","Warcry"],"picked":"Shrug It Off","floor":1},{"not_picked":["Iron Wave","Thunderclap","Flex"],"picked":"SKIP","floor":3},{"not_picked":["Rage","Clash"],"picked":"Anger","floor":4},{"not_picked":["True Grit","Body Slam"],"picked":"Twin Strike","floor":6},{"not_picked":["Sword Boomerang","Havoc"],"picked":"Anger","floor":7},{"not_picked":["Clothesline","Warcry"],"picked":"Exhume","floor":12},{"not_picked":["Rupture","Clothesline","Sword Boomerang"],"picked":"SKIP","floor":14},{"not_picked":["Barricade","Impervious"],"picked":"Limit Break","floor":16},{"not_picked":["Flame Barrier","Rupture"],"picked":"Perfected Strike","floor":18},{"not_picked":["Rupture","Iron Wave"],"picked":"Perfected Strike","floor":20},{"not_picked":["Iron Wave+1","Havoc"],"picked":"Anger+1","floor":21},{"not_picked":["Reckless Charge","Shrug It Off"],"picked":"Perfected Strike+1","floor":23},{"not_picked":["True Grit","Carnage+1"],"picked":"Twin Strike","floor":25},{"not_picked":["Burning Pact","Wild Strike"],"picked":"Demon Form","floor":28},{"not_picked":["Disarm+1","Armaments"],"picked":"Perfected Strike+1","floor":31},{"not_picked":["Impervious","Reaper"],"picked":"Double Tap","floor":33},{"not_picked":["Headbutt+1","Carnage+1"],"picked":"Heavy Blade","floor":35},{"not_picked":["Bandage Up","Good Instincts"],"picked":"Dark Shackles","floor":37},{"not_picked":["Headbutt+1","Anger"],"picked":"Heavy Blade+1","floor":38},{"not_picked":["Sword Boomerang+1","Heavy Blade","Armaments+1"],"picked":"SKIP","floor":41},{"not_picked":["Pommel Strike","Anger+1"],"picked":"Demon Form+1","floor":45},{"not_picked":["Searing Blow","Hemokinesis+1","Rupture+1"],"picked":"SKIP","floor":47},{"not_picked":["Hemokinesis+1","Clothesline+1","Fire Breathing+1"],"picked":"SKIP","floor":48}],"player_experience":182556,"relics_obtained":[{"floor":6,"key":"Bottled Flame"},{"floor":9,"key":"Meat on the Bone"},{"floor":20,"key":"Dead Branch"},{"floor":20,"key":"Mercury Hourglass"},{"floor":26,"key":"Kunai"},{"floor":41,"key":"Darkstone Periapt"},{"floor":43,"key":"Self Forming Clay"},{"floor":45,"key":"Regal Pillow"}],"event_choices":[{"damage_healed":0,"gold_gain":0,"player_choice":"Ignored","damage_taken":0,"max_hp_gain":0,"max_hp_loss":0,"event_name":"Purifier","floor":2,"gold_loss":0},{"damage_healed":0,"gold_gain":0,"player_choice":"Left Gold","damage_taken":0,"max_hp_gain":0,"max_hp_loss":0,"event_name":"World of Goop","floor":10,"gold_loss":6},{"damage_healed":0,"gold_gain":30,"player_choice":"Searched \u00272\u0027 times","damage_taken":0,"relics_obtained":["Pear"],"max_hp_gain":0,"max_hp_loss":0,"event_name":"Dead Adventurer","floor":11,"gold_loss":0},{"damage_healed":0,"gold_gain":0,"player_choice":"Success","damage_taken":3,"relics_obtained":["MawBank"],"max_hp_gain":0,"max_hp_loss":0,"event_name":"Scrap Ooze","floor":13,"gold_loss":0},{"damage_healed":0,"gold_gain":0,"player_choice":"Read","damage_taken":0,"max_hp_gain":0,"max_hp_loss":0,"event_name":"The Library","floor":19,"gold_loss":0,"cards_obtained":["Wild Strike"]},{"damage_healed":0,"gold_gain":0,"player_choice":"Fight","damage_taken":0,"max_hp_gain":0,"max_hp_loss":0,"event_name":"Colosseum","floor":20,"gold_loss":0},{"damage_healed":0,"gold_gain":0,"player_choice":"Fought Nobs","damage_taken":0,"max_hp_gain":0,"max_hp_loss":0,"event_name":"Colosseum","floor":20,"gold_loss":0},{"damage_healed":0,"gold_gain":0,"player_choice":"Ignored","damage_taken":0,"max_hp_gain":0,"max_hp_loss":0,"event_name":"Vampires","floor":22,"gold_loss":0},{"damage_healed":0,"gold_gain":0,"player_choice":"Inject Mutagens","damage_taken":0,"relics_obtained":["MutagenicStrength"],"max_hp_gain":0,"max_hp_loss":0,"event_name":"Drug Dealer","floor":24,"gold_loss":0},{"damage_healed":0,"gold_gain":0,"player_choice":"Memory 1","damage_taken":0,"max_hp_gain":0,"max_hp_loss":0,"event_name":"SensoryStone","floor":37,"gold_loss":0},{"damage_healed":26,"gold_gain":0,"player_choice":"Writhe","damage_taken":0,"max_hp_gain":0,"max_hp_loss":0,"event_name":"Winding Halls","floor":44,"gold_loss":0,"cards_obtained":["Writhe"]},{"damage_healed":0,"gold_gain":0,"player_choice":"Paid","damage_taken":0,"relics_obtained":["Red Mask"],"max_hp_gain":0,"max_hp_loss":0,"event_name":"Tomb of Lord Red Mask","floor":46,"gold_loss":237}],"is_beta":false,"boss_relics":[{"not_picked":["Runic Dome","Philosopher\u0027s Stone"],"picked":"White Beast Statue"},{"not_picked":["Mark of Pain","Lizard Tail"],"picked":"Cursed Key"}],"items_purged_floors":[],"is_endless":false,"potions_floor_spawned":[3,6,14,18,20,20,21,23,25,28,31,33,35,38,41,45,47,48],"ascension_level":0}