{"gold_per_floor":[110,110,1,15,28,60,60,75,75,75,100,11,11,27,27,27],"floor_reached":16,"playtime":598,"items_purged":["Defend_R"],"score":110,"play_id":"f039f6c5-6d0e-4dd4-bc46-b49ef5d4b77e","local_time":"20181229211631","is_ascension_mode":false,"campfire_choices":[{"floor":7,"key":"REST"},{"data":"Inflame","floor":10,"key":"SMITH"},{"floor":15,"key":"REST"}],"neow_cost":"PERCENT_DAMAGE","seed_source_timestamp":37224679392021,"circlet_count":0,"master_deck":["Strike_R","Strike_R","Strike_R","Defend_R","Defend_R","Defend_R","Bash","Pommel Strike","Inflame+1","Thunderclap","Intimidate","Pommel Strike","Whirlwind+1","Carnage+1","Shrug It Off","Sword Boomerang+1"],"relics":["Burning Blood","Calipers","Molten Egg 2","Shuriken"],"potions_floor_usage":[],"damage_taken":[{"damage":0,"enemies":"2 Louse","floor":1,"turns":4},{"damage":6,"enemies":"Jaw Worm","floor":4,"turns":4},{"damage":1,"enemies":"Cultist","floor":5,"turns":3},{"damage":45,"enemies":"Lagavulin","floor":6,"turns":7},{"damage":4,"enemies":"2 Fungi Beasts","floor":8,"turns":4},{"damage":26,"enemies":"Gremlin Nob","floor":11,"turns":4},{"damage":15,"enemies":"Large Slime","floor":14,"turns":6},{"damage":51,"enemies":"Hexaghost","floor":16,"turns":9}],"seed_played":"-4355227709891058582","potions_obtained":[{"floor":5,"key":"Strength Potion"},{"floor":14,"key":"SteroidPotion"}],"is_trial":false,"path_per_floor":["M","?","$","M","M","E","R","M","T","R","E","$","?","M","R","B"],"character_chosen":"IRONCLAD","items_purchased":["Inflame","Carnage+1","Shrug It Off"],"campfire_rested":2,"item_purchase_floors":[3,12,12],"current_hp_per_floor":[62,62,62,62,67,28,52,54,54,54,34,34,34,25,49,0],"gold":27,"neow_bonus":"REMOVE_TWO","is_prod":false,"is_daily":false,"chose_seed":false,"campfire_upgraded":1,"win_rate":0,"timestamp":1546114591,"path_taken":["M","?","$","M","M","E","R","M","T","R","E","$","?","M","R","BOSS"],"build_version":"2018-12-20","purchased_purges":1,"victory":false,"max_hp_per_floor":[80,80,80,80,80,80,80,80,80,80,80,80,80,80,80,80],"card_choices":[{"not_picked":["Reckless Charge","Iron Wave"],"picked":"Pommel Strike","floor":1},{"not_picked":["True Grit","Wild Strike"],"picked":"Thunderclap","floor":4},{"not_picked":["Spot Weakness","Battle Trance"],"picked":"Intimidate","floor":5},{"not_picked":["Anger","Havoc","Rupture"],"picked":"SKIP","floor":6},{"not_picked":["Entrench","Warcry"],"picked":"Pommel Strike","floor":8},{"not_picked":["Perfected Strike+1","Fire Breathing"],"picked":"Whirlwind+1","floor":11},{"not_picked":["Warcry","Corruption"],"picked":"Sword Boomerang+1","floor":14}],"player_experience":77061,"relics_obtained":[{"floor":6,"key":"Calipers"},{"floor":9,"key":"Molten Egg 2"},{"floor":11,"key":"Shuriken"}],"event_choices":[{"damage_healed":0,"gold_gain":0,"player_choice":"Ignored","damage_taken":0,"max_hp_gain":0,"max_hp_loss":0,"event_name":"Golden Idol","floor":2,"gold_loss":0},{"damage_healed":0,"gold_gain":0,"player_choice":"Leave","damage_taken":0,"max_hp_gain":0,"max_hp_loss":0,"event_name":"The Cleric","floor":13,"gold_loss":0}],"is_beta":false,"boss_relics":[],"items_purged_floors":[3],"is_endless":false,"potions_floor_spawned":[5,14],"killed_by":"Hexaghost","ascension_level":0}