{"gold_per_floor":[113,288,363,378,395,395,423,423,479,479,514,39,314,345,345,443,443,458,37,53,79,97,130,140,173,249,249,319,332,332,367,367,462,462,479,496,121,343,360,360,394,394,394,409,434,453,488,506,506,506],"floor_reached":50,"playtime":3592,"items_purged":["Regret"],"score":657,"play_id":"e4878765-cf17-4fe6-8660-196b71423ab3","local_time":"20181116024310","is_ascension_mode":true,"campfire_choices":[{"data":"Footwork","floor":6.0,"key":"SMITH"},{"floor":8.0,"key":"REST"},{"data":"Bane","floor":10.0,"key":"SMITH"},{"floor":15,"key":"REST"},{"floor":27,"key":"REST"},{"data":"Venomology","floor":32,"key":"SMITH"},{"floor":40,"key":"REST"},{"data":"Bullet Time","floor":42,"key":"SMITH"},{"floor":49,"key":"REST"}],"neow_cost":"NONE","seed_source_timestamp":0,"circlet_count":0,"master_deck":["Defend_G","Defend_G","Defend_G","Defend_G","Defend_G","Strike_G","Strike_G","Strike_G","Strike_G","Strike_G","Survivor","Neutralize","Bane+1","Footwork+1","Outmaneuver","Venomology+1","A Thousand Cuts","Poisoned Stab","PiercingWail","Calculated Gamble","Bullet Time+1","Poisoned Stab","Quick Slash+1","Deadly Poison","Bane","Crippling Poison+1","Sucker Punch","Bouncing Flask","Cloak And Dagger+1","Skewer","Adrenaline","Dash+1","Acrobatics+1","Bouncing Flask","Quick Slash","Bane+1","Acrobatics","Dodge and Roll+1","Quick Slash+1","Escape Plan+1","Deflect+1"],"special_seed":0,"relics":["Ring of the Snake","PreservedInsect","Tiny Chest","Bronze Scales","Bottled Lightning","Bag of Marbles","Pocketwatch","White Beast Statue","Regal Pillow","Toy Ornithopter","Red Mask","Gremlin Horn","StoneCalendar","Mercury Hourglass","Letter Opener","Potion Belt","Shuriken","Matryoshka","Lantern","Toxic Egg 2","Orichalcum","Snake Skull","Pantograph"],"potions_floor_usage":[11,14,16,18,18,21,22,22,22,23,23,24,25,29,29,31,33,33,33,33,33,33,35,36,39,39,39,41,41,44,44,46,46,46,47,47,48,50,50],"damage_taken":[{"damage":0.0,"enemies":"Small Slimes","floor":1.0,"turns":3.0},{"damage":5.0,"enemies":"2 Louse","floor":4.0,"turns":3.0},{"damage":2.0,"enemies":"Cultist","floor":5.0,"turns":4.0},{"damage":26.0,"enemies":"Gremlin Nob","floor":7.0,"turns":5.0},{"damage":13,"enemies":"3 Sentries","floor":11,"turns":13},{"damage":4,"enemies":"Lagavulin","floor":14,"turns":7},{"damage":32,"enemies":"Hexaghost","floor":16,"turns":10},{"damage":16,"enemies":"Spheric Guardian","floor":18,"turns":6},{"damage":10,"enemies":"3 Byrds","floor":20,"turns":3},{"damage":9,"enemies":"Masked Bandits","floor":21,"turns":4},{"damage":16,"enemies":"Cultist and Chosen","floor":22,"turns":6},{"damage":20,"enemies":"Gremlin Leader","floor":23,"turns":5},{"damage":5,"enemies":"Snake Plant","floor":24,"turns":5},{"damage":9,"enemies":"Slavers","floor":25,"turns":5},{"damage":19,"enemies":"Shelled Parasite and Fungi","floor":29,"turns":4},{"damage":4,"enemies":"Gremlin Leader","floor":31,"turns":3},{"damage":23,"enemies":"Automaton","floor":33,"turns":8},{"damage":17,"enemies":"3 Darklings","floor":35,"turns":3},{"damage":11,"enemies":"Orb Walker","floor":36,"turns":3},{"damage":47,"enemies":"Transient","floor":39,"turns":5},{"damage":20,"enemies":"Nemesis","floor":41,"turns":5},{"damage":18,"enemies":"Sphere and 2 Shapes","floor":44,"turns":3},{"damage":7,"enemies":"Maw","floor":46,"turns":6},{"damage":12,"enemies":"Giant Head","floor":47,"turns":7},{"damage":24,"enemies":"Spire Growth","floor":48,"turns":4},{"damage":97,"enemies":"Awakened One","floor":50,"turns":13}],"seed_played":"-4543317293888977882","potions_obtained":[{"floor":0.0,"key":"AttackPotion"},{"floor":0.0,"key":"Poison Potion"},{"floor":0.0,"key":"GamblersBrew"},{"floor":4.0,"key":"Poison Potion"},{"floor":11,"key":"Ancient Potion"},{"floor":16,"key":"EssenceOfSteel"},{"floor":18,"key":"Dexterity Potion"},{"floor":20,"key":"AttackPotion"},{"floor":21,"key":"Explosive Potion"},{"floor":22,"key":"FairyPotion"},{"floor":23,"key":"SteroidPotion"},{"floor":24,"key":"GhostInAJar"},{"floor":25,"key":"LiquidBronze"},{"floor":29,"key":"SkillPotion"},{"floor":31,"key":"SpeedPotion"},{"floor":33,"key":"SkillPotion"},{"floor":35,"key":"SpeedPotion"},{"floor":36,"key":"FearPotion"},{"floor":39,"key":"SpeedPotion"},{"floor":41,"key":"Fire Potion"},{"floor":44,"key":"Fire Potion"},{"floor":46,"key":"GhostInAJar"},{"floor":47,"key":"AttackPotion"},{"floor":48,"key":"Fire Potion"}],"is_trial":false,"path_per_floor":["M","?","?","M","M","R","E","R","T","R","E","$","?","E","R","B",null,"M","$","M","?","M","E","M","E","T","R","T","M","?","E","R","B",null,"M","M","$","?","M","R","E","R","T","M","T","M","E","M","R","B"],"character_chosen":"THE_SILENT","items_purchased":["Bottled Lightning","Bag of Marbles","Poisoned Stab","PiercingWail","Regal Pillow","Toy Ornithopter","Shuriken","Bouncing Flask","Quick Slash"],"campfire_rested":5,"item_purchase_floors":[12,12,12,12,19,19,37,37,37],"current_hp_per_floor":[70,70,59,54,52,52,26,47,47,47,34,34,34,30,51,19,70,54,54,44,40,39,29,29,25,25,61,61,51,51,52,52,57,70,53,47,47,47,15,51,41,41,41,33,33,41,39,20,56,0],"gold":506,"neow_bonus":"THREE_SMALL_POTIONS","is_prod":false,"is_daily":false,"chose_seed":false,"campfire_upgraded":4,"win_rate":0,"timestamp":1542364990,"path_taken":["M","?","?","M","M","R","E","R","T","R","E","$","?","E","R","BOSS","M","$","?","?","M","E","M","E","T","R","?","M","?","E","R","BOSS","M","M","$","?","M","R","E","R","T","M","?","M","E","M","R","BOSS"],"build_version":"2018-11-15","purchased_purges":1,"victory":false,"max_hp_per_floor":[70,70,70,70,70,70,70,70,70,70,70,70,70,70,70,70,70,70,70,70,70,70,70,70,70,70,70,70,70,70,70,70,70,70,70,70,70,70,70,70,70,70,70,70,70,70,70,70,70,70],"card_choices":[{"not_picked":["Infinite Blades","Acrobatics"],"picked":"Bane","floor":1.0},{"not_picked":["Venomology","Sucker Punch"],"picked":"Footwork","floor":4.0},{"not_picked":["Predator","Backstab"],"picked":"Outmaneuver","floor":5.0},{"not_picked":["Acrobatics","Blade Dance"],"picked":"Venomology","floor":7.0},{"not_picked":["Underhanded Strike","Distraction"],"picked":"A Thousand Cuts","floor":11},{"not_picked":["Expertise","Dagger Throw"],"picked":"Calculated Gamble","floor":14},{"not_picked":["Die Die Die","Glass Knife"],"picked":"Bullet Time","floor":16},{"not_picked":["Dagger Spray","Eviscerate"],"picked":"Poisoned Stab","floor":18},{"not_picked":["PiercingWail","Dagger Throw"],"picked":"Quick Slash+1","floor":20},{"not_picked":["Calculated Gamble+1","Catalyst"],"picked":"Deadly Poison","floor":21},{"not_picked":["Sucker Punch","Blade Dance"],"picked":"Bane","floor":22},{"not_picked":["All Out Attack","Blade Dance"],"picked":"Crippling Poison+1","floor":23},{"not_picked":["Slice","Skewer"],"picked":"Sucker Punch","floor":24},{"not_picked":["Endless Agony","Footwork"],"picked":"Bouncing Flask","floor":25},{"not_picked":["Phantasmal Killer","Acrobatics"],"picked":"Cloak And Dagger+1","floor":29},{"not_picked":["Blade Dance","Slice"],"picked":"Skewer","floor":31},{"not_picked":["Unload","Grand Finale"],"picked":"Adrenaline","floor":33},{"not_picked":["Crippling Poison+1","Cloak And Dagger+1"],"picked":"Dash+1","floor":35},{"not_picked":["Accuracy","Sucker Punch+1"],"picked":"Acrobatics+1","floor":36},{"not_picked":["Caltrops","Quick Slash"],"picked":"Bane+1","floor":39},{"not_picked":["Sucker Punch","Storm of Steel"],"picked":"Acrobatics","floor":41},{"not_picked":["Slice","Deflect+1"],"picked":"Dodge and Roll+1","floor":44},{"not_picked":["Deflect+1","Cloak And Dagger+1"],"picked":"Quick Slash+1","floor":46},{"not_picked":["Bouncing Flask+1","Poisoned Stab"],"picked":"Escape Plan+1","floor":47},{"not_picked":["Quick Slash+1","Blade Dance+1"],"picked":"Deflect+1","floor":48}],"player_experience":65368,"relics_obtained":[{"floor":7.0,"key":"PreservedInsect"},{"floor":9.0,"key":"Tiny Chest"},{"floor":11,"key":"Bronze Scales"},{"floor":14,"key":"Pocketwatch"},{"floor":21,"key":"Red Mask"},{"floor":23,"key":"Gremlin Horn"},{"floor":25,"key":"StoneCalendar"},{"floor":26,"key":"Mercury Hourglass"},{"floor":28,"key":"Letter Opener"},{"floor":31,"key":"Potion Belt"},{"floor":41,"key":"Matryoshka"},{"floor":43,"key":"Lantern"},{"floor":43,"key":"Toxic Egg 2"},{"floor":45,"key":"Orichalcum"},{"floor":45,"key":"Snake Skull"},{"floor":47,"key":"Pantograph"}],"event_choices":[{"damage_healed":0.0,"max_hp_gain":0.0,"max_hp_loss":0.0,"gold_gain":175.0,"event_name":"Liars Game","player_choice":"AGREE","floor":2.0,"gold_loss":0.0,"damage_taken":0.0,"cards_obtained":["Doubt"]},{"damage_healed":0.0,"max_hp_gain":0.0,"max_hp_loss":0.0,"gold_gain":75.0,"event_name":"World of Goop","player_choice":"Gather Gold","floor":3.0,"gold_loss":0.0,"damage_taken":11.0},{"damage_healed":0,"gold_gain":275,"player_choice":"Desecrate","damage_taken":0,"max_hp_gain":0,"max_hp_loss":0,"event_name":"Golden Shrine","floor":13,"gold_loss":0,"cards_obtained":["Regret"]},{"damage_healed":0,"gold_gain":0,"player_choice":"Fought Bandits","damage_taken":0,"max_hp_gain":0,"max_hp_loss":0,"event_name":"Masked Bandits","floor":21,"gold_loss":0},{"cards_removed":["Doubt"],"damage_healed":0,"gold_gain":0,"player_choice":"Elegance","damage_taken":0,"max_hp_gain":0,"max_hp_loss":0,"event_name":"Back to Basics","floor":30,"gold_loss":0},{"damage_healed":0,"gold_gain":222,"player_choice":"Wore Mask","damage_taken":0,"max_hp_gain":0,"max_hp_loss":0,"event_name":"Tomb of Lord Red Mask","floor":38,"gold_loss":0}],"is_beta":false,"boss_relics":[{"not_picked":["Fusion Hammer","Snecko Eye"],"picked":"White Beast Statue"},{"not_picked":["Coffee Dripper","Runic Dome","Cursed Key"]}],"items_purged_floors":[19],"is_endless":false,"potions_floor_spawned":[4,11,16,18,20,21,22,23,24,25,29,31,33,35,36,39,41,44,46,47,48],"killed_by":"Awakened One","ascension_level":1}