{"gold_per_floor":[113,129,129,147,160,160,5,5,29,29,56,75,75,106,106,181,181,194,109,109,125,136,136,149,169,169,203,203,203,100,115,115,115],"floor_reached":33,"playtime":1733,"items_purged":["Strike_R","Strike_R"],"score":507,"play_id":"ed621170-0777-4107-bd10-0f33942eb704","local_time":"20190110150821","is_ascension_mode":true,"campfire_choices":[{"data":"Armaments","floor":6,"key":"SMITH"},{"data":"Spot Weakness","floor":10,"key":"SMITH"},{"floor":13,"key":"REST"},{"data":"Disarm","floor":15,"key":"SMITH"},{"floor":23,"key":"RECALL"},{"data":"Offering","floor":29,"key":"SMITH"},{"data":"Ghostly Armor","floor":32,"key":"SMITH"}],"neow_cost":"TEN_PERCENT_HP_LOSS","seed_source_timestamp":2905834153685236,"circlet_count":0,"master_deck":["AscendersBane","Strike_R","Strike_R+1","Strike_R","Defend_R+1","Defend_R","Defend_R","Defend_R","Bash","Shrug It Off","Uppercut+1","Armaments+1","Spot Weakness+1","Disarm+1","Reaper","Offering+1","Warcry+1","Battle Trance","Ghostly Armor+1"],"relics":["Burning Blood","Ginger","Oddly Smooth Stone","Smiling Mask","Omamori","Coffee Dripper","Bag of Preparation","Boot"],"potions_floor_usage":[14,14,24,24,31],"damage_taken":[{"damage":9,"enemies":"Jaw Worm","floor":1,"turns":5},{"damage":11,"enemies":"Small Slimes","floor":2,"turns":5},{"damage":4,"enemies":"Cultist","floor":4,"turns":3},{"damage":6,"enemies":"Blue Slaver","floor":5,"turns":5},{"damage":10,"enemies":"Exordium Thugs","floor":12,"turns":7},{"damage":35,"enemies":"Gremlin Nob","floor":14,"turns":6},{"damage":25,"enemies":"The Guardian","floor":16,"turns":12},{"damage":15,"enemies":"3 Byrds","floor":18,"turns":7},{"damage":27,"enemies":"Spheric Guardian","floor":21,"turns":9},{"damage":7,"enemies":"Centurion and Healer","floor":22,"turns":7},{"damage":33,"enemies":"Sentry and Sphere","floor":24,"turns":12},{"damage":16,"enemies":"Snecko","floor":25,"turns":6},{"damage":36,"enemies":"Book of Stabbing","floor":27,"turns":7},{"damage":29,"enemies":"3 Cultists","floor":31,"turns":6},{"damage":60,"enemies":"Automaton","floor":33,"turns":6}],"seed_played":"-1567267491558883995","potions_obtained":[{"floor":2,"key":"Weak Potion"},{"floor":4,"key":"Poison Potion"},{"floor":5,"key":"Block Potion"},{"floor":12,"key":"AttackPotion"},{"floor":18,"key":"Poison Potion"},{"floor":21,"key":"Weak Potion"},{"floor":22,"key":"Swift Potion"},{"floor":27,"key":"GamblersBrew"}],"is_trial":false,"path_per_floor":["M","M","?","M","M","R","$","?","T","R","T","M","R","E","R","B",null,"M","$","?","M","M","R","M","M","T","E","?","R","$","M","R","B"],"character_chosen":"IRONCLAD","items_purchased":["Spot Weakness","Battle Trance","SkillPotion"],"campfire_rested":1,"item_purchase_floors":[7,19,30],"current_hp_per_floor":[65,60,40,42,42,42,42,42,42,42,42,38,58,29,29,22,57,63,63,63,55,68,68,53,43,43,26,26,26,26,33,33,0],"gold":115,"neow_bonus":"ONE_RARE_RELIC","is_prod":false,"is_daily":false,"chose_seed":false,"campfire_upgraded":5,"win_rate":0,"timestamp":1547129301,"path_taken":["M","M","?","M","M","R","$","?","T","R","?","M","R","E","R","BOSS","M","$","?","M","?","R","M","M","T","E","?","R","?","M","R","BOSS"],"build_version":"2019-01-03v4","purchased_purges":2,"victory":false,"max_hp_per_floor":[68,68,68,68,68,68,68,68,68,68,68,68,68,68,68,68,68,68,68,68,68,68,68,68,68,68,68,68,68,68,68,68,68],"card_choices":[{"not_picked":["Heavy Blade","Flex"],"picked":"Shrug It Off","floor":1},{"not_picked":["Pommel Strike","Shockwave"],"picked":"Uppercut","floor":2},{"not_picked":["Thunderclap","Clothesline","Fire Breathing"],"picked":"SKIP","floor":4},{"not_picked":["Perfected Strike","Rupture"],"picked":"Armaments","floor":5},{"not_picked":["Thunderclap","Anger"],"picked":"Disarm","floor":12},{"not_picked":["Headbutt","Sword Boomerang"],"picked":"Reaper","floor":14},{"not_picked":["Reaper","Berserk"],"picked":"Offering","floor":16},{"not_picked":["Havoc","Cleave"],"picked":"Warcry","floor":18},{"not_picked":["Body Slam","Combust+1","Sentinel"],"picked":"SKIP","floor":21},{"not_picked":["Hemokinesis+1","Thunderclap","Body Slam"],"picked":"SKIP","floor":22},{"not_picked":["Flex","Reckless Charge","Havoc"],"picked":"SKIP","floor":24},{"not_picked":["Flex","Battle Trance","True Grit"],"picked":"SKIP","floor":25},{"not_picked":["Entrench","Perfected Strike","Combust"],"picked":"SKIP","floor":27},{"not_picked":["Inflame","Flame Barrier"],"picked":"Ghostly Armor","floor":31}],"player_experience":709386,"relics_obtained":[{"floor":9,"key":"Oddly Smooth Stone"},{"floor":11,"key":"Smiling Mask"},{"floor":14,"key":"Omamori"},{"floor":26,"key":"Bag of Preparation"},{"floor":27,"key":"Boot"}],"event_choices":[{"damage_healed":0,"gold_gain":0,"player_choice":"Entered Light","damage_taken":20,"max_hp_gain":0,"max_hp_loss":0,"event_name":"Shining Light","floor":3,"gold_loss":0,"cards_upgraded":["Defend_R","Strike_R"]},{"damage_healed":0,"gold_gain":0,"player_choice":"Grow","damage_taken":0,"max_hp_gain":0,"max_hp_loss":0,"event_name":"Living Wall","floor":8,"gold_loss":0,"cards_upgraded":["Uppercut"]},{"damage_healed":0,"gold_gain":0,"player_choice":"Ignored","damage_taken":0,"max_hp_gain":0,"max_hp_loss":0,"event_name":"N\u0027loth","floor":20,"gold_loss":0},{"damage_healed":0,"gold_gain":0,"player_choice":"Forge","damage_taken":0,"max_hp_gain":0,"max_hp_loss":0,"event_name":"Accursed Blacksmith","floor":28,"gold_loss":0,"cards_upgraded":["Warcry"]}],"is_beta":false,"boss_relics":[{"not_picked":["Lizard Tail","Eternal Feather"],"picked":"Coffee Dripper"}],"items_purged_floors":[7,30],"is_endless":false,"potions_floor_spawned":[2,4,5,12,18,21,22,27],"killed_by":"Automaton","ascension_level":18}