{"gold_per_floor":[119,119,137,212,212,212,222,222,222,240,21,21,21,21,21,124,124,139,159,159,13,25,25,36,36,62,62,112,112,31,49,49,148,198,213,45,145,0,0,32,32,43,43,43,43,43,56,72,72,72],"floor_reached":51,"playtime":4017,"items_purged":["Strike_G","Strike_G"],"score":686,"play_id":"6428d248-2b37-48d7-b2a9-40bd03caa012","local_time":"20181121232046","is_ascension_mode":false,"campfire_choices":[{"data":"Strike_G","floor":6.0,"key":"SMITH"},{"data":"Poisoned Stab","floor":8.0,"key":"SMITH"},{"data":"Terror","floor":15.0,"key":"SMITH"},{"data":"Caltrops","floor":23.0,"key":"SMITH"},{"floor":25.0,"key":"REST"},{"data":"Caltrops","floor":29.0,"key":"SMITH"},{"floor":32.0,"key":"REST"},{"floor":41,"key":"REST"},{"floor":49,"key":"REST"}],"neow_cost":"NONE","seed_source_timestamp":0,"circlet_count":0,"master_deck":["Defend_G","Defend_G","Defend_G","Defend_G","Defend_G","Strike_G+1","Strike_G","Strike_G+1","Survivor","Neutralize","Noxious Fumes+1","Poisoned Stab+1","Terror+1","Glass Knife","Bane","Caltrops+1","Caltrops+1","Noxious Fumes","Bane","Night Terror","Noxious Fumes","Flying Knee+1","Catalyst","Violence","Poisoned Stab+1","Bouncing Flask"],"special_seed":0,"relics":["Ring of the Snake","Mummified Hand","PreservedInsect","Paper Crane","Runic Pyramid","Pantograph","Oddly Smooth Stone","Dream Catcher","Tiny House","FossilizedHelix","Red Mask","Shovel","Blue Candle","Pear"],"potions_floor_usage":[42,48,50,50],"damage_taken":[{"damage":0.0,"enemies":"2 Louse","floor":1.0,"turns":3.0},{"damage":0.0,"enemies":"Small Slimes","floor":3.0,"turns":4.0},{"damage":0.0,"enemies":"Cultist","floor":7.0,"turns":4.0},{"damage":2.0,"enemies":"Blue Slaver","floor":10.0,"turns":4.0},{"damage":25.0,"enemies":"Slime Boss","floor":16.0,"turns":9.0},{"damage":0.0,"enemies":"Chosen","floor":18.0,"turns":4.0},{"damage":8.0,"enemies":"Spheric Guardian","floor":19.0,"turns":5.0},{"damage":0.0,"enemies":"Cultist and Chosen","floor":22.0,"turns":6.0},{"damage":28.0,"enemies":"3 Cultists","floor":24.0,"turns":7.0},{"damage":16.0,"enemies":"Sentry and Sphere","floor":31.0,"turns":5.0},{"damage":53.0,"enemies":"Collector","floor":33.0,"turns":9.0},{"damage":3,"enemies":"3 Shapes","floor":35,"turns":6},{"damage":18,"enemies":"Mind Bloom Boss Battle","floor":37,"turns":5},{"damage":22,"enemies":"Giant Head","floor":40,"turns":8},{"damage":1,"enemies":"Orb Walker","floor":42,"turns":3},{"damage":4,"enemies":"4 Shapes","floor":47,"turns":6},{"damage":21,"enemies":"3 Darklings","floor":48,"turns":4},{"damage":80,"enemies":"Time Eater","floor":50,"turns":11}],"seed_played":"208468303963105497","potions_obtained":[{"floor":1.0,"key":"Weak Potion"},{"floor":19.0,"key":"Fruit Juice"},{"floor":24.0,"key":"AttackPotion"},{"floor":31.0,"key":"EssenceOfSteel"},{"floor":34,"key":"GamblersBrew"},{"floor":37,"key":"Fire Potion"},{"floor":42,"key":"Poison Potion"},{"floor":47,"key":"Block Potion"},{"floor":48,"key":"FearPotion"}],"is_trial":false,"path_per_floor":["M","?","M","?","?","R","M","R","T","M","$","?","$","?","R","B",null,"M","M","T","$","M","R","M","R","T","$","?","R","$","M","R","B",null,"M","$","?","?","?","E","R","M","T","T","$","?","M","M","R","B",null],"character_chosen":"THE_SILENT","items_purchased":["PreservedInsect","Oddly Smooth Stone","Noxious Fumes","Noxious Fumes"],"campfire_rested":4,"item_purchase_floors":[11,21,30,36],"current_hp_per_floor":[77,77,77,66,66,66,66,66,66,64,64,69,69,69,69,44,82,82,74,74,74,74,74,51,77,77,77,77,77,77,61,87,34,92,89,89,74,74,74,52,79,78,78,88,88,88,84,63,93,22],"gold":72,"neow_bonus":"TEN_PERCENT_HP_BONUS","is_prod":false,"is_daily":false,"chose_seed":false,"campfire_upgraded":5,"win_rate":0.0,"timestamp":1542838846,"path_taken":["M","?","M","?","?","R","?","R","T","M","$","?","?","?","R","BOSS","M","M","?","$","M","R","M","R","T","$","?","R","$","?","R","BOSS","M","$","?","?","?","E","R","M","T","?","$","?","?","M","R","BOSS"],"build_version":"2018-11-15","purchased_purges":2,"victory":true,"max_hp_per_floor":[77,77,77,77,77,77,77,77,77,77,77,82,82,82,82,82,82,82,82,82,82,82,82,87,87,87,87,87,87,87,87,87,87,92,92,92,92,92,92,92,92,92,92,102,102,102,102,102,102,102],"card_choices":[{"not_picked":["Poisoned Stab","Dagger Spray"],"picked":"Noxious Fumes","floor":1.0},{"not_picked":["Underhanded Strike","Prepared","PiercingWail"],"picked":"SKIP","floor":3.0},{"not_picked":["Dagger Spray","Outmaneuver"],"picked":"Poisoned Stab","floor":7.0},{"not_picked":["Flying Knee","Choke"],"picked":"Terror","floor":10.0},{"not_picked":["Unload","Wraith Form v2"],"picked":"Glass Knife","floor":16.0},{"not_picked":["Blade Dance","Outmaneuver"],"picked":"Bane","floor":18.0},{"not_picked":["Outmaneuver","Heel Hook","Acrobatics"],"picked":"SKIP","floor":19.0},{"not_picked":["Skewer+1","Deflect"],"picked":"Caltrops","floor":22.0},{"not_picked":["Sucker Punch","Dagger Throw"],"picked":"Caltrops","floor":24.0},{"not_picked":["Underhanded Strike","Reflex","Acrobatics"],"picked":"SKIP","floor":31.0},{"not_picked":["Underhanded Strike","Dagger Spray"],"picked":"Bane","floor":32.0},{"not_picked":["Tools of the Trade","Malaise"],"picked":"Night Terror","floor":33.0},{"not_picked":["Finisher","Flechettes+1"],"picked":"Crippling Poison+1","floor":35},{"not_picked":["A Thousand Cuts","Riddle With Holes"],"picked":"Flying Knee+1","floor":40},{"not_picked":["Crippling Poison+1","Prepared"],"picked":"Catalyst","floor":41},{"not_picked":["Choke","Leg Sweep","Bane"],"picked":"SKIP","floor":42},{"not_picked":["Jack Of All Trades","Trip"],"picked":"Violence","floor":46},{"not_picked":["Acrobatics","Calculated Gamble+1","Dagger Spray"],"picked":"SKIP","floor":47},{"not_picked":["Escape Plan","Slice"],"picked":"Poisoned Stab+1","floor":48},{"not_picked":["Dodge and Roll+1","Underhanded Strike+1"],"picked":"Bouncing Flask","floor":49}],"player_experience":65358,"relics_obtained":[{"floor":9.0,"key":"Mummified Hand"},{"floor":20.0,"key":"Pantograph"},{"floor":26.0,"key":"Dream Catcher"},{"floor":37,"key":"FossilizedHelix"},{"floor":40,"key":"Shovel"},{"floor":43,"key":"Blue Candle"},{"floor":44,"key":"Pear"}],"event_choices":[{"damage_healed":0.0,"max_hp_gain":0.0,"max_hp_loss":0.0,"gold_gain":0.0,"event_name":"The Cleric","player_choice":"Leave","floor":2.0,"gold_loss":0.0,"damage_taken":0.0},{"damage_healed":0.0,"max_hp_gain":0.0,"max_hp_loss":0.0,"gold_gain":75.0,"event_name":"World of Goop","player_choice":"Gather Gold","floor":4.0,"gold_loss":0.0,"damage_taken":11.0},{"damage_healed":0.0,"max_hp_gain":0.0,"max_hp_loss":0.0,"gold_gain":0.0,"event_name":"Accursed Blacksmith","player_choice":"Forge","floor":5.0,"gold_loss":0.0,"damage_taken":0.0,"cards_upgraded":["Noxious Fumes"]},{"damage_healed":0.0,"max_hp_gain":5.0,"max_hp_loss":0.0,"gold_gain":0.0,"event_name":"Big Fish","player_choice":"Donut","floor":12.0,"gold_loss":0.0,"damage_taken":0.0},{"damage_healed":0.0,"max_hp_gain":0.0,"max_hp_loss":0.0,"gold_gain":0.0,"event_name":"WeMeetAgain","player_choice":"Gave Potion","floor":14.0,"gold_loss":0.0,"damage_taken":0.0,"relics_obtained":["Paper Crane"]},{"damage_healed":0.0,"max_hp_gain":0.0,"max_hp_loss":0.0,"gold_gain":100.0,"event_name":"The Joust","player_choice":"Bet on Murderer","floor":28.0,"gold_loss":50.0,"damage_taken":0.0},{"damage_healed":0,"gold_gain":0,"player_choice":"Fight","damage_taken":0,"max_hp_gain":0,"max_hp_loss":0,"event_name":"MindBloom","floor":37,"gold_loss":0},{"damage_healed":0,"gold_gain":0,"player_choice":"Paid","damage_taken":0,"relics_obtained":["Red Mask"],"max_hp_gain":0,"max_hp_loss":0,"event_name":"Tomb of Lord Red Mask","floor":38,"gold_loss":145},{"cards_removed":["Crippling Poison"],"damage_healed":0,"gold_gain":0,"player_choice":"Removed Skill","damage_taken":0,"max_hp_gain":0,"max_hp_loss":0,"event_name":"Falling","floor":39,"gold_loss":0},{"damage_healed":0,"gold_gain":0,"player_choice":"Memory 1","damage_taken":0,"max_hp_gain":0,"max_hp_loss":0,"event_name":"SensoryStone","floor":46,"gold_loss":0}],"is_beta":false,"boss_relics":[{"not_picked":["Velvet Choker","Runic Dome"],"picked":"Runic Pyramid"},{"not_picked":["Fusion Hammer","HoveringKite"],"picked":"Tiny House"}],"items_purged_floors":[11,36],"is_endless":false,"potions_floor_spawned":[1,19,24,31,37,42,47,48],"ascension_level":0}