{"gold_per_floor":[10,10,10,29,42,42,54,54,81,111,111,36,53,63,63,158,208,218,118,94,94,110,138,138,138,185,285,14,32,59,72,72,72],"floor_reached":33,"playtime":848,"items_purged":["Strike_R","Bash","Strike_R"],"score":285,"play_id":"f081923f-63f2-43ab-a3ba-0a44c4ba4406","local_time":"20190120211542","is_ascension_mode":false,"campfire_choices":[{"data":"Cleave","floor":6,"key":"SMITH"},{"data":"Thunderclap","floor":8,"key":"SMITH"},{"floor":11,"key":"REST"},{"data":"Spot Weakness","floor":15,"key":"SMITH"},{"data":"Sword Boomerang","floor":25,"key":"SMITH"},{"data":"Sword Boomerang","floor":32,"key":"SMITH"}],"neow_cost":"NO_GOLD","seed_source_timestamp":98775070933305,"circlet_count":0,"master_deck":["Defend_R","Defend_R","Defend_R+1","Cleave+1","Thunderclap+1","Spot Weakness+1","Offering","Pummel","Sword Boomerang+1","Sword Boomerang+1"],"relics":["Burning Blood","Ancient Tea Set","PreservedInsect","Tiny House","Mercury Hourglass","Orichalcum","Dream Catcher","Peace Pipe","Bottled Flame","Bag of Preparation","Question Card"],"potions_floor_usage":[17],"damage_taken":[{"damage":4,"enemies":"2 Louse","floor":1,"turns":4},{"damage":0,"enemies":"Small Slimes","floor":4,"turns":3},{"damage":1,"enemies":"Cultist","floor":5,"turns":3},{"damage":3,"enemies":"Exordium Wildlife","floor":7,"turns":3},{"damage":35,"enemies":"3 Sentries","floor":10,"turns":5},{"damage":8,"enemies":"Red Slaver","floor":13,"turns":2},{"damage":10,"enemies":"Looter","floor":14,"turns":3},{"damage":25,"enemies":"Slime Boss","floor":16,"turns":10},{"damage":8,"enemies":"3 Byrds","floor":18,"turns":2},{"damage":11,"enemies":"Shell Parasite","floor":22,"turns":3},{"damage":18,"enemies":"Slavers","floor":23,"turns":2},{"damage":12,"enemies":"Colosseum Slavers","floor":27,"turns":2},{"damage":0,"enemies":"Colosseum Nobs","floor":27,"turns":2},{"damage":6,"enemies":"Shelled Parasite and Fungi","floor":29,"turns":1},{"damage":20,"enemies":"Book of Stabbing","floor":30,"turns":3},{"damage":8,"enemies":"Chosen and Byrds","floor":31,"turns":2},{"damage":65,"enemies":"Champ","floor":33,"turns":6}],"seed_played":"4234576628995455674","potions_obtained":[{"floor":10,"key":"Explosive Potion"},{"floor":16,"key":"Fruit Juice"},{"floor":17,"key":"Strength Potion"},{"floor":23,"key":"Fire Potion"},{"floor":29,"key":"Strength Potion"}],"is_trial":false,"path_per_floor":["M","?","?","M","M","R","M","R","T","E","R","$","M","M","R","B",null,"M","$","$","?","M","E","?","R","T","?","$","M","E","M","R","B"],"character_chosen":"IRONCLAD","items_purchased":["Sword Boomerang","Bag of Preparation"],"campfire_rested":1,"item_purchase_floors":[20,28],"current_hp_per_floor":[80,80,80,80,80,80,80,80,80,51,75,75,73,69,69,50,90,88,88,88,88,83,71,71,71,71,71,71,71,57,55,55,0],"gold":72,"neow_bonus":"REMOVE_TWO","is_prod":false,"is_daily":false,"chose_seed":false,"campfire_upgraded":5,"win_rate":0,"timestamp":1548031542,"path_taken":["M","?","?","M","M","R","M","R","T","E","R","$","M","M","R","BOSS","M","?","$","?","?","E","?","R","T","?","?","?","E","M","R","BOSS"],"build_version":"2019-01-17v2","purchased_purges":3,"victory":false,"max_hp_per_floor":[80,80,80,80,80,80,80,80,80,80,80,80,80,80,80,80,90,90,90,90,90,90,90,90,90,90,90,90,90,90,90,90,90],"card_choices":[{"not_picked":["Clothesline","Uppercut"],"picked":"Cleave","floor":1},{"not_picked":["Body Slam","Warcry"],"picked":"Thunderclap","floor":4},{"not_picked":["Thunderclap","Anger","Clothesline"],"picked":"SKIP","floor":5},{"not_picked":["Intimidate","Heavy Blade","Evolve"],"picked":"SKIP","floor":7},{"not_picked":["Power Through","Searing Blow","Carnage"],"picked":"SKIP","floor":10},{"not_picked":["Warcry","Anger","Wild Strike"],"picked":"SKIP","floor":13},{"not_picked":["Clash","Blood for Blood"],"picked":"Spot Weakness","floor":14},{"not_picked":["Dark Embrace","Bludgeon"],"picked":"Offering","floor":16},{"not_picked":["Pommel Strike","Entrench"],"picked":"Pummel","floor":17},{"not_picked":["True Grit","Body Slam","Ghostly Armor"],"picked":"SKIP","floor":18},{"not_picked":["Sentinel","Reckless Charge","Armaments+1"],"picked":"SKIP","floor":22},{"not_picked":["Heavy Blade","Shrug It Off"],"picked":"Sword Boomerang","floor":23},{"not_picked":["Fire Breathing","Rampage","Thunderclap"],"picked":"SKIP","floor":29},{"not_picked":["Havoc","Intimidate","Shrug It Off"],"picked":"SKIP","floor":30},{"not_picked":["Pommel Strike","Sword Boomerang","Thunderclap","Exhume"],"picked":"SKIP","floor":31}],"player_experience":202785,"relics_obtained":[{"floor":9,"key":"Ancient Tea Set"},{"floor":10,"key":"PreservedInsect"},{"floor":23,"key":"Orichalcum"},{"floor":26,"key":"Dream Catcher"},{"floor":27,"key":"Peace Pipe"},{"floor":27,"key":"Bottled Flame"},{"floor":30,"key":"Question Card"}],"event_choices":[{"cards_removed":["Strike_R"],"damage_healed":0,"gold_gain":0,"player_choice":"Forget","damage_taken":0,"max_hp_gain":0,"max_hp_loss":0,"event_name":"Living Wall","floor":2,"gold_loss":0},{"damage_healed":0,"gold_gain":0,"player_choice":"0 cards matched","damage_taken":0,"max_hp_gain":0,"max_hp_loss":0,"event_name":"Match and Keep!","floor":3,"gold_loss":0,"cards_obtained":[]},{"damage_healed":0,"gold_gain":0,"player_choice":"Gave Potion","damage_taken":0,"relics_obtained":["Mercury Hourglass"],"max_hp_gain":0,"max_hp_loss":0,"event_name":"WeMeetAgain","floor":21,"gold_loss":0},{"cards_removed":["Strike_R"],"damage_healed":0,"gold_gain":0,"player_choice":"Elegance","damage_taken":0,"max_hp_gain":0,"max_hp_loss":0,"event_name":"Back to Basics","floor":24,"gold_loss":0},{"damage_healed":0,"gold_gain":0,"player_choice":"Fight","damage_taken":0,"max_hp_gain":0,"max_hp_loss":0,"event_name":"Colosseum","floor":27,"gold_loss":0},{"damage_healed":0,"gold_gain":0,"player_choice":"Fought Nobs","damage_taken":0,"max_hp_gain":0,"max_hp_loss":0,"event_name":"Colosseum","floor":27,"gold_loss":0}],"is_beta":false,"boss_relics":[{"not_picked":["Fusion Hammer","Velvet Choker"],"picked":"Tiny House"}],"items_purged_floors":[12,19,28],"is_endless":false,"potions_floor_spawned":[10,16,23,27,29,31],"killed_by":"Champ","ascension_level":0}