{"gold_per_floor":[113,128,128,228,228,228,303,303,303,314,314,339,65,78,78,183,183,197,197,212,30,48,48,67,99,99,99,99,99,99,110,110,110],"floor_reached":33,"playtime":1426,"items_purged":["Strike_B"],"score":302,"play_id":"e14f1a44-558a-417d-b21a-9c237ab931c0","local_time":"20180827192446","is_ascension_mode":true,"campfire_choices":[{"data":"Conserve Battery","floor":6,"key":"SMITH"},{"data":"Loop","floor":8,"key":"SMITH"},{"data":"BootSequence","floor":11,"key":"SMITH"},{"floor":15,"key":"REST"},{"floor":23,"key":"REST"},{"floor":27,"key":"REST"},{"data":"Leap","floor":30,"key":"SMITH"},{"floor":32,"key":"REST"}],"neow_cost":"NONE","seed_source_timestamp":988496546240626,"circlet_count":0,"master_deck":["Strike_B","Strike_B","Defend_B","Defend_B","Defend_B","Defend_B","Zap+1","Dualcast","Loop+1","Conserve Battery+1","BootSequence+1","Streamline","Hyperbeam","Leap+1","Loop+1","Apotheosis+1","Hologram+1","Self Repair"],"relics":["Cracked Core","Incense Burner","Letter Opener","ClockworkSouvenir","Nuclear Battery","Bottled Tornado","Turnip"],"potions_floor_usage":[25,25,25],"damage_taken":[{"damage":2,"enemies":"Jaw Worm","floor":1,"turns":4},{"damage":0,"enemies":"Small Slimes","floor":2,"turns":4},{"damage":0,"enemies":"Cultist","floor":10,"turns":3},{"damage":20,"enemies":"3 Sentries","floor":12,"turns":7},{"damage":0,"enemies":"Large Slime","floor":14,"turns":5},{"damage":12,"enemies":"The Guardian","floor":16,"turns":10},{"damage":30,"enemies":"3 Byrds","floor":18,"turns":4},{"damage":0,"enemies":"Chosen","floor":20,"turns":5},{"damage":11,"enemies":"Snake Plant","floor":22,"turns":4},{"damage":18,"enemies":"Shelled Parasite and Fungi","floor":24,"turns":5},{"damage":6,"enemies":"Book of Stabbing","floor":25,"turns":6},{"damage":0,"enemies":"Colosseum Slavers","floor":29,"turns":4},{"damage":2,"enemies":"Chosen and Byrds","floor":31,"turns":6},{"damage":83,"enemies":"Automaton","floor":33,"turns":10}],"seed_played":"-7480878164539408367","potions_obtained":[{"floor":1,"key":"FocusPotion"},{"floor":10,"key":"EssenceOfSteel"},{"floor":12,"key":"FearPotion"},{"floor":18,"key":"Weak Potion"},{"floor":31,"key":"Strength Potion"}],"is_trial":false,"path_per_floor":["M","M","?","?","?","R","?","R","T","M","R","E","$","M","R","B",null,"M","?","M","$","M","R","M","E","T","R","?","?","R","M","R"],"character_chosen":"DEFECT","items_purchased":["ClockworkSouvenir","Apotheosis"],"campfire_rested":4,"item_purchase_floors":[13,21],"current_hp_per_floor":[73,73,73,73,73,73,66,66,66,66,66,46,46,46,68,56,75,45,45,45,45,34,56,38,32,32,54,54,54,54,52,74,0],"gold":110,"neow_bonus":"REMOVE_CARD","is_prod":false,"is_daily":false,"chose_seed":false,"campfire_upgraded":4,"win_rate":0,"timestamp":1535369086,"path_taken":["M","M","?","?","?","R","?","R","T","M","R","E","$","M","R","BOSS","M","?","M","$","M","R","M","E","T","R","?","?","R","M","R","BOSS"],"build_version":"2018-08-23v2","purchased_purges":1,"victory":false,"max_hp_per_floor":[75,75,75,75,75,75,75,75,75,75,75,75,75,75,75,75,75,75,75,75,75,75,75,75,75,75,75,75,75,75,75,75,75],"card_choices":[{"not_picked":["Tempest","Hologram"],"picked":"Loop","floor":1},{"not_picked":["Hologram","Go for the Eyes"],"picked":"Conserve Battery","floor":2},{"not_picked":["Chaos","Beam Cell"],"picked":"BootSequence","floor":10},{"not_picked":["Scrape","Coolheaded"],"picked":"Streamline","floor":12},{"not_picked":["Steam Power","Cold Snap","BootSequence"],"picked":"SKIP","floor":14},{"not_picked":["Creative AI","Biased Cognition"],"picked":"Hyperbeam","floor":16},{"not_picked":["Cold Snap","Reinforced Body"],"picked":"Leap","floor":18},{"not_picked":["Static Discharge+1","Sunder","Undo"],"picked":"SKIP","floor":20},{"not_picked":["Rebound","Streamline","Turbo"],"picked":"SKIP","floor":22},{"not_picked":["Rebound","Gash"],"picked":"Hologram+1","floor":24},{"not_picked":["Lockon","Barrage","Double Energy"],"picked":"SKIP","floor":25},{"not_picked":["Sunder","Leap"],"picked":"Self Repair","floor":31}],"player_experience":307605,"relics_obtained":[{"floor":9,"key":"Incense Burner"},{"floor":12,"key":"Letter Opener"},{"floor":25,"key":"Bottled Tornado"},{"floor":26,"key":"Turnip"}],"event_choices":[{"event_name":"Living Wall","player_choice":"Grow","floor":3,"damage_taken":0},{"event_name":"Golden Shrine","player_choice":"Pray","floor":4,"damage_taken":0},{"event_name":"Liars Game","player_choice":"disagreed","floor":5,"damage_taken":0},{"event_name":"FaceTrader","player_choice":"Touch","floor":7,"damage_taken":0},{"event_name":"Duplicator","player_choice":"One dupe","floor":19,"damage_taken":0},{"event_name":"Accursed Blacksmith","player_choice":"Forge","floor":28,"damage_taken":0},{"event_name":"Colosseum","player_choice":"Fight","floor":29,"damage_taken":0},{"event_name":"Colosseum","player_choice":"Fled From Nobs","floor":29,"damage_taken":0}],"is_beta":false,"boss_relics":[{"not_picked":["White Beast Statue","Inserter"],"picked":"Nuclear Battery"}],"items_purged_floors":[13],"is_endless":false,"potions_floor_spawned":[1,10,12,18,20,31],"killed_by":"Automaton","ascension_level":3}