{"gold_per_floor":[109,119,119,138,138,167,187,216,216,230,230,204,204],"floor_reached":13,"playtime":2322,"items_purged":[],"score":120,"play_id":"a173d46a-4bae-4eb8-b715-658f075e4eaa","local_time":"20190202144304","is_ascension_mode":false,"campfire_choices":[],"neow_cost":"PERCENT_DAMAGE","seed_source_timestamp":1713940226665777,"circlet_count":0,"master_deck":["Defend_G","Defend_G","Defend_G","Defend_G","Defend_G","Strike_G","Strike_G","Strike_G","Strike_G","Strike_G","Neutralize","Cloak And Dagger","Terror","Infinite Blades","Heel Hook","Choke","Accuracy","Caltrops","Caltrops"],"relics":["Ring of the Snake","Calipers","Pear","Question Card","Matryoshka","Dream Catcher"],"potions_floor_usage":[6,10],"damage_taken":[{"damage":0,"enemies":"Small Slimes","floor":1,"turns":5},{"damage":0,"enemies":"Jaw Worm","floor":2,"turns":5},{"damage":0,"enemies":"2 Louse","floor":4,"turns":3},{"damage":20,"enemies":"Gremlin Nob","floor":6,"turns":4},{"damage":16,"enemies":"Lots of Slimes","floor":7,"turns":5},{"damage":11,"enemies":"Lagavulin","floor":8,"turns":6},{"damage":4,"enemies":"Large Slime","floor":10,"turns":6},{"damage":17,"enemies":"Gremlin Gang","floor":13,"turns":3}],"seed_played":"2707407032838069996","potions_obtained":[{"floor":2,"key":"Regen Potion"},{"floor":6,"key":"Strength Potion"},{"floor":10,"key":"Poison Potion"}],"is_trial":false,"path_per_floor":["M","M","?","M","?","E","M","E","T","M","?","?","M"],"character_chosen":"THE_SILENT","items_purchased":[],"campfire_rested":0,"item_purchase_floors":[],"current_hp_per_floor":[49,49,54,54,54,49,33,22,22,18,15,15,0],"gold":204,"neow_bonus":"ONE_RARE_RELIC","is_prod":false,"is_daily":false,"chose_seed":false,"campfire_upgraded":0,"win_rate":0.0,"timestamp":1549114984,"path_taken":["M","M","?","M","?","E","M","E","T","M","?","?","M"],"build_version":"2019-01-23","purchased_purges":0,"victory":false,"max_hp_per_floor":[70,70,75,75,75,85,85,85,85,85,85,85,85],"card_choices":[{"not_picked":["Deflect","Backflip"],"picked":"Cloak And Dagger","floor":1},{"not_picked":["Underhanded Strike","Deflect"],"picked":"Terror","floor":2},{"not_picked":["Crippling Poison","Leg Sweep"],"picked":"Infinite Blades","floor":4},{"not_picked":["Dagger Spray","Terror"],"picked":"Choke","floor":6},{"not_picked":["PiercingWail","Flying Knee"],"picked":"Accuracy","floor":7},{"not_picked":["All Out Attack","Doppelganger"],"picked":"Caltrops","floor":8},{"not_picked":["Bouncing Flask","Underhanded Strike","Outmaneuver"],"picked":"Caltrops","floor":10}],"player_experience":83558,"relics_obtained":[{"floor":6,"key":"Pear"},{"floor":8,"key":"Question Card"},{"floor":9,"key":"Matryoshka"}],"event_choices":[{"damage_healed":0,"gold_gain":0,"player_choice":"Donut","damage_taken":0,"max_hp_gain":5,"max_hp_loss":0,"event_name":"Big Fish","floor":3,"gold_loss":0},{"damage_healed":0,"gold_gain":0,"cards_transformed":["Survivor"],"player_choice":"Change","damage_taken":0,"max_hp_gain":0,"max_hp_loss":0,"event_name":"Living Wall","floor":5,"gold_loss":0,"cards_obtained":["Heel Hook"]},{"damage_healed":0,"gold_gain":0,"player_choice":"Success","damage_taken":3,"relics_obtained":["Dream Catcher"],"max_hp_gain":0,"max_hp_loss":0,"event_name":"Scrap Ooze","floor":11,"gold_loss":0},{"damage_healed":0,"gold_gain":0,"player_choice":"Left Gold","damage_taken":0,"max_hp_gain":0,"max_hp_loss":0,"event_name":"World of Goop","floor":12,"gold_loss":26}],"is_beta":false,"boss_relics":[],"items_purged_floors":[],"is_endless":false,"potions_floor_spawned":[2,6,10],"killed_by":"Gremlin Gang","ascension_level":0}