{"gold_per_floor":[116,41,59,59,9,34,45,45,45,61,61,88,88,98,98,98],"floor_reached":16,"playtime":653,"items_purged":["Strike_R"],"score":110,"play_id":"fde3e87c-7920-45cf-856d-98debd3fa54b","local_time":"20180722220050","is_ascension_mode":false,"campfire_choices":[{"data":"1","floor":8,"key":"LIFT"},{"floor":11,"key":"REST"},{"floor":13,"key":"REST"},{"floor":15,"key":"REST"}],"neow_cost":"NONE","seed_source_timestamp":643428219466084,"circlet_count":0,"master_deck":["Strike_R","Strike_R","Strike_R","Strike_R","Defend_R","Defend_R","Defend_R","Defend_R","Bash","Rampage","Flex","Heavy Blade","Cleave"],"relics":["Burning Blood","Girya","Frozen Egg 2","Nunchaku"],"potions_floor_usage":[16,16,16],"damage_taken":[{"damage":0,"enemies":"Small Slimes","floor":1,"turns":3},{"damage":1,"enemies":"Cultist","floor":3,"turns":3},{"damage":60,"enemies":"Lagavulin","floor":6,"turns":10},{"damage":1,"enemies":"Jaw Worm","floor":7,"turns":4},{"damage":13,"enemies":"Blue Slaver","floor":10,"turns":5},{"damage":31,"enemies":"3 Sentries","floor":12,"turns":10},{"damage":9,"enemies":"2 Fungi Beasts","floor":14,"turns":3},{"damage":71,"enemies":"The Guardian","floor":16,"turns":10}],"seed_played":"-880437312944355164","potions_obtained":[{"floor":1,"key":"Poison Potion"},{"floor":6,"key":"FearPotion"},{"floor":12,"key":"Strength Potion"}],"is_trial":false,"path_per_floor":["M","$","M","?","$","E","M","R","T","M","R","E","R","M","R"],"character_chosen":"IRONCLAD","items_purchased":["Flex"],"campfire_rested":3,"item_purchase_floors":[5],"current_hp_per_floor":[80,80,80,80,80,26,31,31,31,24,48,23,47,44,68,0],"gold":98,"neow_bonus":"THREE_CARDS","is_prod":false,"is_daily":false,"chose_seed":false,"campfire_upgraded":0,"win_rate":0.0,"timestamp":1532268050,"path_taken":["M","$","M","?","$","E","M","R","T","M","R","E","R","M","R","BOSS"],"build_version":"2018-07-19v2","purchased_purges":1,"victory":false,"max_hp_per_floor":[80,80,80,80,80,80,80,80,80,80,80,80,80,80,80,80],"card_choices":[{"not_picked":["Wild Strike","Disarm"],"picked":"Rampage","floor":1},{"not_picked":["Intimidate","Pummel","Havoc"],"picked":"SKIP","floor":3},{"not_picked":["Wild Strike","Clothesline","Flex"],"picked":"SKIP","floor":6},{"not_picked":["Combust","Clothesline","Headbutt"],"picked":"SKIP","floor":7},{"not_picked":["Flex","Combust+1"],"picked":"Heavy Blade","floor":10},{"not_picked":["Evolve+1","Rage"],"picked":"Cleave","floor":12},{"not_picked":["Burning Pact","Feel No Pain+1","Armaments"],"picked":"SKIP","floor":14}],"player_experience":59559,"relics_obtained":[{"floor":6,"key":"Girya"},{"floor":9,"key":"Frozen Egg 2"},{"floor":12,"key":"Nunchaku"}],"event_choices":[{"event_name":"Match and Keep!","player_choice":"0 cards matched","floor":4,"damage_taken":0}],"is_beta":false,"boss_relics":[],"items_purged_floors":[2],"is_endless":false,"potions_floor_spawned":[1,6,12],"killed_by":"The Guardian","ascension_level":0}