{"gold_per_floor":[118,118,136,156,226,226,237,263,290,321,11,11,29,29,29,129,129,143,68,68,68,82,82,99,112,112,125,156,156,191,203,203,203],"floor_reached":33,"playtime":1315,"items_purged":["Strike_B"],"score":322,"play_id":"9ecd77c7-42f8-41d6-be4e-192050f99db5","local_time":"20190111022747","is_ascension_mode":false,"campfire_choices":[{"floor":6,"key":"REST"},{"floor":15,"key":"REST"},{"data":"Genetic Algorithm","floor":23,"key":"SMITH"},{"floor":32,"key":"REST"}],"neow_cost":"NONE","seed_source_timestamp":50430095394458,"circlet_count":0,"master_deck":["Defend_B","Defend_B","Defend_B","Defend_B","Zap","Dualcast","Echo Form","Sweeping Beam","Lockon","Go for the Eyes","Auto Shields","Redo","Ball Lightning","Steam","Electrodynamics","Defragment+1","Bite","Bite","Bite","Bite","Bite","Genetic Algorithm+1","Go for the Eyes","Sweeping Beam","Tempest+1","Rip and Tear+1","Gash","Zap","BootSequence","Lockon"],"relics":["Cracked Core","Mummified Hand","DataDisk","Art of War","Pocketwatch","Bag of Marbles","Philosopher\u0027s Stone","Bottled Lightning","Turnip","Smiling Mask"],"potions_floor_usage":[16,28,33],"damage_taken":[{"damage":11,"enemies":"Jaw Worm","floor":1,"turns":4},{"damage":4,"enemies":"Cultist","floor":3,"turns":5},{"damage":7,"enemies":"2 Louse","floor":4,"turns":3},{"damage":7,"enemies":"2 Fungi Beasts","floor":7,"turns":3},{"damage":37,"enemies":"Gremlin Nob","floor":8,"turns":5},{"damage":21,"enemies":"3 Sentries","floor":10,"turns":5},{"damage":4,"enemies":"Red Slaver","floor":13,"turns":2},{"damage":3,"enemies":"Slime Boss","floor":16,"turns":8},{"damage":6,"enemies":"Spheric Guardian","floor":18,"turns":5},{"damage":2,"enemies":"Shell Parasite","floor":22,"turns":3},{"damage":23,"enemies":"Snecko","floor":24,"turns":5},{"damage":7,"enemies":"3 Cultists","floor":25,"turns":4},{"damage":4,"enemies":"Chosen and Byrds","floor":27,"turns":4},{"damage":15,"enemies":"Book of Stabbing","floor":28,"turns":5},{"damage":45,"enemies":"Slavers","floor":30,"turns":4},{"damage":1,"enemies":"Snake Plant","floor":31,"turns":3},{"damage":84,"enemies":"Automaton","floor":33,"turns":6}],"seed_played":"2206935142586137368","potions_obtained":[{"floor":4,"key":"GamblersBrew"},{"floor":10,"key":"SkillPotion"},{"floor":13,"key":"Dexterity Potion"},{"floor":22,"key":"SkillPotion"}],"is_trial":false,"path_per_floor":["M","?","M","M","T","R","M","E","T","E","$","?","M","?","R","B",null,"M","$","?","?","M","R","M","M","T","M","E","?","E","M","R","B"],"character_chosen":"DEFECT","items_purchased":["Blood Vial","Bag of Marbles"],"campfire_rested":3,"item_purchase_floors":[11,11],"current_hp_per_floor":[64,64,60,53,53,75,68,31,31,10,10,10,8,8,30,29,75,69,69,69,69,71,71,56,59,59,65,58,58,21,26,48,0],"gold":203,"neow_bonus":"ONE_RANDOM_RARE_CARD","is_prod":false,"is_daily":false,"chose_seed":false,"campfire_upgraded":1,"win_rate":0.0,"timestamp":1547170067,"path_taken":["M","?","?","M","?","R","M","E","T","E","$","?","M","?","R","BOSS","M","$","?","?","M","R","M","M","T","M","E","?","E","M","R","BOSS"],"build_version":"2019-01-03v4","purchased_purges":1,"victory":false,"max_hp_per_floor":[75,75,75,75,75,75,75,75,75,75,75,75,75,75,75,75,75,75,75,75,75,75,75,75,75,75,75,75,75,75,75,75,75],"card_choices":[{"not_picked":["Aggregate","Fusion"],"picked":"Sweeping Beam","floor":1},{"not_picked":["Static Discharge","Storm"],"picked":"Lockon","floor":3},{"not_picked":["Stack","Compile Driver"],"picked":"Go for the Eyes","floor":4},{"not_picked":["Rebound","Conserve Battery"],"picked":"Auto Shields","floor":7},{"not_picked":["Biased Cognition","Reinforced Body"],"picked":"Redo","floor":8},{"not_picked":["Gash","Hologram"],"picked":"Ball Lightning","floor":10},{"not_picked":["White Noise","Compile Driver"],"picked":"Steam","floor":13},{"not_picked":["Biased Cognition","Echo Form"],"picked":"Electrodynamics","floor":16},{"not_picked":["Turbo","Reinforced Body"],"picked":"Defragment+1","floor":18},{"not_picked":["Conserve Battery+1","Streamline"],"picked":"Genetic Algorithm","floor":22},{"not_picked":["Hello World","Blizzard"],"picked":"Go for the Eyes","floor":24},{"not_picked":["Steam","Streamline"],"picked":"Sweeping Beam","floor":25},{"not_picked":["Multi-Cast","Beam Cell"],"picked":"Tempest+1","floor":27},{"not_picked":["Compile Driver","Conserve Battery"],"picked":"Rip and Tear+1","floor":28},{"not_picked":["Chill","Lockon"],"picked":"BootSequence","floor":30},{"not_picked":["Reprogram+1","Cold Snap"],"picked":"Lockon","floor":31}],"player_experience":389753,"relics_obtained":[{"floor":5,"key":"Mummified Hand"},{"floor":8,"key":"DataDisk"},{"floor":9,"key":"Art of War"},{"floor":10,"key":"Pocketwatch"},{"floor":26,"key":"Bottled Lightning"},{"floor":28,"key":"Turnip"},{"floor":30,"key":"Smiling Mask"}],"event_choices":[{"damage_healed":0,"gold_gain":0,"player_choice":"Bought 0 Potions","damage_taken":0,"max_hp_gain":0,"max_hp_loss":0,"event_name":"The Woman in Blue","floor":2,"gold_loss":0},{"damage_healed":0,"gold_gain":0,"player_choice":"Ignored","damage_taken":0,"max_hp_gain":0,"max_hp_loss":0,"event_name":"Golden Idol","floor":12,"gold_loss":0},{"damage_healed":0,"gold_gain":0,"player_choice":"Ignored","damage_taken":0,"max_hp_gain":0,"max_hp_loss":0,"event_name":"NoteForYourself","floor":14,"gold_loss":0},{"damage_healed":0,"gold_gain":0,"player_choice":"Ignored","damage_taken":0,"max_hp_gain":0,"max_hp_loss":0,"event_name":"Ghosts","floor":20,"gold_loss":0},{"damage_healed":0,"gold_gain":0,"player_choice":"Became a vampire (Vial)","damage_taken":0,"max_hp_gain":0,"max_hp_loss":0,"event_name":"Vampires","floor":21,"relics_lost":["Blood Vial"],"gold_loss":0,"cards_obtained":["Bite","Bite","Bite","Bite","Bite"]},{"damage_healed":0,"gold_gain":0,"player_choice":"2 cards matched","damage_taken":0,"max_hp_gain":0,"max_hp_loss":0,"event_name":"Match and Keep!","floor":29,"gold_loss":0,"cards_obtained":["Gash","Zap"]}],"is_beta":false,"boss_relics":[{"not_picked":["Orrery","Tiny House"],"picked":"Philosopher\u0027s Stone"}],"items_purged_floors":[19],"is_endless":false,"potions_floor_spawned":[4,10,13,22,24,25],"killed_by":"Automaton","ascension_level":0}