{"gold_per_floor":[114,114,129,144,95,95,125,125,125,155,155,170,200,200,200,300,330,315,40,40,40,55,85,85,100,125,125,140,170,185,35,35,135,135,150,165,165,190,15,45,45],"floor_reached":41,"playtime":2855,"items_purged":["Writhe","Writhe","Parasite"],"score":477,"play_id":"6fa80573-50a8-4abe-ab0f-4727e4902d00","local_time":"20181202154237","daily_mods":["Heirloom","Blue Cards","Elite Swarm"],"is_ascension_mode":false,"campfire_choices":[{"data":"Perfected Strike","floor":6,"key":"SMITH"},{"data":"Spot Weakness","floor":8,"key":"SMITH"},{"floor":11,"key":"REST"},{"data":"Flex","floor":15,"key":"SMITH"},{"floor":24,"key":"REST"},{"floor":27,"key":"REST"},{"floor":32,"key":"REST"}],"neow_cost":"","seed_source_timestamp":0,"circlet_count":0,"master_deck":["Strike_R","Strike_R","Strike_R","Strike_R","Strike_R","Defend_R","Defend_R","Defend_R","Defend_R","Spot Weakness+1","Go for the Eyes","Perfected Strike+1","Flex+1","Amplify","Echo Form","Impervious","Buffer","Impervious","Pommel Strike+1","Wild Strike","Impervious","Twin Strike+1","Madness","Madness","Barricade"],"special_seed":17867,"relics":["Burning Blood","Calipers","Anchor","Red Skull","PreservedInsect","Orichalcum","Calling Bell","Tiny Chest","Paper Frog","Incense Burner","Sling","Vajra","Omamori","Pear","Velvet Choker","Oddly Smooth Stone","Nunchaku"],"potions_floor_usage":[7,10,13,23,30,33,40,41],"damage_taken":[{"damage":11,"enemies":"Jaw Worm","floor":1,"turns":4},{"damage":0,"enemies":"Small Slimes","floor":3,"turns":3},{"damage":0,"enemies":"Cultist","floor":4,"turns":4},{"damage":3,"enemies":"Gremlin Nob","floor":7,"turns":3},{"damage":26,"enemies":"Lagavulin","floor":10,"turns":5},{"damage":2,"enemies":"Exordium Thugs","floor":12,"turns":4},{"damage":8,"enemies":"Gremlin Nob","floor":13,"turns":4},{"damage":29,"enemies":"Hexaghost","floor":16,"turns":9},{"damage":5,"enemies":"2 Thieves","floor":18,"turns":4},{"damage":7,"enemies":"Shell Parasite","floor":22,"turns":6},{"damage":31,"enemies":"Gremlin Leader","floor":23,"turns":6},{"damage":22,"enemies":"Snake Plant","floor":25,"turns":7},{"damage":10,"enemies":"Snecko","floor":28,"turns":8},{"damage":47,"enemies":"Slavers","floor":29,"turns":7},{"damage":0,"enemies":"Cultist and Chosen","floor":30,"turns":7},{"damage":74,"enemies":"Automaton","floor":33,"turns":11},{"damage":0,"enemies":"3 Shapes","floor":35,"turns":6},{"damage":0,"enemies":"3 Darklings","floor":36,"turns":9},{"damage":24,"enemies":"Reptomancer","floor":40,"turns":6},{"damage":64,"enemies":"Transient","floor":41,"turns":5}],"seed_played":"-7513026677109115873","potions_obtained":[{"floor":1,"key":"FearPotion"},{"floor":3,"key":"Strength Potion"},{"floor":7,"key":"Block Potion"},{"floor":18,"key":"Explosive Potion"},{"floor":28,"key":"Block Potion"},{"floor":29,"key":"Poison Potion"},{"floor":35,"key":"LiquidBronze"},{"floor":40,"key":"EssenceOfSteel"}],"is_trial":false,"path_per_floor":["M","?","M","M","$","R","E","R","T","E","R","M","E","?","R","B",null,"M","$","?","?","M","E","R","M","T","R","M","E","M","$","R","B",null,"M","M","?","T","$","E","M"],"character_chosen":"IRONCLAD","items_purchased":["Flex","Sling","Wild Strike","Block Potion"],"campfire_rested":4,"item_purchase_floors":[5,19,31,39],"current_hp_per_floor":[75,75,80,80,80,80,80,80,80,60,80,80,78,71,71,48,80,80,80,80,80,79,54,78,62,62,80,76,45,51,51,78,10,90,90,90,79,79,79,61,0],"gold":45,"neow_bonus":"","is_prod":false,"is_daily":true,"chose_seed":false,"campfire_upgraded":3,"win_rate":0,"timestamp":1543761757,"path_taken":["M","?","M","M","$","R","E","R","T","E","R","M","E","?","R","BOSS","M","$","?","?","M","E","R","M","T","R","?","E","M","?","R","BOSS","M","M","?","?","$","E","M"],"build_version":"2018-11-15","purchased_purges":3,"victory":false,"max_hp_per_floor":[80,80,80,80,80,80,80,80,80,80,80,80,80,80,80,80,80,80,80,80,80,80,80,80,80,80,80,80,90,90,90,90,90,90,90,90,90,90,87,87,87],"card_choices":[{"not_picked":["Glacier","Double Energy"],"picked":"Spot Weakness","floor":1},{"not_picked":["Clash","Barrage"],"picked":"Go for the Eyes","floor":3},{"not_picked":["Wild Strike","Uppercut"],"picked":"Perfected Strike","floor":4},{"not_picked":["Thunder Strike","Juggernaut"],"picked":"Amplify","floor":7},{"not_picked":["Biased Cognition","Amplify","Brutality"],"picked":"SKIP","floor":10},{"not_picked":["Headbutt","Barrage","Pummel"],"picked":"SKIP","floor":12},{"not_picked":["Fiend Fire","Hyperbeam"],"picked":"Echo Form","floor":13},{"not_picked":["Brutality","Echo Form"],"picked":"Impervious","floor":16},{"not_picked":["Redo","Clash","Cleave"],"picked":"SKIP","floor":18},{"not_picked":["Blood for Blood","Hologram+1","Havoc"],"picked":"SKIP","floor":22},{"not_picked":["Juggernaut","Hyperbeam"],"picked":"Buffer","floor":23},{"not_picked":["Clothesline+1","Burning Pact+1","Havoc"],"picked":"SKIP","floor":25},{"not_picked":["Pummel","Ghostly Armor","Heavy Blade+1"],"picked":"SKIP","floor":28},{"not_picked":["Creative AI","Buffer"],"picked":"Impervious","floor":29},{"not_picked":["Compile Driver","Sentinel"],"picked":"Pommel Strike+1","floor":30},{"not_picked":["Offering","Feed"],"picked":"Impervious","floor":33},{"not_picked":["Bloodletting","Dropkick+1"],"picked":"Twin Strike+1","floor":35},{"not_picked":["Whirlwind+1","Redo+1","Scrape"],"picked":"SKIP","floor":36},{"not_picked":["Reboot","Exhume"],"picked":"Barricade","floor":40}],"player_experience":125676,"relics_obtained":[{"floor":7,"key":"Anchor"},{"floor":9,"key":"Red Skull"},{"floor":10,"key":"PreservedInsect"},{"floor":13,"key":"Orichalcum"},{"floor":17,"key":"Tiny Chest"},{"floor":17,"key":"Paper Frog"},{"floor":17,"key":"Incense Burner"},{"floor":23,"key":"Vajra"},{"floor":26,"key":"Omamori"},{"floor":29,"key":"Pear"},{"floor":38,"key":"Oddly Smooth Stone"},{"floor":40,"key":"Nunchaku"}],"event_choices":[{"damage_healed":0,"gold_gain":0,"player_choice":"Ignored","damage_taken":0,"max_hp_gain":0,"max_hp_loss":0,"event_name":"Shining Light","floor":2,"gold_loss":0},{"cards_removed":["Bash"],"damage_healed":0,"gold_gain":0,"player_choice":"Card Removal","damage_taken":7,"max_hp_gain":0,"max_hp_loss":0,"event_name":"Golden Wing","floor":14,"gold_loss":0},{"damage_healed":0,"gold_gain":0,"player_choice":"Ignored","damage_taken":0,"max_hp_gain":0,"max_hp_loss":0,"event_name":"The Mausoleum","floor":20,"gold_loss":0},{"damage_healed":0,"gold_gain":0,"cards_transformed":["Normality"],"player_choice":"Transformed","damage_taken":0,"max_hp_gain":0,"max_hp_loss":0,"event_name":"Transmorgrifier","floor":21,"gold_loss":0,"cards_obtained":["Writhe"]},{"damage_healed":0,"gold_gain":0,"player_choice":"Embrace Madness","damage_taken":11,"max_hp_gain":0,"max_hp_loss":0,"event_name":"Winding Halls","floor":37,"gold_loss":0,"cards_obtained":["Madness","Madness"]}],"is_beta":false,"boss_relics":[{"not_picked":["Tiny House","Empty Cage"],"picked":"Calling Bell"},{"not_picked":["Black Blood","White Beast Statue"],"picked":"Velvet Choker"}],"items_purged_floors":[19,31,39],"is_endless":false,"potions_floor_spawned":[1,3,7,18,28,29,35,40],"killed_by":"Transient","ascension_level":0}