{"gold_per_floor":[119,119,119,44,55,55,1,14,64,96,108,139,184,215,227,340,352,384,410,522,534,36,36,50,50,76,76,76,105,117,130,130,233,233,244,105,105,105,105,138,138,148,148,174,174,199,199,216,216,216,216,216,94,125,125],"floor_reached":56,"playtime":2926,"items_purged":["Defend_G","Defend_G"],"score":1361,"play_id":"600da50c-f6cc-4388-a042-04cb3b95149e","local_time":"20190126125311","is_ascension_mode":false,"campfire_choices":[{"data":"Neutralize","floor":6,"key":"SMITH"},{"data":"Noxious Fumes","floor":11,"key":"SMITH"},{"data":"Poisoned Stab","floor":15,"key":"SMITH"},{"data":"Survivor","floor":23,"key":"SMITH"},{"data":"Poisoned Stab","floor":28,"key":"SMITH"},{"floor":32,"key":"REST"},{"floor":41,"key":"REST"},{"data":"Catalyst","floor":45,"key":"SMITH"},{"floor":47,"key":"RECALL"},{"floor":49,"key":"REST"},{"data":"Die Die Die","floor":52,"key":"SMITH"}],"neow_cost":"NONE","seed_source_timestamp":584922155359543,"circlet_count":0,"master_deck":["Defend_G+1","Defend_G","Defend_G+1","Strike_G","Strike_G","Strike_G","Strike_G","Survivor+1","Neutralize+1","Noxious Fumes+1","Poisoned Stab+1","Poisoned Stab+1","Backflip+1","Noxious Fumes","Die Die Die+1","Catalyst+1","Master of Strategy","Caltrops+1","Escape Plan+1"],"relics":["Ring of the Snake","Strawberry","Pantograph","Mercury Hourglass","Potion Belt","MawBank","Bag of Preparation","Black Star","Gambling Chip","Bottled Flame","Bottled Tornado","Singing Bowl","Meat on the Bone","Calipers","Blue Candle","Lizard Tail","Dead Branch","Boot","Shuriken","Vajra","Dodecahedron","Snake Skull","The Courier","War Paint","Oddly Smooth Stone","Torii"],"potions_floor_usage":[10,20,20,29,29,29,33,42,44,55,55,55],"damage_taken":[{"damage":0,"enemies":"Small Slimes","floor":1,"turns":3},{"damage":2,"enemies":"Jaw Worm","floor":5,"turns":5},{"damage":0,"enemies":"2 Louse","floor":8,"turns":2},{"damage":13,"enemies":"3 Sentries","floor":10,"turns":7},{"damage":0,"enemies":"Exordium Thugs","floor":12,"turns":4},{"damage":0,"enemies":"Lagavulin","floor":13,"turns":6},{"damage":0,"enemies":"Looter","floor":14,"turns":4},{"damage":18,"enemies":"Hexaghost","floor":16,"turns":9},{"damage":2,"enemies":"Shell Parasite","floor":18,"turns":5},{"damage":16,"enemies":"2 Thieves","floor":19,"turns":4},{"damage":9,"enemies":"Colosseum Slavers","floor":20,"turns":6},{"damage":0,"enemies":"Colosseum Nobs","floor":20,"turns":2},{"damage":11,"enemies":"Snecko","floor":24,"turns":5},{"damage":28,"enemies":"Slavers","floor":29,"turns":6},{"damage":0,"enemies":"Cultist and Chosen","floor":30,"turns":6},{"damage":11,"enemies":"Sentry and Sphere","floor":31,"turns":4},{"damage":49,"enemies":"Collector","floor":33,"turns":8},{"damage":7,"enemies":"3 Shapes","floor":35,"turns":5},{"damage":45,"enemies":"Nemesis","floor":40,"turns":7},{"damage":11,"enemies":"3 Darklings","floor":42,"turns":4},{"damage":14,"enemies":"Reptomancer","floor":44,"turns":7},{"damage":31,"enemies":"Giant Head","floor":46,"turns":7},{"damage":0,"enemies":"Transient","floor":48,"turns":5},{"damage":77,"enemies":"Time Eater","floor":50,"turns":12},{"damage":78,"enemies":"Shield and Spear","floor":54,"turns":5},{"damage":110,"enemies":"The Heart","floor":55,"turns":9}],"seed_played":"-2698588570720417345","potions_obtained":[{"floor":1,"key":"AttackPotion"},{"floor":5,"key":"AttackPotion"},{"floor":12,"key":"Energy Potion"},{"floor":14,"key":"Ancient Potion"},{"floor":16,"key":"EssenceOfSteel"},{"floor":19,"key":"Dexterity Potion"},{"floor":24,"key":"Regen Potion"},{"floor":30,"key":"Strength Potion"},{"floor":31,"key":"EssenceOfSteel"},{"floor":35,"key":"Poison Potion"},{"floor":40,"key":"SteroidPotion"},{"floor":42,"key":"Dexterity Potion"}],"is_trial":false,"path_per_floor":["M","?","?","$","M","R","?","M","T","E","R","M","E","M","R","B",null,"M","M","?","?","$","R","M","?","T","$","R","E","M","M","R","B",null,"M","$","?","$","?","E","R","M","T","E","R","E","R","M","R","B",null,"R","$","E","B",null],"character_chosen":"THE_SILENT","items_purchased":["Bottled Tornado","Singing Bowl","Catalyst","War Paint"],"campfire_rested":3,"item_purchase_floors":[22,22,36,53],"current_hp_per_floor":[77,70,70,70,68,68,68,68,68,55,55,55,55,55,55,59,77,75,59,50,50,50,50,41,41,41,41,41,42,44,45,69,46,83,78,78,78,78,75,44,69,60,60,46,46,27,27,41,67,24,89,89,89,25,21],"gold":125,"neow_bonus":"RANDOM_COMMON_RELIC","is_prod":false,"is_daily":false,"chose_seed":false,"campfire_upgraded":7,"win_rate":0,"timestamp":1548519791,"path_taken":["M","?","?","?","M","R","?","M","T","E","R","M","E","M","R","BOSS","M","M","?","?","$","R","?","?","T","?","R","E","M","M","R","BOSS","M","$","?","$","?","E","R","M","T","E","R","E","R","M","R","BOSS","R","$","E","BOSS"],"build_version":"2019-01-23","purchased_purges":2,"victory":true,"max_hp_per_floor":[77,77,77,77,77,77,77,77,77,77,77,77,77,77,77,77,77,77,77,77,77,77,77,79,79,79,79,79,81,83,83,83,83,83,85,85,81,81,83,85,85,87,87,87,87,87,87,89,89,89,89,89,89,91,91],"card_choices":[{"not_picked":["Sucker Punch","Well Laid Plans","Setup"],"picked":"SKIP","floor":1},{"not_picked":["Predator","Slice","Cloak And Dagger"],"picked":"SKIP","floor":5},{"not_picked":["Deflect","Dodge and Roll","Dagger Spray"],"picked":"SKIP","floor":8},{"not_picked":["Masterful Stab","Glass Knife"],"picked":"Noxious Fumes","floor":10},{"not_picked":["Underhanded Strike","Slice","Setup"],"picked":"SKIP","floor":12},{"not_picked":["Deflect","Dagger Throw","Terror"],"picked":"SKIP","floor":13},{"not_picked":["Sucker Punch","Expertise"],"picked":"Poisoned Stab","floor":14},{"not_picked":["Slice+1","Cloak And Dagger"],"picked":"Poisoned Stab","floor":18},{"not_picked":["Bane","Slice"],"picked":"Backflip","floor":19},{"not_picked":["Blade Dance","Deflect+1","PiercingWail"],"picked":"Singing Bowl","floor":24},{"not_picked":["Dagger Throw","Leg Sweep","Wraith Form v2"],"picked":"Singing Bowl","floor":29},{"not_picked":["Calculated Gamble","Crippling Poison","Slice"],"picked":"Singing Bowl","floor":30},{"not_picked":["Endless Agony+1","Masterful Stab+1"],"picked":"Noxious Fumes","floor":31},{"not_picked":["Phantasmal Killer","Tools of the Trade"],"picked":"Die Die Die","floor":33},{"not_picked":["Acrobatics+1","Poisoned Stab+1","Dagger Spray"],"picked":"Singing Bowl","floor":35},{"not_picked":["Enlightenment","Blind","Mind Blast"],"picked":"Singing Bowl","floor":39},{"not_picked":["Madness","Good Instincts"],"picked":"Master of Strategy","floor":39},{"not_picked":["Grand Finale","Dash","Accuracy+1"],"picked":"Singing Bowl","floor":40},{"not_picked":["Sucker Punch+1","Blade Dance","PiercingWail"],"picked":"Singing Bowl","floor":42},{"not_picked":["Heel Hook","Reflex+1"],"picked":"Caltrops+1","floor":44},{"not_picked":["Backflip+1","Calculated Gamble"],"picked":"Escape Plan+1","floor":46},{"not_picked":["Blade Dance","Noxious Fumes+1","Outmaneuver"],"picked":"Singing Bowl","floor":48},{"not_picked":["Tools of the Trade","Leg Sweep+1","Setup"],"picked":"Singing Bowl","floor":54}],"player_experience":224697,"relics_obtained":[{"floor":9,"key":"Potion Belt"},{"floor":10,"key":"MawBank"},{"floor":13,"key":"Bag of Preparation"},{"floor":20,"key":"Gambling Chip"},{"floor":20,"key":"Bottled Flame"},{"floor":29,"key":"Calipers"},{"floor":29,"key":"Blue Candle"},{"floor":40,"key":"Dead Branch"},{"floor":40,"key":"Boot"},{"floor":43,"key":"Shuriken"},{"floor":44,"key":"Vajra"},{"floor":44,"key":"Dodecahedron"},{"floor":46,"key":"Snake Skull"},{"floor":46,"key":"The Courier"},{"floor":54,"key":"Oddly Smooth Stone"},{"floor":54,"key":"Torii"}],"event_choices":[{"damage_healed":0,"gold_gain":0,"player_choice":"Success","damage_taken":7,"relics_obtained":["Pantograph"],"max_hp_gain":0,"max_hp_loss":0,"event_name":"Scrap Ooze","floor":2,"gold_loss":0},{"cards_removed":["Strike_G"],"damage_healed":0,"gold_gain":0,"player_choice":"Forget","damage_taken":0,"max_hp_gain":0,"max_hp_loss":0,"event_name":"Living Wall","floor":3,"gold_loss":0},{"damage_healed":0,"gold_gain":0,"player_choice":"Paid Gold","damage_taken":0,"relics_obtained":["Mercury Hourglass"],"max_hp_gain":0,"max_hp_loss":0,"event_name":"WeMeetAgain","floor":7,"gold_loss":54},{"damage_healed":0,"gold_gain":0,"player_choice":"Fight","damage_taken":0,"max_hp_gain":0,"max_hp_loss":0,"event_name":"Colosseum","floor":20,"gold_loss":0},{"damage_healed":0,"gold_gain":0,"player_choice":"Fought Nobs","damage_taken":0,"max_hp_gain":0,"max_hp_loss":0,"event_name":"Colosseum","floor":20,"gold_loss":0},{"damage_healed":0,"gold_gain":0,"player_choice":"Forge","damage_taken":0,"max_hp_gain":0,"max_hp_loss":0,"event_name":"Accursed Blacksmith","floor":21,"gold_loss":0,"cards_upgraded":["Backflip"]},{"damage_healed":0,"gold_gain":0,"player_choice":"Opened","damage_taken":0,"relics_obtained":["Meat on the Bone"],"max_hp_gain":0,"max_hp_loss":0,"event_name":"The Mausoleum","floor":25,"gold_loss":0},{"damage_healed":0,"gold_gain":0,"player_choice":"Max HP","damage_taken":0,"max_hp_gain":0,"max_hp_loss":4,"event_name":"Winding Halls","floor":37,"gold_loss":0},{"damage_healed":0,"gold_gain":0,"player_choice":"Memory 2","damage_taken":5,"max_hp_gain":0,"max_hp_loss":0,"event_name":"SensoryStone","floor":39,"gold_loss":0}],"is_beta":false,"boss_relics":[{"not_picked":["WristBlade","Orrery"],"picked":"Black Star"},{"not_picked":["Philosopher\u0027s Stone","Busted Crown"],"picked":"Lizard Tail"}],"items_purged_floors":[4,36],"is_endless":false,"potions_floor_spawned":[1,5,12,14,16,19,24,30,31,35,40,42],"ascension_level":0}