{"gold_per_floor":[117,129,129,129,129,129,139,150,150,162,177,93,58,68,68,170,170],"floor_reached":17,"playtime":1267,"items_purged":[],"score":149,"play_id":"ed3e4ee7-6dc7-4d3d-aa9e-a7c0982414a9","local_time":"20180802182901","is_ascension_mode":false,"campfire_choices":[{"data":"Poisoned Stab","floor":6.0,"key":"SMITH"},{"floor":15.0,"key":"REST"}],"neow_cost":"NONE","seed_source_timestamp":0,"circlet_count":0,"master_deck":["Defend_G","Defend_G","Defend_G+1","Defend_G","Defend_G+1","Strike_G","Strike_G","Strike_G","Strike_G","Strike_G","Survivor","Neutralize","Poisoned Stab+1","Quick Slash","Bouncing Flask+1","After Image","Terror","Caltrops","Deflect","Infinite Blades","Poisoned Stab","Glass Knife"],"special_seed":0,"relics":["Ring of the Snake","Pantograph","Runic Pyramid"],"potions_floor_usage":[],"damage_taken":[{"damage":0.0,"enemies":"Cultist","floor":1.0,"turns":4.0},{"damage":1.0,"enemies":"Jaw Worm","floor":2.0,"turns":4.0},{"damage":3.0,"enemies":"Small Slimes","floor":7.0,"turns":3.0},{"damage":32.0,"enemies":"Gremlin Gang","floor":8.0,"turns":4.0},{"damage":0.0,"enemies":"3 Louse","floor":10.0,"turns":4.0},{"damage":4.0,"enemies":"Exordium Wildlife","floor":11.0,"turns":5.0},{"damage":0.0,"enemies":"Blue Slaver","floor":14.0,"turns":4.0},{"damage":47.0,"enemies":"Slime Boss","floor":16.0,"turns":11.0}],"seed_played":"393151160411583975","potions_obtained":[{"floor":2.0,"key":"PowerPotion"},{"floor":11.0,"key":"Weak Potion"},{"floor":16.0,"key":"Strength Potion"}],"is_trial":false,"path_per_floor":["M","M","?","?","?","R","M","M","T","M","M","$","?","M","R","B"],"character_chosen":"THE_SILENT","items_purchased":["Deflect","Infinite Blades"],"campfire_rested":1,"item_purchase_floors":[12,12],"current_hp_per_floor":[70,69,69,55,55,55,52,20,20,20,16,16,33,33,54,23,70],"gold":170,"neow_bonus":"THREE_CARDS","is_prod":false,"is_daily":false,"chose_seed":false,"campfire_upgraded":1,"win_rate":0.0,"timestamp":1533227341,"path_taken":["M","M","?","?","?","R","?","M","T","M","M","$","?","M","R","BOSS"],"build_version":"2018-07-26","purchased_purges":0,"victory":false,"max_hp_per_floor":[70,70,70,70,70,70,70,70,70,70,70,70,70,70,70,70,70],"card_choices":[{"not_picked":["Leg Sweep","Acrobatics"],"picked":"Poisoned Stab","floor":0.0},{"not_picked":["Dodge and Roll","Blade Dance"],"picked":"Quick Slash","floor":1.0},{"not_picked":["Bane","Masterful Stab"],"picked":"Bouncing Flask","floor":2.0},{"not_picked":["Backflip","Endless Agony","Predator"],"picked":"SKIP","floor":7.0},{"not_picked":["Skewer","Terror"],"picked":"After Image","floor":8.0},{"not_picked":["Acrobatics","Sucker Punch"],"picked":"Terror","floor":10.0},{"not_picked":["Quick Slash","Deflect"],"picked":"Caltrops","floor":11.0},{"not_picked":["Bane","Burst"],"picked":"Poisoned Stab","floor":14.0},{"not_picked":["Burst","Adrenaline"],"picked":"Glass Knife","floor":16.0}],"player_experience":46663,"relics_obtained":[{"floor":9.0,"key":"Pantograph"}],"event_choices":[{"event_name":"Golden Wing","player_choice":"Ignored","floor":3.0,"damage_taken":0.0},{"event_name":"Shining Light","player_choice":"Entered Light","floor":4.0,"damage_taken":0.0},{"event_name":"Accursed Blacksmith","player_choice":"Forge","floor":5.0,"damage_taken":0.0},{"event_name":"The Cleric","player_choice":"Healed","floor":13.0,"damage_taken":0.0}],"is_beta":false,"boss_relics":[{"not_picked":["Ectoplasm","White Beast Statue"],"picked":"Runic Pyramid"}],"items_purged_floors":[],"is_endless":false,"potions_floor_spawned":[2,11,16],"ascension_level":0}