{"gold_per_floor":[117,133,133,144,63,92,103,49,102,102,119,119,84,117,117,220,220,234,204],"floor_reached":19,"playtime":1603,"items_purged":[],"score":266,"play_id":"b12f9789-2050-45c7-9f1c-c6bdbbdfc2c0","local_time":"20190128173020","is_ascension_mode":true,"campfire_choices":[{"floor":12.0,"key":"REST"},{"floor":15.0,"key":"REST"}],"neow_cost":"NONE","seed_source_timestamp":0,"circlet_count":0,"master_deck":["AscendersBane","Strike_B","Strike_B","Strike_B","Defend_B+1","Defend_B","Defend_B+1","Zap","Dualcast","Sweeping Beam","Coolheaded","Defragment","Loop","Conserve Battery","Self Repair","Reboot","Defragment+1","Scrape+1","Heatsinks+1","Sunder+1"],"special_seed":0,"relics":["Cracked Core","Darkstone Periapt","War Paint","Ancient Tea Set","Turnip","Astrolabe"],"potions_floor_usage":[],"damage_taken":[{"damage":8.0,"enemies":"Small Slimes","floor":1.0,"turns":4.0},{"damage":0.0,"enemies":"2 Louse","floor":2.0,"turns":3.0},{"damage":0.0,"enemies":"Cultist","floor":4.0,"turns":3.0},{"damage":29.0,"enemies":"Gremlin Nob","floor":6.0,"turns":5.0},{"damage":7.0,"enemies":"3 Louse","floor":7.0,"turns":3.0},{"damage":3.0,"enemies":"2 Fungi Beasts","floor":11.0,"turns":5.0},{"damage":21.0,"enemies":"Lagavulin","floor":14.0,"turns":8.0},{"damage":40.0,"enemies":"The Guardian","floor":16.0,"turns":20.0},{"damage":25,"enemies":"Chosen","floor":18,"turns":7},{"damage":14,"enemies":"2 Thieves","floor":19,"turns":2}],"seed_played":"6279431718858465940","potions_obtained":[{"floor":2.0,"key":"SteroidPotion"},{"floor":6.0,"key":"Block Potion"},{"floor":11.0,"key":"SkillPotion"},{"floor":16.0,"key":"Strength Potion"},{"floor":18,"key":"Ancient Potion"}],"is_trial":false,"path_per_floor":["M","M","?","M","$","E","M","$","T","?","M","R","?","E","R","B",null,"M","M"],"character_chosen":"DEFECT","items_purchased":["Defragment","Conserve Battery"],"campfire_rested":2,"item_purchase_floors":[5,8],"current_hp_per_floor":[67,67,60,60,60,31,24,24,24,17,14,38,58,37,61,28,69,51,37],"gold":204,"neow_bonus":"TEN_PERCENT_HP_BONUS","is_prod":false,"is_daily":false,"chose_seed":false,"campfire_upgraded":0,"win_rate":0,"timestamp":1548696620,"path_taken":["M","M","?","M","$","E","M","$","T","?","M","R","?","E","R","BOSS","M","M"],"build_version":"2019-01-23","purchased_purges":0,"victory":false,"max_hp_per_floor":[82,82,82,82,82,82,82,82,82,82,82,82,82,82,82,82,82,82,82],"card_choices":[{"not_picked":["Barrage","Storm"],"picked":"Coolheaded","floor":1.0},{"not_picked":["Rebound","Hologram"],"picked":"Sweeping Beam","floor":2.0},{"not_picked":["Hello World","Undo"],"picked":"Coolheaded","floor":4.0},{"not_picked":["Cold Snap","Lockon"],"picked":"Loop","floor":6.0},{"not_picked":["Genetic Algorithm","Steam","Stack"],"picked":"SKIP","floor":7.0},{"not_picked":["Leap","Conserve Battery"],"picked":"Self Repair","floor":11.0},{"not_picked":["Ball Lightning","Leap"],"picked":"Sweeping Beam","floor":14.0},{"not_picked":["Thunder Strike","Meteor Strike"],"picked":"Reboot","floor":16.0},{"not_picked":["Gash","Go for the Eyes+1"],"picked":"Sunder+1","floor":18}],"player_experience":199314,"relics_obtained":[{"floor":6.0,"key":"War Paint"},{"floor":9.0,"key":"Ancient Tea Set"},{"floor":14.0,"key":"Turnip"}],"event_choices":[{"damage_healed":0.0,"max_hp_gain":0.0,"max_hp_loss":0.0,"gold_gain":0.0,"event_name":"Scrap Ooze","player_choice":"Success","floor":3.0,"gold_loss":0.0,"damage_taken":7.0,"relics_obtained":["Darkstone Periapt"]},{"cards_removed":["Strike_B"],"damage_healed":0.0,"max_hp_gain":0.0,"max_hp_loss":0.0,"gold_gain":0.0,"event_name":"Golden Wing","player_choice":"Card Removal","floor":10.0,"gold_loss":0.0,"damage_taken":7.0},{"damage_healed":20.0,"max_hp_gain":0.0,"max_hp_loss":0.0,"gold_gain":0.0,"event_name":"The Cleric","player_choice":"Healed","floor":13.0,"gold_loss":35.0,"damage_taken":0.0}],"is_beta":false,"boss_relics":[{"not_picked":["Velvet Choker","Eternal Feather"],"picked":"Astrolabe"}],"items_purged_floors":[],"is_endless":false,"potions_floor_spawned":[2,6,11,16,18],"killed_by":"2 Thieves","ascension_level":10}