{"gold_per_floor":[119,119,33,49,67,79,79,0,27,82,82,117,132,145,145,247,247,265,365,299,16,16,16,34,34,61,79,104,31,0,53,53,157,157,171,26,26,26,46,46,46,57,82,82,82,107,118,79,79,79,79,79,79,113,113],"floor_reached":55,"playtime":2501,"items_purged":["Zap"],"score":846,"play_id":"f44892ec-ccb6-434a-a21d-9b8914bfd6d1","local_time":"20190114214143","is_ascension_mode":false,"campfire_choices":[{"data":"Capacitor","floor":7,"key":"SMITH"},{"data":"Capacitor","floor":11,"key":"SMITH"},{"floor":15,"key":"REST"},{"data":"Barrage","floor":23,"key":"SMITH"},{"floor":25,"key":"REST"},{"data":"Blizzard","floor":32,"key":"SMITH"},{"floor":41,"key":"RECALL"},{"data":"Capacitor","floor":44,"key":"SMITH"},{"data":"Defragment","floor":49,"key":"SMITH"},{"data":"Defragment","floor":52,"key":"SMITH"}],"neow_cost":"NONE","seed_source_timestamp":377676816418342,"circlet_count":0,"master_deck":["Strike_B","Strike_B+1","Strike_B","Strike_B","Defend_B+1","Defend_B","Defend_B","Defend_B","Dualcast+1","Rip and Tear","Cold Snap","Glacier","Sweeping Beam","Capacitor+1","Barrage","Capacitor+1","Sweeping Beam","Barrage+1","Machine Learning","Cold Snap+1","Hologram+1","Cold Snap","Blizzard+1","Glacier+1","Doubt","Seek+1","Consume+1","Defragment+1","Coolheaded+1","Writhe","Capacitor+1","Parasite","Defragment+1","Cold Snap+1","Defragment+1","BootSequence+1"],"relics":["FrozenCore","Juzu Bracelet","Omamori","Tiny Chest","Darkstone Periapt","Cursed Key","Blood Vial","Question Card","Toxic Egg 2","Whetstone","FossilizedHelix","Potion Belt","Pen Nib","War Paint"],"potions_floor_usage":[12,14,16,28,46,54,55,55],"damage_taken":[{"damage":0,"enemies":"Small Slimes","floor":1,"turns":2},{"damage":0,"enemies":"Cultist","floor":4,"turns":4},{"damage":2,"enemies":"2 Louse","floor":5,"turns":2},{"damage":0,"enemies":"Blue Slaver","floor":6,"turns":5},{"damage":13,"enemies":"3 Sentries","floor":10,"turns":8},{"damage":16,"enemies":"Lagavulin","floor":12,"turns":10},{"damage":4,"enemies":"2 Fungi Beasts","floor":13,"turns":3},{"damage":8,"enemies":"Large Slime","floor":14,"turns":3},{"damage":30,"enemies":"The Guardian","floor":16,"turns":14},{"damage":11,"enemies":"3 Byrds","floor":18,"turns":7},{"damage":12,"enemies":"Spheric Guardian","floor":24,"turns":4},{"damage":2,"enemies":"Centurion and Healer","floor":27,"turns":6},{"damage":9,"enemies":"Book of Stabbing","floor":28,"turns":5},{"damage":14,"enemies":"Champ","floor":33,"turns":13},{"damage":21,"enemies":"3 Shapes","floor":35,"turns":5},{"damage":0,"enemies":"Orb Walker","floor":39,"turns":4},{"damage":0,"enemies":"Spire Growth","floor":42,"turns":9},{"damage":0,"enemies":"Giant Head","floor":46,"turns":13},{"damage":0,"enemies":"Maw","floor":47,"turns":10},{"damage":0,"enemies":"Donu and Deca","floor":50,"turns":12},{"damage":37,"enemies":"Shield and Spear","floor":54,"turns":12},{"damage":71,"enemies":"The Heart","floor":55,"turns":15}],"seed_played":"1848846304849182315","potions_obtained":[{"floor":1,"key":"Weak Potion"},{"floor":5,"key":"Fire Potion"},{"floor":14,"key":"Strength Potion"},{"floor":24,"key":"FocusPotion"},{"floor":28,"key":"Explosive Potion"},{"floor":33,"key":"Poison Potion"},{"floor":46,"key":"Dexterity Potion"},{"floor":47,"key":"Fire Potion"}],"is_trial":false,"path_per_floor":["M","?","$","M","M","M","R","$","T","E","R","E","M","M","R","B",null,"M","?","?","$","T","R","M","R","T","M","E","$","?","T","R","B",null,"M","$","?","?","M","?","R","M","T","R","?","E","M","$","R","B",null,"R","$","E","B"],"character_chosen":"DEFECT","items_purchased":["Cold Snap","Glacier","Capacitor","Question Card","Cold Snap","Glacier+1","Defragment","Defragment"],"campfire_rested":2,"item_purchase_floors":[3,3,8,21,21,29,36,48],"current_hp_per_floor":[75,75,75,75,73,73,73,73,73,60,60,44,40,32,54,24,75,64,64,64,64,64,64,54,75,75,73,66,66,66,72,72,60,81,60,60,60,60,62,87,87,87,93,93,93,93,93,93,93,93,93,93,93,56,0],"gold":113,"neow_bonus":"RANDOM_COMMON_RELIC","is_prod":false,"is_daily":false,"chose_seed":false,"campfire_upgraded":7,"win_rate":0,"timestamp":1547498503,"path_taken":["M","?","$","M","M","M","R","$","T","E","R","E","M","M","R","BOSS","M","?","?","$","?","R","M","R","T","M","E","$","?","?","R","BOSS","M","$","?","?","M","?","R","M","T","R","?","E","M","?","R","BOSS","R","$","E","BOSS"],"build_version":"2019-01-10","purchased_purges":1,"victory":false,"max_hp_per_floor":[75,75,75,75,75,75,75,75,75,75,75,75,75,75,75,75,75,75,75,75,75,75,75,75,75,75,75,75,75,75,81,81,81,81,81,81,81,81,81,87,87,87,93,93,93,93,93,93,93,93,93,93,93,93,93],"card_choices":[{"not_picked":["Steam Power","BootSequence"],"picked":"Rip and Tear","floor":1},{"not_picked":["Genetic Algorithm","White Noise"],"picked":"Sweeping Beam","floor":4},{"not_picked":["Compile Driver","Go for the Eyes"],"picked":"Capacitor","floor":5},{"not_picked":["Gash","Auto Shields"],"picked":"Barrage","floor":6},{"not_picked":["Sunder","Force Field","Melter"],"picked":"SKIP","floor":10},{"not_picked":["Redo","Meteor Strike"],"picked":"Sweeping Beam","floor":12},{"not_picked":["Steam","Stack"],"picked":"Barrage","floor":13},{"not_picked":["Streamline","Rebound","Conserve Battery"],"picked":"SKIP","floor":14},{"not_picked":["Meteor Strike","Thunder Strike"],"picked":"Machine Learning","floor":16},{"not_picked":["Redo","Sunder","Skim"],"picked":"SKIP","floor":18},{"not_picked":["Double Energy+1","Rebound","Stack+1"],"picked":"Hologram+1","floor":24},{"not_picked":["Gash+1","Rebound","Stack+1"],"picked":"Cold Snap","floor":27},{"not_picked":["Steam+1","Hologram+1","Conserve Battery+1"],"picked":"Blizzard","floor":28},{"not_picked":["Reboot+1","Buffer","Multi-Cast+1"],"picked":"Seek+1","floor":33},{"not_picked":["Turbo+1","Compile Driver+1","Barrage+1"],"picked":"Consume+1","floor":35},{"not_picked":["Stack+1","Sweeping Beam","Redo+1"],"picked":"Coolheaded+1","floor":39},{"not_picked":["Aggregate+1","Barrage","Sweeping Beam"],"picked":"Capacitor","floor":42},{"not_picked":["Compile Driver","FTL","Rebound","Beam Cell"],"picked":"SKIP","floor":46},{"not_picked":["Go for the Eyes+1","Redo+1","Gash+1"],"picked":"Cold Snap+1","floor":47},{"not_picked":["Lockon","Static Discharge+1","Sweeping Beam"],"picked":"BootSequence+1","floor":54}],"player_experience":417125,"relics_obtained":[{"floor":9,"key":"Omamori"},{"floor":10,"key":"Tiny Chest"},{"floor":12,"key":"Darkstone Periapt"},{"floor":22,"key":"Toxic Egg 2"},{"floor":26,"key":"Whetstone"},{"floor":28,"key":"FossilizedHelix"},{"floor":43,"key":"Potion Belt"},{"floor":46,"key":"Pen Nib"},{"floor":54,"key":"War Paint"}],"event_choices":[{"damage_healed":0,"gold_gain":0,"player_choice":"Leave","damage_taken":0,"max_hp_gain":0,"max_hp_loss":0,"event_name":"The Cleric","floor":2,"gold_loss":0},{"damage_healed":0,"gold_gain":100,"player_choice":"Pray","damage_taken":0,"max_hp_gain":0,"max_hp_loss":0,"event_name":"Golden Shrine","floor":19,"gold_loss":0},{"damage_healed":0,"gold_gain":0,"player_choice":"Paid Gold","damage_taken":0,"relics_obtained":["Blood Vial"],"max_hp_gain":0,"max_hp_loss":0,"event_name":"WeMeetAgain","floor":20,"gold_loss":66},{"damage_healed":0,"gold_gain":0,"player_choice":"Paid Fearfully","damage_taken":0,"max_hp_gain":0,"max_hp_loss":0,"event_name":"Masked Bandits","floor":30,"gold_loss":31},{"damage_healed":0,"gold_gain":0,"player_choice":"Memory 1","damage_taken":0,"max_hp_gain":0,"max_hp_loss":0,"event_name":"SensoryStone","floor":37,"gold_loss":0},{"damage_healed":0,"gold_gain":0,"player_choice":"Upgraded","damage_taken":0,"max_hp_gain":0,"max_hp_loss":0,"event_name":"Upgrade Shrine","floor":38,"gold_loss":0,"cards_upgraded":["Defragment"]},{"damage_healed":20,"gold_gain":0,"player_choice":"Writhe","damage_taken":0,"max_hp_gain":0,"max_hp_loss":0,"event_name":"Winding Halls","floor":40,"gold_loss":0,"cards_obtained":["Writhe"]},{"damage_healed":0,"gold_gain":0,"player_choice":"1 cards matched","damage_taken":0,"max_hp_gain":0,"max_hp_loss":0,"event_name":"Match and Keep!","floor":45,"gold_loss":0,"cards_obtained":["Defragment"]}],"is_beta":false,"boss_relics":[{"not_picked":["Coffee Dripper","Black Star"],"picked":"Cursed Key"},{"not_picked":["Nuclear Battery","Inserter"],"picked":"FrozenCore"}],"items_purged_floors":[36],"is_endless":false,"potions_floor_spawned":[1,5,14,24,28,33,46,47],"killed_by":"The Heart","ascension_level":0}