{"gold_per_floor":[114,129,129,146,146,146,178,178,178,73,91,91,114,127,127,227,227,199,199,124,124,141,141,141],"floor_reached":24,"playtime":1096,"items_purged":[],"score":219,"play_id":"9735c4df-04b7-4c87-8e29-127061145030","local_time":"20180623134917","is_ascension_mode":false,"campfire_choices":[{"data":"Blizzard","floor":6,"key":"SMITH"},{"floor":8,"key":"REST"},{"floor":12,"key":"REST"},{"floor":15,"key":"REST"},{"floor":23,"key":"REST"}],"neow_cost":"NONE","seed_source_timestamp":11041802085064,"circlet_count":0,"master_deck":["Defend_B","Defend_B","Defend_B","Defend_B","Zap","Conserve Battery","BootSequence","Blizzard+1","Chill","Genetic Algorithm","Rebound","Force Field","Undo","Redo","Fission","Hologram","Necronomicurse","Bite","Bite","Bite","Bite","Bite","Undo"],"relics":["Cracked Core","NeowsBlessing","Bottled Lightning","Strawberry","Bag of Marbles","Odd Mushroom","Inserter","Necronomicon"],"potions_floor_usage":[16,16,24],"damage_taken":[{"damage":0,"enemies":"Cultist","floor":1,"turns":1},{"damage":0,"enemies":"Small Slimes","floor":2,"turns":1},{"damage":0,"enemies":"Jaw Worm","floor":4,"turns":1},{"damage":57,"enemies":"3 Sentries","floor":7,"turns":9},{"damage":0,"enemies":"Red Slaver","floor":11,"turns":2},{"damage":21,"floor":13,"turns":6},{"damage":0,"enemies":"Blue Slaver","floor":14,"turns":3},{"damage":62,"enemies":"Slime Boss","floor":16,"turns":18},{"damage":34,"enemies":"2 Thieves","floor":18,"turns":5},{"damage":20,"enemies":"3 Byrds","floor":22,"turns":7},{"damage":55,"enemies":"Gremlin Leader","floor":24,"turns":4}],"seed_played":"-5686766061491921329","potions_obtained":[{"floor":4,"key":"Dexterity Potion"},{"floor":7,"key":"Fire Potion"},{"floor":22,"key":"SkillPotion"}],"is_trial":false,"path_per_floor":["M","M","?","M","T","R","E","R","T","$","M","R","?","M","R","B",null,"M","?","?","?","M","R"],"character_chosen":"DEFECT","items_purchased":["Genetic Algorithm","Rebound"],"campfire_rested":4,"item_purchase_floors":[10,10],"current_hp_per_floor":[75,75,75,75,75,75,25,49,49,49,49,73,52,52,76,14,82,48,32,32,32,24,41,0],"gold":141,"neow_bonus":"THREE_ENEMY_KILL","is_prod":false,"is_daily":false,"chose_seed":false,"campfire_upgraded":1,"win_rate":0.0,"timestamp":1529754557,"path_taken":["M","?","?","M","?","R","E","R","T","$","?","R","?","M","R","BOSS","M","?","?","?","?","R","E"],"build_version":"2018-06-21v2","purchased_purges":0,"victory":false,"max_hp_per_floor":[75,75,75,75,75,75,82,82,82,82,82,82,82,82,82,82,82,82,82,82,57,57,57,57],"card_choices":[{"not_picked":["Leap","Go for the Eyes"],"picked":"Conserve Battery","floor":1},{"not_picked":["Coolheaded","Compile Driver"],"picked":"BootSequence","floor":2},{"not_picked":["Force Field","Barrage"],"picked":"Blizzard","floor":4},{"not_picked":["Ball Lightning","Biased Cognition"],"picked":"Chill","floor":7},{"not_picked":["Compile Driver","Ball Lightning"],"picked":"Force Field","floor":11},{"not_picked":["Gash","Heatsinks"],"picked":"Undo","floor":13},{"not_picked":["Sweeping Beam","Stack"],"picked":"Redo","floor":14},{"not_picked":["Electrodynamics","Thunder Strike"],"picked":"Fission","floor":16},{"not_picked":["Steam Power+1","Sweeping Beam"],"picked":"Hologram","floor":18},{"not_picked":["Hologram","Blizzard+1"],"picked":"Undo","floor":22}],"player_experience":24598,"relics_obtained":[{"floor":5,"key":"Bottled Lightning"},{"floor":7,"key":"Strawberry"},{"floor":9,"key":"Bag of Marbles"},{"floor":13,"key":"Odd Mushroom"},{"floor":19,"key":"Necronomicon"}],"event_choices":[{"event_name":"Wheel of Change","player_choice":"Full Heal","floor":3,"damage_taken":0},{"event_name":"Mushrooms","player_choice":"Fought Mushrooms","floor":13,"damage_taken":0},{"event_name":"Cursed Tome","player_choice":"Obtained Book","floor":19,"damage_taken":0},{"event_name":"Beggar","player_choice":"Gave Gold","floor":20,"damage_taken":0},{"event_name":"Vampires","player_choice":"Became a vampire","floor":21,"damage_taken":0}],"boss_relics":[{"not_picked":["Coffee Dripper","Fusion Hammer"],"picked":"Inserter"}],"items_purged_floors":[],"is_endless":false,"potions_floor_spawned":[4,7,22],"killed_by":"Gremlin Leader","ascension_level":0}