{"gold_per_floor":[112,11,27,41,55,82,82,109,162,221,233,233,233,233,233,332,332,316,316,216,227,240,240,240,253,253,174,105,105,134,134],"floor_reached":31,"playtime":1249,"items_purged":["Strike_R","Strike_R+1"],"score":408,"play_id":"69295ec7-b9ac-4b28-8d50-efbf46a3083e","local_time":"20190202111918","is_ascension_mode":true,"campfire_choices":[{"data":"Bash","floor":7,"key":"SMITH"},{"floor":13,"key":"REST"},{"floor":15,"key":"REST"},{"data":"Entrench","floor":23,"key":"SMITH"},{"floor":29,"key":"REST"}],"neow_cost":"NONE","seed_source_timestamp":73407028539540,"circlet_count":0,"master_deck":["AscendersBane","Strike_R+1","Strike_R+1","Strike_R+1","Defend_R+1","Defend_R+1","Defend_R+1","Defend_R+1","Bash+1","Impervious","Havoc","Clothesline","Headbutt","Cleave","Intimidate+1","Exhume","Evolve","Flex","Juggernaut","Seeing Red","Entrench+1","Feed","Entrench","Feel No Pain"],"relics":["Burning Blood","Boot","Bottled Lightning","Busted Crown","Vajra","Sundial","Self Forming Clay"],"potions_floor_usage":[21,30,31],"damage_taken":[{"damage":3,"enemies":"Small Slimes","floor":1,"turns":6},{"damage":2,"enemies":"2 Louse","floor":3,"turns":3},{"damage":10,"enemies":"Jaw Worm","floor":4,"turns":4},{"damage":10,"enemies":"Blue Slaver","floor":5,"turns":3},{"damage":31,"enemies":"3 Sentries","floor":6,"turns":6},{"damage":59,"enemies":"Gremlin Nob","floor":8,"turns":5},{"damage":8,"enemies":"Looter","floor":11,"turns":5},{"damage":33,"enemies":"Slime Boss","floor":16,"turns":13},{"damage":0,"enemies":"2 Thieves","floor":18,"turns":4},{"damage":11,"enemies":"Spheric Guardian","floor":21,"turns":5},{"damage":33,"enemies":"Snecko","floor":22,"turns":6},{"damage":28,"enemies":"Shelled Parasite and Fungi","floor":25,"turns":6},{"damage":37,"enemies":"Book of Stabbing","floor":30,"turns":7},{"damage":18,"enemies":"3 Cultists","floor":31,"turns":5}],"seed_played":"-8048048772277216404","potions_obtained":[{"floor":3,"key":"SneckoOil"},{"floor":6,"key":"FairyPotion"},{"floor":21,"key":"Strength Potion"},{"floor":30,"key":"Fire Potion"}],"is_trial":false,"path_per_floor":["M","$","M","M","M","E","R","E","T","?","M","?","R","?","R","B",null,"M","?","$","M","M","R","?","M","T","$","$","R","E","M"],"character_chosen":"IRONCLAD","items_purchased":["Clothesline","Feed","Entrench"],"campfire_rested":3,"item_purchase_floors":[2,27,28],"current_hp_per_floor":[75,75,79,75,71,46,46,14,14,14,12,5,29,29,53,26,67,73,73,73,68,41,41,41,19,19,19,19,43,12,0],"gold":134,"neow_bonus":"ONE_RANDOM_RARE_CARD","is_prod":false,"is_daily":false,"chose_seed":false,"campfire_upgraded":2,"win_rate":0,"timestamp":1549099158,"path_taken":["M","$","M","M","M","E","R","E","T","?","M","?","R","?","R","BOSS","M","?","$","M","M","R","?","M","T","?","$","R","E","M"],"build_version":"2019-01-23","purchased_purges":2,"victory":false,"max_hp_per_floor":[80,80,80,80,80,80,80,80,80,80,80,80,80,80,80,80,80,80,80,80,80,80,80,80,80,80,80,80,80,80,83],"card_choices":[{"not_picked":["Twin Strike","Perfected Strike"],"picked":"Havoc","floor":1},{"not_picked":["Pommel Strike","Clash"],"picked":"Headbutt","floor":3},{"not_picked":["Havoc","Sever Soul"],"picked":"Cleave","floor":4},{"not_picked":["Blood for Blood","Clothesline"],"picked":"Intimidate","floor":5},{"not_picked":["Body Slam","Cleave"],"picked":"Exhume","floor":6},{"not_picked":["Flex","Carnage"],"picked":"Evolve","floor":8},{"not_picked":["Twin Strike","Perfected Strike"],"picked":"Flex","floor":11},{"not_picked":["Exhume","Dark Embrace"],"picked":"Juggernaut","floor":16},{"not_picked":[],"picked":"Seeing Red","floor":18},{"not_picked":["Iron Wave"],"picked":"SKIP","floor":21},{"not_picked":[],"picked":"Entrench","floor":22},{"not_picked":["Perfected Strike"],"picked":"SKIP","floor":25},{"not_picked":[],"picked":"Feel No Pain","floor":30}],"player_experience":703252,"relics_obtained":[{"floor":6,"key":"Boot"},{"floor":8,"key":"Bottled Lightning"},{"floor":26,"key":"Sundial"},{"floor":30,"key":"Self Forming Clay"}],"event_choices":[{"damage_healed":0,"gold_gain":59,"player_choice":"Gained Gold","damage_taken":0,"max_hp_gain":0,"max_hp_loss":0,"event_name":"Golden Wing","floor":10,"gold_loss":0},{"damage_healed":0,"gold_gain":0,"player_choice":"Fled","damage_taken":7,"max_hp_gain":0,"max_hp_loss":0,"event_name":"Scrap Ooze","floor":12,"gold_loss":0},{"damage_healed":0,"gold_gain":0,"player_choice":"Grow","damage_taken":0,"max_hp_gain":0,"max_hp_loss":0,"event_name":"Living Wall","floor":14,"gold_loss":0,"cards_upgraded":["Intimidate"]},{"damage_healed":0,"gold_gain":0,"player_choice":"Simplicity","damage_taken":0,"max_hp_gain":0,"max_hp_loss":0,"event_name":"Back to Basics","floor":19,"gold_loss":0,"cards_upgraded":["Strike_R","Strike_R","Strike_R","Strike_R","Defend_R","Defend_R","Defend_R","Defend_R"]},{"damage_healed":0,"gold_gain":0,"player_choice":"Opened","damage_taken":0,"relics_obtained":["Vajra"],"max_hp_gain":0,"max_hp_loss":0,"event_name":"The Mausoleum","floor":24,"gold_loss":0}],"is_beta":false,"boss_relics":[{"not_picked":["Orrery","Snecko Eye"],"picked":"Busted Crown"}],"items_purged_floors":[2,20],"is_endless":false,"potions_floor_spawned":[3,6,21,30],"killed_by":"3 Cultists","ascension_level":11}