{"gold_per_floor":[109,109,127,137,152,152,152,169,169,30,53,69,69,89,89,194,194,207,79,97,110,110],"floor_reached":22,"playtime":987,"items_purged":[],"score":180,"play_id":"3f249553-5884-4468-8c8c-78576b859404","local_time":"20180623121515","is_ascension_mode":false,"campfire_choices":[{"floor":6,"key":"REST"},{"floor":13,"key":"REST"},{"floor":15,"key":"REST"}],"neow_cost":"NONE","seed_source_timestamp":5506781126737,"circlet_count":0,"master_deck":["Strike_B","Strike_B+1","Strike_B","Defend_B","Defend_B","Defend_B","Defend_B+1","Zap","Dualcast","Streamline","Ball Lightning","Static Discharge","Steam","Genetic Algorithm","Thunder Strike","Lockon","Steam","Barrage","Fission","Loop","Barrage","Bandage Up","Barrage+1","Auto Shields+1"],"special_seed":17705,"relics":["Cracked Core","Vajra","Question Card","Odd Mushroom","Velvet Choker"],"potions_floor_usage":[16,21,22],"damage_taken":[{"damage":0,"enemies":"Cultist","floor":1,"turns":3},{"damage":0,"enemies":"2 Louse","floor":3,"turns":2},{"damage":6,"enemies":"Jaw Worm","floor":4,"turns":3},{"damage":11,"enemies":"Blue Slaver","floor":5,"turns":3},{"damage":13,"enemies":"Large Slime","floor":8,"turns":5},{"damage":16,"floor":11,"turns":4},{"damage":7,"enemies":"Looter","floor":12,"turns":3},{"damage":7,"enemies":"Blue Slaver","floor":14,"turns":3},{"damage":19,"enemies":"Slime Boss","floor":16,"turns":7},{"damage":18,"enemies":"Shell Parasite","floor":18,"turns":5},{"damage":26,"enemies":"2 Thieves","floor":20,"turns":4},{"damage":30,"enemies":"Centurion and Healer","floor":21,"turns":5},{"damage":15,"enemies":"Snecko","floor":22,"turns":5}],"seed_played":"2559372587113882484","potions_obtained":[{"floor":3,"key":"SkillPotion"},{"floor":11,"key":"Energy Potion"},{"floor":12,"key":"Strength Potion"},{"floor":16,"key":"Strength Potion"},{"floor":20,"key":"Weak Potion"}],"is_trial":false,"path_per_floor":["M","?","M","M","M","R","?","M","T","$","?","M","R","M","R","B",null,"M","$","M","M"],"character_chosen":"DEFECT","items_purchased":["Thunder Strike","Barrage","Bandage Up"],"campfire_rested":3,"item_purchase_floors":[10,19,19],"current_hp_per_floor":[75,60,60,54,43,65,58,45,45,45,29,22,44,37,59,40,75,57,57,35,9,0],"gold":110,"neow_bonus":"RANDOM_COMMON_RELIC","is_prod":false,"is_daily":false,"chose_seed":false,"campfire_upgraded":0,"win_rate":0.0,"timestamp":1529748915,"path_taken":["M","?","M","M","M","R","?","M","T","?","?","M","R","M","R","BOSS","M","$","?","M","M"],"build_version":"2018-06-21v2","purchased_purges":0,"victory":false,"max_hp_per_floor":[75,75,75,75,75,75,75,75,75,75,75,75,75,75,75,75,75,75,75,75,75,75],"card_choices":[{"not_picked":["Coolheaded","Heatsinks"],"picked":"Streamline","floor":1},{"not_picked":["Stack","Coolheaded"],"picked":"Ball Lightning","floor":3},{"not_picked":["Self Repair","Reprogram"],"picked":"Static Discharge","floor":4},{"not_picked":["Coolheaded","Go for the Eyes"],"picked":"Steam","floor":5},{"not_picked":["Melter","Heatsinks"],"picked":"Genetic Algorithm","floor":8},{"not_picked":["Compile Driver","Blizzard","Glacier"],"picked":"Lockon","floor":11},{"not_picked":["Coolheaded","Rip and Tear","Streamline"],"picked":"Steam","floor":12},{"not_picked":["Aggregate","Steam Power","Stack"],"picked":"Barrage","floor":14},{"not_picked":["Reboot","Thunder Strike","All For One"],"picked":"Fission","floor":16},{"not_picked":["Sweeping Beam","Go for the Eyes","Conserve Battery"],"picked":"Loop","floor":18},{"not_picked":["Beam Cell","Redo","Lockon"],"picked":"Barrage+1","floor":20},{"not_picked":["Stack","Barrage","Coolheaded"],"picked":"Auto Shields+1","floor":21}],"player_experience":21204,"relics_obtained":[{"floor":9,"key":"Question Card"},{"floor":11,"key":"Odd Mushroom"}],"event_choices":[{"event_name":"Shining Light","player_choice":"Entered Light","floor":2,"damage_taken":0},{"event_name":"Golden Wing","player_choice":"Card Removal","floor":7,"damage_taken":0},{"event_name":"Mushrooms","player_choice":"Fought Mushrooms","floor":11,"damage_taken":0}],"boss_relics":[{"not_picked":["Nuclear Battery","Black Star"],"picked":"Velvet Choker"}],"items_purged_floors":[],"is_endless":false,"potions_floor_spawned":[3,11,12,16,20],"killed_by":"Snecko","ascension_level":0}