{"gold_per_floor":[113,129,54,68,29,29,57,57,57,74,85,85,85,85],"floor_reached":14,"playtime":543,"items_purged":["Strike_R"],"score":90,"play_id":"0799bf05-a673-48d8-ba7a-4f702a21549c","local_time":"20190130232515","is_ascension_mode":false,"campfire_choices":[{"data":"Corruption","floor":6,"key":"SMITH"},{"floor":8,"key":"REST"}],"neow_cost":"PERCENT_DAMAGE","seed_source_timestamp":96167921173998,"circlet_count":0,"master_deck":["Strike_R","Strike_R","Strike_R","Defend_R","Defend_R","Defend_R","Defend_R","Bash","Disarm"],"relics":["Burning Blood","Ginger","Blue Candle","Self Forming Clay","Pocketwatch"],"potions_floor_usage":[7,10,14],"damage_taken":[{"damage":1,"enemies":"Jaw Worm","floor":1,"turns":5},{"damage":4,"enemies":"Cultist","floor":2,"turns":4},{"damage":2,"enemies":"2 Louse","floor":4,"turns":3},{"damage":61,"enemies":"3 Sentries","floor":7,"turns":13},{"damage":33,"enemies":"Exordium Thugs","floor":10,"turns":7},{"damage":14,"enemies":"Blue Slaver","floor":11,"turns":4},{"damage":6,"enemies":"Gremlin Nob","floor":14,"turns":2}],"seed_played":"-2024695733624737739","potions_obtained":[{"floor":1,"key":"Dexterity Potion"},{"floor":4,"key":"SpeedPotion"},{"floor":7,"key":"Regen Potion"},{"floor":11,"key":"SkillPotion"}],"is_trial":false,"path_per_floor":["M","M","$","M","$","R","E","R","T","M","M","?","?","E"],"character_chosen":"IRONCLAD","items_purchased":["Corruption"],"campfire_rested":1,"item_purchase_floors":[5],"current_hp_per_floor":[61,63,63,67,67,67,12,36,36,24,16,9,9,3],"gold":85,"neow_bonus":"ONE_RARE_RELIC","is_prod":false,"is_daily":false,"chose_seed":false,"campfire_upgraded":1,"win_rate":0,"timestamp":1548903315,"path_taken":["M","M","$","M","$","R","E","R","T","M","M","?","?","E"],"build_version":"2019-01-23","purchased_purges":1,"victory":false,"max_hp_per_floor":[80,80,80,80,80,80,80,80,80,80,80,80,80,80],"card_choices":[{"not_picked":["Feel No Pain","Iron Wave","Havoc"],"picked":"SKIP","floor":1},{"not_picked":["Warcry","Clothesline","Headbutt"],"picked":"SKIP","floor":2},{"not_picked":["Shrug It Off","Barricade","Sever Soul"],"picked":"SKIP","floor":4},{"not_picked":["Sever Soul","Rage","Armaments"],"picked":"SKIP","floor":7},{"not_picked":["Twin Strike","Warcry","Shrug It Off"],"picked":"SKIP","floor":10},{"not_picked":["Armaments","Power Through"],"picked":"Disarm","floor":11}],"player_experience":286562,"relics_obtained":[{"floor":7,"key":"Blue Candle"},{"floor":9,"key":"Self Forming Clay"}],"event_choices":[{"cards_removed":["Strike_R"],"damage_healed":0,"gold_gain":0,"player_choice":"Card Removal","damage_taken":7,"max_hp_gain":0,"max_hp_loss":0,"event_name":"Golden Wing","floor":12,"gold_loss":0},{"cards_removed":["Corruption"],"damage_healed":0,"gold_gain":0,"player_choice":"Gave Card","damage_taken":0,"relics_obtained":["Pocketwatch"],"max_hp_gain":0,"max_hp_loss":0,"event_name":"WeMeetAgain","floor":13,"gold_loss":0}],"is_beta":false,"boss_relics":[],"items_purged_floors":[3],"is_endless":false,"potions_floor_spawned":[1,4,7,11],"killed_by":"Gremlin Nob","ascension_level":0}