{"gold_per_floor":[12,12,12,12,33,54,28,43,43,43,56,56,69,92,92,212,212,237,252,7,106,106,106,31,31,31,31,49,49,49,68,68,68],"floor_reached":33,"playtime":1629,"items_purged":["Bite"],"score":262,"play_id":"48b5f859-eed0-423b-90db-775ae62153fc","local_time":"20181231133344","is_ascension_mode":false,"campfire_choices":[{"floor":10,"key":"REST"},{"floor":12,"key":"REST"},{"floor":15,"key":"REST"},{"data":"Anger","floor":23,"key":"SMITH"},{"data":"Pommel Strike","floor":25,"key":"SMITH"},{"data":"Bash","floor":27,"key":"SMITH"},{"data":"Bite","floor":30,"key":"SMITH"},{"data":"Bite","floor":32,"key":"SMITH"}],"neow_cost":"NO_GOLD","seed_source_timestamp":830605855613010,"circlet_count":0,"master_deck":["Defend_R","Defend_R","Bash+1","Thunderclap","Sword Boomerang","Anger+1","Pommel Strike+1","Clash","Bite","Bite+1","Bite+1","Bite+1"],"relics":["Burning Blood","Golden Idol","Omamori","Dodecahedron","Empty Cage","Singing Bowl","Happy Flower"],"potions_floor_usage":[33,33],"damage_taken":[{"damage":10,"enemies":"Small Slimes","floor":1,"turns":3},{"damage":2,"enemies":"2 Louse","floor":5,"turns":3},{"damage":8,"enemies":"Jaw Worm","floor":6,"turns":4},{"damage":16,"enemies":"Large Slime","floor":8,"turns":5},{"damage":13,"enemies":"Exordium Thugs","floor":11,"turns":4},{"damage":9,"enemies":"Blue Slaver","floor":13,"turns":3},{"damage":10,"enemies":"Looter","floor":14,"turns":3},{"damage":7,"enemies":"Slime Boss","floor":16,"turns":7},{"damage":25,"enemies":"Spheric Guardian","floor":18,"turns":4},{"damage":0,"enemies":"3 Byrds","floor":19,"turns":4},{"damage":34,"enemies":"Sentry and Sphere","floor":28,"turns":5},{"damage":32,"enemies":"Snake Plant","floor":31,"turns":4},{"damage":41,"enemies":"Automaton","floor":33,"turns":6}],"seed_played":"-4932775755003053421","potions_obtained":[{"floor":8,"key":"Swift Potion"},{"floor":11,"key":"EssenceOfSteel"},{"floor":31,"key":"EssenceOfSteel"}],"is_trial":false,"path_per_floor":["M","?","?","?","M","M","$","M","T","R","M","R","M","M","R","B",null,"M","M","$","?","?","R","$","R","T","R","M","?","R","M","R","B"],"character_chosen":"IRONCLAD","items_purchased":["Sword Boomerang","Singing Bowl"],"campfire_rested":3,"item_purchase_floors":[7,20],"current_hp_per_floor":[76,56,49,31,35,33,33,23,23,47,40,64,61,57,80,79,80,61,67,67,67,56,56,56,56,56,56,38,38,38,32,32,11],"gold":68,"neow_bonus":"REMOVE_TWO","is_prod":false,"is_daily":false,"chose_seed":false,"campfire_upgraded":5,"win_rate":0,"timestamp":1546275824,"path_taken":["M","?","?","?","M","M","$","M","T","R","M","R","M","M","R","BOSS","M","M","$","?","?","R","$","R","T","R","M","?","R","M","R","BOSS"],"build_version":"2018-12-20","purchased_purges":1,"victory":false,"max_hp_per_floor":[80,80,80,80,80,80,80,80,80,80,80,80,80,80,80,80,80,80,80,80,80,56,56,56,56,56,56,58,58,58,60,60,60],"card_choices":[{"not_picked":["Clothesline","Warcry","Body Slam"],"picked":"SKIP","floor":1},{"not_picked":["Bloodletting","Battle Trance","Headbutt"],"picked":"SKIP","floor":5},{"not_picked":["Wild Strike","Havoc"],"picked":"Thunderclap","floor":6},{"not_picked":["Sword Boomerang","Shrug It Off"],"picked":"Anger","floor":8},{"not_picked":["True Grit","Twin Strike","Shrug It Off"],"picked":"SKIP","floor":11},{"not_picked":["Ghostly Armor","Sever Soul","Thunderclap"],"picked":"SKIP","floor":13},{"not_picked":["Feel No Pain","Sword Boomerang"],"picked":"Pommel Strike","floor":14},{"not_picked":["Pommel Strike+1","True Grit"],"picked":"Clash","floor":18},{"not_picked":["Sword Boomerang","Shrug It Off","Sever Soul"],"picked":"SKIP","floor":19},{"not_picked":["Uppercut+1","Thunderclap","Warcry"],"picked":"Singing Bowl","floor":28},{"not_picked":["Power Through","Sword Boomerang+1","Shrug It Off+1"],"picked":"Singing Bowl","floor":31}],"player_experience":131512,"relics_obtained":[{"floor":9,"key":"Dodecahedron"},{"floor":26,"key":"Happy Flower"}],"event_choices":[{"damage_healed":0,"gold_gain":0,"player_choice":"Take Damage","damage_taken":20,"relics_obtained":["Golden Idol"],"max_hp_gain":0,"max_hp_loss":0,"event_name":"Golden Idol","floor":2,"gold_loss":0},{"cards_removed":["Strike_R"],"damage_healed":0,"gold_gain":0,"player_choice":"Card Removal","damage_taken":7,"max_hp_gain":0,"max_hp_loss":0,"event_name":"Golden Wing","floor":3,"gold_loss":0},{"damage_healed":0,"gold_gain":0,"player_choice":"Success","damage_taken":18,"relics_obtained":["Omamori"],"max_hp_gain":0,"max_hp_loss":0,"event_name":"Scrap Ooze","floor":4,"gold_loss":0},{"damage_healed":0,"gold_gain":99,"player_choice":"Stole From Cult","damage_taken":0,"max_hp_gain":0,"max_hp_loss":0,"event_name":"Nest","floor":21,"gold_loss":0},{"damage_healed":0,"gold_gain":0,"player_choice":"Became a vampire","damage_taken":0,"max_hp_gain":0,"max_hp_loss":24,"event_name":"Vampires","floor":22,"gold_loss":0,"cards_obtained":["Bite","Bite","Bite","Bite","Bite"]},{"damage_healed":0,"gold_gain":0,"player_choice":"Upgraded","damage_taken":0,"max_hp_gain":0,"max_hp_loss":0,"event_name":"Upgrade Shrine","floor":29,"gold_loss":0,"cards_upgraded":["Bite"]}],"is_beta":false,"boss_relics":[{"not_picked":["Busted Crown","Lizard Tail"],"picked":"Empty Cage"}],"items_purged_floors":[24],"is_endless":false,"potions_floor_spawned":[8,11,31],"killed_by":"Automaton","ascension_level":0}