{"gold_per_floor":[117,134,134,84,9,36,36,71,94,94,105,105,124,136,136,234,234,247,247,262,262,282,282,309,321,397,407,407,425,36,48,48,148,148,167,167,181,281,299,299,313,339,339,339,351,351,351,363,363,363],"floor_reached":51,"playtime":2324,"items_purged":["Strike_R","Strike_R"],"score":830,"play_id":"8c2f11fe-f3b1-4627-ae2c-43e6d9494a09","local_time":"20190110172442","is_ascension_mode":true,"campfire_choices":[{"floor":12,"key":"REST"},{"data":"Armaments","floor":15,"key":"SMITH"},{"floor":23,"key":"REST"},{"floor":28,"key":"REST"},{"floor":32,"key":"REST"},{"floor":40,"key":"REST"},{"floor":44,"key":"REST"},{"floor":46,"key":"REST"},{"floor":49,"key":"REST"}],"neow_cost":"NONE","seed_source_timestamp":21021042133274,"circlet_count":0,"master_deck":["Defend_R","Defend_R","Defend_R","Bash","Armaments+1","Thunderclap","Metallicize","Twin Strike","Intimidate","Rampage","Heavy Blade","Impervious","Flex","Demon Form","Spot Weakness","True Grit+1","Juggernaut","Enlightenment","True Grit","Clothesline+1","Dark Embrace"],"relics":["Burning Blood","Red Skull","Strawberry","Bronze Scales","Runic Pyramid","Matryoshka","Lantern","Paper Frog","Thread and Needle","Sozu","Bird Faced Urn","Orichalcum","Darkstone Periapt"],"potions_floor_usage":[6,22,48],"damage_taken":[{"damage":2,"enemies":"Jaw Worm","floor":1,"turns":5},{"damage":3,"enemies":"2 Louse","floor":2,"turns":4},{"damage":32,"enemies":"Lagavulin","floor":6,"turns":8},{"damage":37,"enemies":"3 Sentries","floor":8,"turns":15},{"damage":0,"enemies":"Small Slimes","floor":11,"turns":4},{"damage":1,"enemies":"Blue Slaver","floor":13,"turns":4},{"damage":19,"enemies":"Lots of Slimes","floor":14,"turns":3},{"damage":29,"enemies":"Slime Boss","floor":16,"turns":9},{"damage":10,"enemies":"Spheric Guardian","floor":18,"turns":6},{"damage":32,"enemies":"2 Thieves","floor":20,"turns":5},{"damage":19,"enemies":"Centurion and Healer","floor":22,"turns":6},{"damage":34,"enemies":"Book of Stabbing","floor":24,"turns":7},{"damage":10,"enemies":"Shelled Parasite and Fungi","floor":25,"turns":7},{"damage":3,"enemies":"Chosen and Byrds","floor":27,"turns":3},{"damage":19,"enemies":"Snake Plant","floor":29,"turns":4},{"damage":4,"enemies":"Centurion and Healer","floor":31,"turns":7},{"damage":26,"enemies":"Automaton","floor":33,"turns":8},{"damage":0,"enemies":"Orb Walker","floor":35,"turns":4},{"damage":13,"enemies":"3 Shapes","floor":37,"turns":6},{"damage":65,"enemies":"Sphere and 2 Shapes","floor":39,"turns":5},{"damage":24,"enemies":"Jaw Worm Horde","floor":41,"turns":5},{"damage":21,"enemies":"Nemesis","floor":42,"turns":7},{"damage":9,"enemies":"Maw","floor":45,"turns":6},{"damage":19,"enemies":"Transient","floor":48,"turns":5},{"damage":92,"enemies":"Awakened One","floor":50,"turns":10}],"seed_played":"6175856337582379220","potions_obtained":[{"floor":1,"key":"Fire Potion"},{"floor":11,"key":"Ancient Potion"},{"floor":16,"key":"FearPotion"},{"floor":18,"key":"Block Potion"},{"floor":24,"key":"Fire Potion"}],"is_trial":false,"path_per_floor":["M","M","?","?","$","E","$","E","T","?","M","R","M","M","R","B",null,"M","?","M","?","M","R","E","M","T","M","R","M","$","M","R","B",null,"M","?","M","?","M","R","M","E","T","R","M","R","?","M","R","B",null],"character_chosen":"IRONCLAD","items_purchased":["Thread and Needle"],"campfire_rested":8,"item_purchase_floors":[30],"current_hp_per_floor":[88,88,81,81,81,55,55,31,31,31,37,65,70,57,57,34,95,91,72,46,46,33,63,35,31,31,34,64,51,51,53,83,63,100,100,100,93,93,34,64,46,31,31,61,64,94,94,83,100,20],"gold":363,"neow_bonus":"TEN_PERCENT_HP_BONUS","is_prod":false,"is_daily":false,"chose_seed":false,"campfire_upgraded":1,"win_rate":0,"timestamp":1547137482,"path_taken":["M","M","?","?","$","E","?","E","T","?","M","R","M","M","R","BOSS","M","?","M","?","?","R","E","M","T","M","R","M","?","M","R","BOSS","M","?","M","?","?","R","M","E","T","R","M","R","?","M","R","BOSS"],"build_version":"2019-01-03v4","purchased_purges":2,"victory":true,"max_hp_per_floor":[88,88,88,88,88,88,88,95,95,95,95,95,95,95,95,95,95,95,100,100,100,100,100,100,100,100,100,100,100,100,100,100,100,100,100,100,100,100,100,100,100,100,100,100,100,100,100,100,100,100],"card_choices":[{"not_picked":["Feel No Pain","Bloodletting"],"picked":"Armaments","floor":1},{"not_picked":["Armaments","Rupture"],"picked":"Thunderclap","floor":2},{"not_picked":["Flame Barrier","Double Tap"],"picked":"Metallicize","floor":6},{"not_picked":["Anger","Thunderclap"],"picked":"Twin Strike","floor":8},{"not_picked":["Armaments","Headbutt"],"picked":"Intimidate","floor":11},{"not_picked":["Thunderclap","Corruption"],"picked":"Rampage","floor":13},{"not_picked":["Headbutt","Perfected Strike"],"picked":"Heavy Blade","floor":14},{"not_picked":["Brutality","Fiend Fire"],"picked":"Impervious","floor":16},{"not_picked":["Armaments","True Grit","Thunderclap"],"picked":"SKIP","floor":18},{"not_picked":["Wild Strike+1","Havoc+1"],"picked":"Flex","floor":20},{"not_picked":["Second Wind","Pommel Strike","Sword Boomerang"],"picked":"SKIP","floor":22},{"not_picked":["Power Through","Thunderclap+1","Second Wind"],"picked":"SKIP","floor":24},{"not_picked":["Blood for Blood","Intimidate"],"picked":"Demon Form","floor":25},{"not_picked":["Warcry+1","Infernal Blade"],"picked":"Spot Weakness","floor":27},{"not_picked":["Warcry+1","Spot Weakness"],"picked":"True Grit+1","floor":29},{"not_picked":["Sword Boomerang","Dual Wield","Power Through"],"picked":"SKIP","floor":31},{"not_picked":["Demon Form","Double Tap"],"picked":"Juggernaut","floor":33},{"not_picked":["Hemokinesis","Rampage","Pommel Strike+1"],"picked":"SKIP","floor":35},{"not_picked":["Magnetism","Discovery"],"picked":"Enlightenment","floor":36},{"not_picked":["Battle Trance","Hemokinesis"],"picked":"True Grit","floor":37},{"not_picked":["Headbutt+1","Clash+1","Thunderclap"],"picked":"SKIP","floor":39},{"not_picked":["Blood for Blood+1","Flex"],"picked":"Clothesline+1","floor":41},{"not_picked":["Juggernaut","Havoc"],"picked":"Dark Embrace","floor":42},{"not_picked":["Spot Weakness+1","Rampage","Armaments"],"picked":"SKIP","floor":45},{"not_picked":["Perfected Strike","Pommel Strike+1","Headbutt+1"],"picked":"SKIP","floor":48}],"player_experience":166845,"relics_obtained":[{"floor":6,"key":"Red Skull"},{"floor":8,"key":"Strawberry"},{"floor":9,"key":"Bronze Scales"},{"floor":24,"key":"Matryoshka"},{"floor":26,"key":"Lantern"},{"floor":26,"key":"Paper Frog"},{"floor":42,"key":"Bird Faced Urn"},{"floor":43,"key":"Orichalcum"},{"floor":43,"key":"Darkstone Periapt"}],"event_choices":[{"cards_removed":["Strike_R"],"damage_healed":0,"gold_gain":0,"player_choice":"Card Removal","damage_taken":7,"max_hp_gain":0,"max_hp_loss":0,"event_name":"Golden Wing","floor":3,"gold_loss":0},{"cards_removed":["Defend_R"],"damage_healed":0,"gold_gain":0,"player_choice":"Card Removal","damage_taken":0,"max_hp_gain":0,"max_hp_loss":0,"event_name":"The Cleric","floor":4,"gold_loss":50},{"damage_healed":0,"gold_gain":0,"player_choice":"Ignored","damage_taken":0,"max_hp_gain":0,"max_hp_loss":0,"event_name":"Golden Idol","floor":10,"gold_loss":0},{"damage_healed":0,"gold_gain":0,"player_choice":"Shed Blood","damage_taken":24,"max_hp_gain":5,"max_hp_loss":0,"event_name":"Forgotten Altar","floor":19,"gold_loss":0},{"cards_removed":["Strike_R"],"damage_healed":0,"gold_gain":0,"player_choice":"Purged","damage_taken":0,"max_hp_gain":0,"max_hp_loss":0,"event_name":"Purifier","floor":21,"gold_loss":0},{"damage_healed":0,"gold_gain":0,"player_choice":"Memory 1","damage_taken":0,"max_hp_gain":0,"max_hp_loss":0,"event_name":"SensoryStone","floor":36,"gold_loss":0},{"damage_healed":0,"gold_gain":100,"player_choice":"Pray","damage_taken":0,"max_hp_gain":0,"max_hp_loss":0,"event_name":"Golden Shrine","floor":38,"gold_loss":0},{"cards_removed":["Strike_R"],"damage_healed":0,"gold_gain":0,"player_choice":"Purged","damage_taken":0,"max_hp_gain":0,"max_hp_loss":0,"event_name":"Purifier","floor":47,"gold_loss":0}],"is_beta":false,"boss_relics":[{"not_picked":["Velvet Choker","Tiny House"],"picked":"Runic Pyramid"},{"not_picked":["Lizard Tail","Busted Crown"],"picked":"Sozu"}],"items_purged_floors":[5,30],"is_endless":false,"potions_floor_spawned":[1,11,16,18,24,27,29,31,35,39,48],"ascension_level":2}