{"gold_per_floor":[129,159,171,203,94,94,64,64,64,92,92,125,125,144,144,268,331,344,344,364,385,406,406,406],"floor_reached":24,"playtime":4488,"items_purged":["Strike_R"],"score":216,"play_id":"2b7495d1-c15c-435a-8e53-70743fcf2e63","local_time":"20180805170026","is_ascension_mode":true,"campfire_choices":[{"data":"Shrug It Off","floor":6,"key":"SMITH"},{"data":"Body Slam","floor":8,"key":"SMITH"},{"floor":13,"key":"REST"},{"data":"Inflame","floor":15,"key":"SMITH"},{"floor":23,"key":"REST"}],"neow_cost":"NONE","seed_source_timestamp":538949182580582,"circlet_count":0,"master_deck":["Strike_R","Strike_R","Strike_R","Strike_R","Defend_R+1","Defend_R","Defend_R","Defend_R","Bash","Inflame+1","Evolve","Shrug It Off+1","Body Slam+1","Iron Wave+1","Reaper+1","Shrug It Off","True Grit"],"relics":["Burning Blood","MawBank","Molten Egg 2","Calipers","Golden Idol","Boot","Tiny House"],"potions_floor_usage":[10,12,12,20,24],"damage_taken":[{"damage":5,"enemies":"Small Slimes","floor":1,"turns":4},{"damage":9,"enemies":"Jaw Worm","floor":2,"turns":4},{"damage":5,"enemies":"Cultist","floor":4,"turns":4},{"damage":0,"enemies":"Looter","floor":7,"turns":4},{"damage":19,"enemies":"Gremlin Nob","floor":10,"turns":5},{"damage":41,"enemies":"Lagavulin","floor":12,"turns":7},{"damage":1,"enemies":"Red Slaver","floor":14,"turns":3},{"damage":50,"enemies":"Slime Boss","floor":16,"turns":9},{"damage":11,"enemies":"Spheric Guardian","floor":18,"turns":7},{"damage":8,"enemies":"Chosen","floor":20,"turns":6},{"damage":17,"enemies":"Centurion and Healer","floor":21,"turns":16},{"damage":37,"enemies":"Snake Plant","floor":22,"turns":7},{"damage":102,"enemies":"Gremlin Leader","floor":24,"turns":11}],"seed_played":"-8149155941154745633","potions_obtained":[{"floor":1,"key":"Strength Potion"},{"floor":2,"key":"Regen Potion"},{"floor":10,"key":"PowerPotion"},{"floor":16,"key":"SpeedPotion"},{"floor":17,"key":"Energy Potion"},{"floor":20,"key":"EntropicBrew"},{"floor":22,"key":"SteroidPotion"}],"is_trial":false,"path_per_floor":["M","M","?","M","$","R","M","R","T","E","?","E","R","M","R","B",null,"M","?","M","M","M","R"],"character_chosen":"IRONCLAD","items_purchased":["Shrug It Off"],"campfire_rested":2,"item_purchase_floors":[5],"current_hp_per_floor":[80,77,77,78,78,78,80,80,80,67,67,44,66,71,71,27,79,76,76,79,76,48,71,0],"gold":406,"neow_bonus":"RANDOM_COMMON_RELIC","is_prod":false,"is_daily":false,"chose_seed":false,"campfire_upgraded":3,"win_rate":0,"timestamp":1533459626,"path_taken":["M","M","?","?","$","R","M","R","T","E","?","E","R","M","R","BOSS","M","?","M","M","M","R","E"],"build_version":"2018-08-02","purchased_purges":1,"victory":false,"max_hp_per_floor":[80,80,80,80,80,80,80,80,80,80,74,74,74,74,74,74,79,79,79,79,79,79,79,79],"card_choices":[{"not_picked":["Ghostly Armor","Perfected Strike"],"picked":"Inflame","floor":1},{"not_picked":["Havoc","Pommel Strike"],"picked":"Evolve","floor":2},{"not_picked":["Bloodletting","Clash","Wild Strike"],"picked":"SKIP","floor":4},{"not_picked":["Shrug It Off","Twin Strike"],"picked":"Body Slam","floor":7},{"not_picked":["Warcry","Dropkick+1"],"picked":"Iron Wave+1","floor":10},{"not_picked":["Metallicize","Perfected Strike+1","Fire Breathing"],"picked":"SKIP","floor":12},{"not_picked":["Perfected Strike+1","Iron Wave+1","Armaments"],"picked":"SKIP","floor":14},{"not_picked":["Feed+1","Dark Embrace"],"picked":"Reaper+1","floor":16},{"not_picked":["Second Wind","Power Through"],"picked":"Shrug It Off","floor":17},{"not_picked":["Cleave+1","Sentinel+1","Pommel Strike+1"],"picked":"SKIP","floor":18},{"not_picked":["Blood for Blood+1","Thunderclap+1","Warcry"],"picked":"SKIP","floor":20},{"not_picked":["Clash+1","Pommel Strike+1","Pummel+1"],"picked":"SKIP","floor":21},{"not_picked":["Twin Strike+1","Bloodletting+1","Body Slam+1"],"picked":"SKIP","floor":22}],"player_experience":193203,"relics_obtained":[{"floor":9,"key":"Molten Egg 2"},{"floor":10,"key":"Calipers"},{"floor":12,"key":"Boot"}],"event_choices":[{"event_name":"Liars Game","player_choice":"disagreed","floor":3,"damage_taken":0},{"event_name":"Golden Idol","player_choice":"Lose Max HP","floor":11,"damage_taken":0},{"event_name":"The Library","player_choice":"Read","floor":19,"damage_taken":0}],"is_beta":false,"boss_relics":[{"not_picked":["Sozu","Runic Pyramid"],"picked":"Tiny House"}],"items_purged_floors":[5],"is_endless":false,"potions_floor_spawned":[1,2,10,16,20,22],"killed_by":"Gremlin Leader","ascension_level":1}