{"gold_per_floor":[114,126,140,150,162,196,196,209,236,236,236,250,270,286,286,383,383,400,4,4,29,29,29],"floor_reached":23,"playtime":2264,"items_purged":["Strike_R"],"score":195,"play_id":"4ac504f2-7adf-4642-a6ee-8f24b0d0a32f","local_time":"20190101151622","is_ascension_mode":false,"campfire_choices":[{"data":"Flex","floor":7,"key":"SMITH"},{"floor":15,"key":"REST"}],"neow_cost":"","seed_source_timestamp":322145828946756,"circlet_count":0,"master_deck":["Strike_R","Strike_R","Strike_R+1","Defend_R","Defend_R","Defend_R","Defend_R+1","Bash+1","Headbutt","Flex+1","Armaments","Shrug It Off","Bloodletting","Thunderclap","Metallicize","Second Wind","Inflame","Offering+1","Battle Trance","Dropkick","Shame"],"relics":["Burning Blood","Whetstone","Regal Pillow","Lizard Tail","Kunai","Unceasing Top","Potion Belt","War Paint"],"potions_floor_usage":[16,23,23],"damage_taken":[{"damage":6,"enemies":"Cultist","floor":1,"turns":3},{"damage":3,"enemies":"Small Slimes","floor":2,"turns":3},{"damage":9,"enemies":"Jaw Worm","floor":3,"turns":4},{"damage":23,"enemies":"Exordium Thugs","floor":4,"turns":5},{"damage":15,"enemies":"Exordium Wildlife","floor":5,"turns":5},{"damage":42,"enemies":"Gremlin Nob","floor":6,"turns":6},{"damage":12,"enemies":"2 Fungi Beasts","floor":8,"turns":3},{"damage":12,"enemies":"Blue Slaver","floor":12,"turns":4},{"damage":5,"enemies":"Lots of Slimes","floor":13,"turns":5},{"damage":5,"enemies":"Exordium Wildlife","floor":14,"turns":4},{"damage":34,"enemies":"The Guardian","floor":16,"turns":12},{"damage":25,"enemies":"Chosen","floor":18,"turns":7},{"damage":115,"enemies":"Slavers","floor":23,"turns":9}],"seed_played":"-1931982531887010094","potions_obtained":[{"floor":3,"key":"EssenceOfSteel"},{"floor":4,"key":"SneckoOil"},{"floor":5,"key":"Dexterity Potion"},{"floor":8,"key":"PowerPotion"}],"is_trial":false,"path_per_floor":["M","M","M","M","M","E","R","M","T","?","?","M","M","M","R","B",null,"M","$","?","T","?","E"],"character_chosen":"IRONCLAD","items_purchased":["Kunai","Dropkick"],"campfire_rested":1,"item_purchase_floors":[19,19],"current_hp_per_floor":[80,80,77,60,51,15,15,9,9,35,35,29,30,31,70,42,80,61,61,61,61,61,0],"gold":29,"neow_bonus":"","is_prod":false,"is_daily":false,"chose_seed":false,"campfire_upgraded":1,"win_rate":0.0,"timestamp":1546373782,"path_taken":["M","M","M","M","?","E","R","M","T","?","?","M","M","M","R","BOSS","M","$","?","?","?","E"],"build_version":"2018-12-20","purchased_purges":1,"victory":false,"max_hp_per_floor":[80,80,80,80,80,80,80,80,80,80,80,80,80,80,80,80,80,80,80,80,80,80,80],"card_choices":[{"not_picked":["Metallicize","Perfected Strike"],"picked":"Headbutt","floor":1},{"not_picked":["Headbutt","Twin Strike"],"picked":"Flex","floor":2},{"not_picked":["Anger","Clothesline"],"picked":"Armaments","floor":3},{"not_picked":["Entrench","True Grit"],"picked":"Shrug It Off","floor":4},{"not_picked":["Clash","Rage"],"picked":"Bloodletting","floor":5},{"not_picked":["Body Slam","Corruption","Perfected Strike"],"picked":"SKIP","floor":6},{"not_picked":["Hemokinesis","Flex"],"picked":"Thunderclap","floor":8},{"not_picked":["Armaments","Clothesline"],"picked":"Metallicize","floor":12},{"not_picked":["Corruption","Body Slam"],"picked":"Second Wind","floor":13},{"not_picked":["Whirlwind","Flame Barrier"],"picked":"Inflame","floor":14},{"not_picked":["Feed","Berserk"],"picked":"Offering","floor":16},{"not_picked":["Armaments","Clash"],"picked":"Battle Trance","floor":18}],"player_experience":0,"relics_obtained":[{"floor":6,"key":"Whetstone"},{"floor":9,"key":"Regal Pillow"},{"floor":21,"key":"Potion Belt"}],"event_choices":[{"damage_healed":26,"gold_gain":0,"player_choice":"Banana","damage_taken":0,"max_hp_gain":0,"max_hp_loss":0,"event_name":"Big Fish","floor":10,"gold_loss":0},{"cards_removed":["Strike_R"],"damage_healed":0,"gold_gain":0,"player_choice":"Offered Basic","damage_taken":0,"max_hp_gain":0,"max_hp_loss":0,"event_name":"Bonfire Elementals","floor":11,"gold_loss":0},{"damage_healed":0,"gold_gain":0,"player_choice":"Opened","damage_taken":0,"relics_obtained":["Unceasing Top"],"max_hp_gain":0,"max_hp_loss":0,"event_name":"The Mausoleum","floor":20,"gold_loss":0},{"damage_healed":0,"gold_gain":0,"player_choice":"Stole Relic","damage_taken":0,"relics_obtained":["War Paint"],"max_hp_gain":0,"max_hp_loss":0,"event_name":"Addict","floor":22,"gold_loss":0,"cards_obtained":["Shame"]}],"is_beta":false,"boss_relics":[{"not_picked":["Philosopher\u0027s Stone","Runic Dome"],"picked":"Lizard Tail"}],"items_purged_floors":[19],"is_endless":false,"potions_floor_spawned":[3,4,5,8],"killed_by":"Slavers","ascension_level":0}