{"gold_per_floor":[111,129,54,68,68,68,99,99,99,127,127,140,154,54,54,151,151,170,95,109,126,126,151,151,167,167,167,167,201,76,96,96,191,191,207,558,558,558,558,558,571,606,629,629,655,273,298,309,309,309],"floor_reached":50,"playtime":2689,"items_purged":["Strike_R","Parasite","Strike_R","Warcry"],"score":662,"play_id":"2f5cf8dd-0de0-4243-b466-3950a35fe86e","local_time":"20190112005600","is_ascension_mode":true,"campfire_choices":[{"data":"Fire Breathing","floor":6.0,"key":"SMITH"},{"data":"Whirlwind","floor":15.0,"key":"SMITH"},{"data":"Inflame","floor":24.0,"key":"SMITH"},{"data":"Fiend Fire","floor":27.0,"key":"SMITH"},{"floor":32.0,"key":"REST"},{"floor":40.0,"key":"REST"},{"data":"Heavy Blade","floor":44,"key":"SMITH"},{"floor":49,"key":"REST"}],"neow_cost":"NONE","seed_source_timestamp":51075604055836,"circlet_count":0,"master_deck":["Strike_R","Strike_R+1","Defend_R","Defend_R","Defend_R","Bash","Heavy Blade+1","Fire Breathing+1","Iron Wave+1","Uppercut","Whirlwind+1","Immolate","Clothesline+1","Inflame+1","Fiend Fire+1","Inflame+1","Metallicize+1","Reaper","Shrug It Off+1","Flex","Shame","Shrug It Off"],"special_seed":0,"relics":["Burning Blood","Champion Belt","Pantograph","Meat on the Bone","Du-Vu Doll","Snecko Eye","Blue Candle","Frozen Egg 2","Oddly Smooth Stone","Cursed Key","Old Coin","Dream Catcher","Bag of Preparation","Juzu Bracelet","Chemical X","Strawberry"],"potions_floor_usage":[47,50],"damage_taken":[{"damage":10.0,"enemies":"2 Louse","floor":1.0,"turns":3.0},{"damage":4.0,"enemies":"Small Slimes","floor":2.0,"turns":4.0},{"damage":3.0,"enemies":"Jaw Worm","floor":4.0,"turns":5.0},{"damage":40.0,"enemies":"3 Sentries","floor":7.0,"turns":9.0},{"damage":17.0,"enemies":"Gremlin Nob","floor":10.0,"turns":4.0},{"damage":0.0,"enemies":"Looter","floor":12.0,"turns":2.0},{"damage":11.0,"enemies":"Gremlin Gang","floor":13.0,"turns":5.0},{"damage":65.0,"enemies":"The Guardian","floor":16.0,"turns":16.0},{"damage":0.0,"enemies":"3 Byrds","floor":18.0,"turns":3.0},{"damage":3.0,"enemies":"Chosen","floor":20.0,"turns":3.0},{"damage":27.0,"enemies":"Shelled Parasite and Fungi","floor":21.0,"turns":5.0},{"damage":21.0,"enemies":"Gremlin Leader","floor":23.0,"turns":4.0},{"damage":7.0,"enemies":"Chosen and Byrds","floor":25.0,"turns":3.0},{"damage":60.0,"enemies":"Slavers","floor":29.0,"turns":4.0},{"damage":9.0,"enemies":"Centurion and Healer","floor":31.0,"turns":5.0},{"damage":55.0,"enemies":"Collector","floor":33.0,"turns":8.0},{"damage":10.0,"enemies":"3 Shapes","floor":35.0,"turns":2.0},{"damage":42.0,"enemies":"2 Orb Walkers","floor":36.0,"turns":4.0},{"damage":6.0,"enemies":"Orb Walker","floor":41.0,"turns":3.0},{"damage":39,"enemies":"Reptomancer","floor":42,"turns":7},{"damage":12,"enemies":"Giant Head","floor":45,"turns":6},{"damage":37,"enemies":"Nemesis","floor":47,"turns":5},{"damage":9,"enemies":"Jaw Worm Horde","floor":48,"turns":2},{"damage":104,"enemies":"Awakened One","floor":50,"turns":8}],"seed_played":"6642385377115086033","potions_obtained":[{"floor":4.0,"key":"Ancient Potion"},{"floor":12.0,"key":"SpeedPotion"},{"floor":13.0,"key":"AttackPotion"},{"floor":16.0,"key":"Regen Potion"},{"floor":20.0,"key":"BloodPotion"},{"floor":23.0,"key":"GamblersBrew"},{"floor":29.0,"key":"Swift Potion"},{"floor":35.0,"key":"Block Potion"},{"floor":42,"key":"SkillPotion"},{"floor":45,"key":"Explosive Potion"},{"floor":48,"key":"PowerPotion"}],"is_trial":false,"path_per_floor":["M","M","$","M","?","R","E","?","T","E","?","M","M","$","R","B",null,"M","?","M","M","?","E","R","M","T","R","?","E","$","M","R","B",null,"M","?","?","?","?","R","M","E","T","R","E","$","E","M","R","B"],"character_chosen":"IRONCLAD","items_purchased":["Chemical X","Shrug It Off"],"campfire_rested":3,"item_purchase_floors":[46,46],"current_hp_per_floor":[84,86,86,88,81,81,47,29,29,30,52,58,53,53,53,31,85,85,85,85,72,77,71,71,70,70,70,70,28,28,37,62,48,85,81,55,55,55,55,79,79,60,60,60,65,65,54,51,77,0],"gold":309,"neow_bonus":"TEN_PERCENT_HP_BONUS","is_prod":false,"is_daily":false,"chose_seed":false,"campfire_upgraded":5,"win_rate":0,"timestamp":1547250960,"path_taken":["M","M","$","M","?","R","E","?","T","E","?","M","M","$","R","BOSS","M","?","M","M","?","E","R","?","T","R","?","E","?","M","R","BOSS","M","?","?","?","?","R","M","E","T","R","E","$","E","M","R","BOSS"],"build_version":"2019-01-10","purchased_purges":4,"victory":false,"max_hp_per_floor":[88,88,88,88,88,88,88,88,88,88,88,88,88,85,85,85,85,85,85,85,85,85,85,85,85,85,85,85,85,85,85,85,85,85,85,85,85,81,81,81,81,81,81,81,81,81,88,88,88,88],"card_choices":[{"not_picked":["Sword Boomerang","Rupture"],"picked":"Heavy Blade","floor":1.0},{"not_picked":["Sever Soul","True Grit"],"picked":"Fire Breathing","floor":2.0},{"not_picked":["Corruption","Heavy Blade"],"picked":"Iron Wave","floor":4.0},{"not_picked":["Havoc","Heavy Blade"],"picked":"Uppercut","floor":7.0},{"not_picked":["True Grit","Carnage"],"picked":"Iron Wave","floor":10.0},{"not_picked":["Perfected Strike","Body Slam"],"picked":"Warcry","floor":12.0},{"not_picked":["Headbutt","Reckless Charge"],"picked":"Whirlwind","floor":13.0},{"not_picked":["Exhume","Offering"],"picked":"Immolate","floor":16.0},{"not_picked":["Shrug It Off","Sentinel"],"picked":"Clothesline+1","floor":18.0},{"not_picked":["Perfected Strike","Fire Breathing"],"picked":"Inflame","floor":20.0},{"not_picked":["Body Slam+1","Cleave","Headbutt"],"picked":"SKIP","floor":21.0},{"not_picked":["Carnage","Headbutt"],"picked":"Fiend Fire","floor":23.0},{"not_picked":["Whirlwind","Sever Soul","Thunderclap"],"picked":"SKIP","floor":25.0},{"not_picked":["Sever Soul+1","Disarm+1"],"picked":"Metallicize+1","floor":29.0},{"not_picked":["Cleave","Wild Strike","Thunderclap+1"],"picked":"SKIP","floor":31.0},{"not_picked":["Bludgeon","Brutality+1"],"picked":"Reaper","floor":33.0},{"not_picked":["Body Slam+1","Anger+1","Wild Strike+1"],"picked":"SKIP","floor":35.0},{"not_picked":["Feel No Pain+1","True Grit"],"picked":"Shrug It Off+1","floor":41.0},{"not_picked":["Searing Blow","Seeing Red+1"],"picked":"Flex","floor":42},{"not_picked":["Thunderclap","Berserk+1","Anger+1"],"picked":"SKIP","floor":45},{"not_picked":["Sword Boomerang+1","Flex","Anger+1"],"picked":"SKIP","floor":47},{"not_picked":["Corruption+1","Armaments","Perfected Strike+1"],"picked":"SKIP","floor":48}],"player_experience":188185,"relics_obtained":[{"floor":7.0,"key":"Pantograph"},{"floor":9.0,"key":"Meat on the Bone"},{"floor":10.0,"key":"Du-Vu Doll"},{"floor":23.0,"key":"Blue Candle"},{"floor":26.0,"key":"Frozen Egg 2"},{"floor":29.0,"key":"Oddly Smooth Stone"},{"floor":36.0,"key":"Old Coin"},{"floor":42,"key":"Dream Catcher"},{"floor":43,"key":"Bag of Preparation"},{"floor":45,"key":"Juzu Bracelet"},{"floor":47,"key":"Strawberry"}],"event_choices":[{"damage_healed":0.0,"max_hp_gain":0.0,"max_hp_loss":0.0,"gold_gain":0.0,"event_name":"Scrap Ooze","player_choice":"Success","floor":5.0,"gold_loss":0.0,"damage_taken":7.0,"relics_obtained":["Champion Belt"]},{"damage_healed":0.0,"max_hp_gain":0.0,"max_hp_loss":0.0,"gold_gain":0.0,"event_name":"Shining Light","player_choice":"Entered Light","floor":8.0,"gold_loss":0.0,"damage_taken":18.0,"cards_upgraded":["Strike_R","Iron Wave"]},{"damage_healed":22.0,"max_hp_gain":0.0,"max_hp_loss":0.0,"gold_gain":0.0,"event_name":"Mushrooms","player_choice":"Healed and dodged fight","floor":11.0,"gold_loss":0.0,"damage_taken":0.0,"cards_obtained":["Parasite"]},{"cards_removed":["Strike_R"],"damage_healed":0.0,"max_hp_gain":0.0,"max_hp_loss":0.0,"gold_gain":0.0,"event_name":"Beggar","player_choice":"Gave Gold","floor":19.0,"gold_loss":75.0,"damage_taken":0.0},{"cards_removed":["Iron Wave"],"damage_healed":5.0,"max_hp_gain":0.0,"max_hp_loss":0.0,"gold_gain":0.0,"event_name":"Bonfire Elementals","player_choice":"Offered Common","floor":22.0,"gold_loss":0.0,"damage_taken":0.0},{"cards_removed":["Iron Wave"],"damage_healed":5.0,"max_hp_gain":0.0,"max_hp_loss":0.0,"gold_gain":0.0,"event_name":"Bonfire Elementals","player_choice":"Offered Special","floor":22.0,"gold_loss":0.0,"damage_taken":0.0},{"damage_healed":0.0,"max_hp_gain":0.0,"max_hp_loss":0.0,"gold_gain":0.0,"event_name":"Duplicator","player_choice":"Copied","floor":28.0,"gold_loss":0.0,"damage_taken":0.0,"cards_obtained":["Inflame"]},{"damage_healed":0.0,"max_hp_gain":0.0,"max_hp_loss":0.0,"gold_gain":0.0,"event_name":"Mysterious Sphere","player_choice":"Fight","floor":36.0,"gold_loss":0.0,"damage_taken":0.0},{"damage_healed":0.0,"max_hp_gain":0.0,"max_hp_loss":0.0,"gold_gain":0.0,"event_name":"Tomb of Lord Red Mask","player_choice":"Ignored","floor":37.0,"gold_loss":0.0,"damage_taken":0.0},{"damage_healed":0.0,"max_hp_gain":0.0,"max_hp_loss":4.0,"gold_gain":0.0,"event_name":"Winding Halls","player_choice":"Max HP","floor":38.0,"gold_loss":0.0,"damage_taken":0.0},{"cards_removed":["Defend_R"],"damage_healed":0.0,"max_hp_gain":0.0,"max_hp_loss":0.0,"gold_gain":0.0,"event_name":"Falling","player_choice":"Removed Skill","floor":39.0,"gold_loss":0.0,"damage_taken":0.0}],"is_beta":false,"boss_relics":[{"not_picked":["Calling Bell","Velvet Choker"],"picked":"Snecko Eye"},{"not_picked":["Runic Dome","Astrolabe"],"picked":"Cursed Key"}],"items_purged_floors":[3,14,30,46],"is_endless":false,"potions_floor_spawned":[4,12,13,16,20,23,29,35,42,45,48],"killed_by":"Awakened One","ascension_level":3}