{"gold_per_floor":[112,43,54,54,67,95,95,117,117,117,117,141,141,160,160,281,281,301,152,170,92,123,123,55,55,80,80,80,95,128,142,142,142],"floor_reached":33,"playtime":1092,"items_purged":["Injury"],"score":313,"play_id":"dca2863b-2496-4f94-8f3b-3cc607830056","local_time":"20190115131024","is_ascension_mode":false,"campfire_choices":[{"data":"Self Repair","floor":7,"key":"SMITH"},{"data":"Zap","floor":10,"key":"SMITH"},{"data":"Electrodynamics","floor":13,"key":"SMITH"},{"data":"Dualcast","floor":15,"key":"SMITH"},{"data":"Capacitor","floor":23,"key":"SMITH"},{"data":"Capacitor","floor":27,"key":"SMITH"},{"floor":32,"key":"REST"}],"neow_cost":"TEN_PERCENT_HP_LOSS","seed_source_timestamp":434813104563654,"circlet_count":0,"master_deck":["Strike_B+1","Strike_B+1","Defend_B","Defend_B","Defend_B+1","Defend_B","Zap+1","Dualcast+1","Electrodynamics+1","Leap+1","Self Repair+1","Leap","Ball Lightning","Leap","Leap","Seek","Capacitor+1","Leap+1","Self Repair","Ball Lightning+1","Capacitor+1","Sweeping Beam","Double Energy","Capacitor","Ball Lightning","Ball Lightning"],"relics":["Cracked Core","Prayer Wheel","Odd Mushroom","Mercury Hourglass","Golden Idol","Sozu","Red Mask","Whetstone","Lantern"],"potions_floor_usage":[7,18,33,33],"damage_taken":[{"damage":0,"enemies":"Small Slimes","floor":1,"turns":2},{"damage":3,"enemies":"2 Louse","floor":3,"turns":3},{"damage":4,"enemies":"Jaw Worm","floor":5,"turns":4},{"damage":14,"enemies":"3 Sentries","floor":6,"turns":5},{"damage":10,"enemies":"The Mushroom Lair","floor":8,"turns":3},{"damage":2,"enemies":"Lots of Slimes","floor":12,"turns":3},{"damage":0,"enemies":"Large Slime","floor":14,"turns":3},{"damage":22,"enemies":"The Guardian","floor":16,"turns":14},{"damage":0,"enemies":"Spheric Guardian","floor":18,"turns":3},{"damage":14,"enemies":"Shell Parasite","floor":20,"turns":6},{"damage":5,"enemies":"Masked Bandits","floor":22,"turns":2},{"damage":1,"enemies":"Snake Plant","floor":29,"turns":4},{"damage":56,"enemies":"Slavers","floor":30,"turns":6},{"damage":16,"enemies":"Shelled Parasite and Fungi","floor":31,"turns":8},{"damage":60,"enemies":"Champ","floor":33,"turns":11}],"seed_played":"3204816116711913893","potions_obtained":[{"floor":5,"key":"Fruit Juice"},{"floor":6,"key":"AttackPotion"},{"floor":14,"key":"GamblersBrew"},{"floor":16,"key":"FearPotion"}],"is_trial":false,"path_per_floor":["M","$","M","?","M","E","R","?","T","R","?","M","R","M","R","B",null,"M","$","M","$","?","R","$","?","T","R","?","M","E","M","R","B"],"character_chosen":"DEFECT","items_purchased":["Self Repair","Capacitor","Self Repair","Capacitor"],"campfire_rested":1,"item_purchase_floors":[2,19,21,24],"current_hp_per_floor":[68,68,68,54,57,50,55,55,55,55,55,63,63,63,63,51,73,73,73,69,69,73,73,73,73,73,73,73,73,34,35,56,0],"gold":142,"neow_bonus":"THREE_RARE_CARDS","is_prod":false,"is_daily":false,"chose_seed":false,"campfire_upgraded":6,"win_rate":0,"timestamp":1547554224,"path_taken":["M","$","M","?","M","E","R","?","T","R","?","?","R","M","R","BOSS","M","?","M","$","?","R","$","?","T","R","?","M","E","M","R","BOSS"],"build_version":"2019-01-10","purchased_purges":1,"victory":false,"max_hp_per_floor":[68,68,68,68,68,68,73,73,73,73,73,73,73,73,73,73,73,73,73,73,73,73,73,73,73,73,73,73,73,73,73,73,73],"card_choices":[{"not_picked":["Machine Learning","Seek"],"picked":"Electrodynamics","floor":0},{"not_picked":["Beam Cell","Gash"],"picked":"Leap","floor":1},{"not_picked":["Reprogram","Chaos"],"picked":"Leap","floor":3},{"not_picked":["Barrage","Redo","Streamline"],"picked":"SKIP","floor":5},{"not_picked":["Seek","Leap"],"picked":"Ball Lightning","floor":6},{"not_picked":["Conserve Battery","Sweeping Beam"],"picked":"Leap","floor":8},{"not_picked":["Chill","Steam"],"picked":"Leap","floor":12},{"not_picked":["Beam Cell","Rip and Tear","Cold Snap"],"picked":"SKIP","floor":12},{"not_picked":["Stack","Turbo","Rebound"],"picked":"SKIP","floor":14},{"not_picked":["Conserve Battery","Compile Driver","Redo"],"picked":"SKIP","floor":14},{"not_picked":["Core Surge","Fission"],"picked":"Seek","floor":16},{"not_picked":["Compile Driver","Turbo","Go for the Eyes"],"picked":"SKIP","floor":18},{"not_picked":["Turbo+1","Coolheaded","Chaos"],"picked":"SKIP","floor":18},{"not_picked":["Chill+1","Heatsinks"],"picked":"Leap+1","floor":20},{"not_picked":["Gash","Sweeping Beam","Beam Cell"],"picked":"SKIP","floor":20},{"not_picked":["Beam Cell","Leap"],"picked":"Ball Lightning+1","floor":22},{"not_picked":["Streamline+1","Sweeping Beam+1"],"picked":"Capacitor","floor":29},{"not_picked":["Conserve Battery","Skim","Buffer"],"picked":"SKIP","floor":29},{"not_picked":["Capacitor","Beam Cell"],"picked":"Ball Lightning","floor":30},{"not_picked":["Coolheaded","Barrage"],"picked":"Ball Lightning","floor":31},{"not_picked":["Stack","Meteor Strike","White Noise"],"picked":"SKIP","floor":31}],"player_experience":420605,"relics_obtained":[{"floor":6,"key":"Prayer Wheel"},{"floor":8,"key":"Odd Mushroom"},{"floor":9,"key":"Mercury Hourglass"},{"floor":22,"key":"Red Mask"},{"floor":26,"key":"Whetstone"},{"floor":30,"key":"Lantern"}],"event_choices":[{"damage_healed":0,"gold_gain":0,"player_choice":"Entered Light","damage_taken":14,"max_hp_gain":0,"max_hp_loss":0,"event_name":"Shining Light","floor":4,"gold_loss":0,"cards_upgraded":["Leap","Defend_B"]},{"damage_healed":0,"gold_gain":0,"player_choice":"Fought Mushrooms","damage_taken":0,"max_hp_gain":0,"max_hp_loss":0,"event_name":"Mushrooms","floor":8,"gold_loss":0},{"damage_healed":0,"gold_gain":0,"player_choice":"Take Wound","damage_taken":0,"relics_obtained":["Golden Idol"],"max_hp_gain":0,"max_hp_loss":0,"event_name":"Golden Idol","floor":11,"gold_loss":0,"cards_obtained":["Injury"]},{"damage_healed":0,"gold_gain":0,"player_choice":"Fought Bandits","damage_taken":0,"max_hp_gain":0,"max_hp_loss":0,"event_name":"Masked Bandits","floor":22,"gold_loss":0},{"damage_healed":0,"gold_gain":0,"player_choice":"Ignored","damage_taken":0,"max_hp_gain":0,"max_hp_loss":0,"event_name":"Beggar","floor":25,"gold_loss":0},{"damage_healed":0,"gold_gain":0,"cards_transformed":["Strike_B","Strike_B"],"player_choice":"Became Test Subject","damage_taken":0,"max_hp_gain":0,"max_hp_loss":0,"event_name":"Drug Dealer","floor":28,"gold_loss":0,"cards_obtained":["Sweeping Beam","Double Energy"]}],"is_beta":false,"boss_relics":[{"not_picked":["White Beast Statue","Orrery"],"picked":"Sozu"}],"items_purged_floors":[19],"is_endless":false,"potions_floor_spawned":[5,6,14,16,20,29],"killed_by":"Champ","ascension_level":0}