{"gold_per_floor":[19,19,33,33,43,77,77,91,169,202,230,242,242,167,167,264,264,279,124,153,153,169,200,200,220,220,220,135,135,35,35,35,131,131,149,149,169,44,266,278,128,128,205,30,40,40],"floor_reached":46,"playtime":1523,"items_purged":["Bash","Decay","Normality","Shame","Writhe"],"score":519,"play_id":"80928e83-aea0-4191-a64f-d7f61df37bb5","local_time":"20181229145202","is_ascension_mode":false,"campfire_choices":[{"data":"Immolate","floor":7,"key":"SMITH"},{"data":"Spot Weakness","floor":15,"key":"SMITH"},{"floor":24,"key":"REST"},{"data":"Heavy Blade","floor":27,"key":"SMITH"},{"data":"Metallicize","floor":32,"key":"SMITH"},{"data":"Barricade","floor":42,"key":"SMITH"}],"neow_cost":"NO_GOLD","seed_source_timestamp":704228501275999,"circlet_count":0,"master_deck":["Defend_R","Defend_R","Defend_R","Defend_R","Immolate+1","Ghostly Armor","Wild Strike","Spot Weakness+1","Clothesline","Feed","Heavy Blade+1","Bite","Bite","Bite","Bite","Bite","Metallicize+1","Barricade+1","Clumsy","Feed","Parasite","Entrench+1"],"relics":["Burning Blood","Vajra","Question Card","Darkstone Periapt","Singing Bowl","Incense Burner","Odd Mushroom","Cursed Key","Anchor","Red Mask","Centennial Puzzle","Pen Nib","Potion Belt","Orichalcum","Calling Bell","Oddly Smooth Stone","Ornamental Fan","Nunchaku","Meat on the Bone"],"potions_floor_usage":[10,10,25,33,33,40],"damage_taken":[{"damage":6,"enemies":"Jaw Worm","floor":1,"turns":3},{"damage":5,"enemies":"Small Slimes","floor":3,"turns":3},{"damage":0,"enemies":"2 Louse","floor":5,"turns":2},{"damage":14,"enemies":"Gremlin Nob","floor":6,"turns":3},{"damage":6,"enemies":"Exordium Wildlife","floor":8,"turns":2},{"damage":26,"enemies":"Lagavulin","floor":10,"turns":4},{"damage":0,"enemies":"The Mushroom Lair","floor":11,"turns":2},{"damage":9,"enemies":"Blue Slaver","floor":12,"turns":2},{"damage":49,"enemies":"Hexaghost","floor":16,"turns":13},{"damage":30,"enemies":"Shell Parasite","floor":18,"turns":5},{"damage":15,"enemies":"Masked Bandits","floor":20,"turns":4},{"damage":0,"enemies":"Chosen","floor":22,"turns":4},{"damage":49,"enemies":"Book of Stabbing","floor":23,"turns":8},{"damage":20,"enemies":"Centurion and Healer","floor":25,"turns":4},{"damage":23,"enemies":"Automaton","floor":33,"turns":7},{"damage":25,"enemies":"3 Darklings","floor":35,"turns":4},{"damage":1,"enemies":"Orb Walker","floor":37,"turns":4},{"damage":14,"enemies":"Jaw Worm Horde","floor":40,"turns":3},{"damage":20,"enemies":"4 Shapes","floor":45,"turns":4},{"damage":135,"enemies":"Giant Head","floor":46,"turns":13}],"seed_played":"-5660656261303202572","potions_obtained":[{"floor":3,"key":"Dexterity Potion"},{"floor":5,"key":"Poison Potion"},{"floor":8,"key":"Fire Potion"},{"floor":11,"key":"SkillPotion"},{"floor":23,"key":"SpeedPotion"},{"floor":25,"key":"EssenceOfSteel"},{"floor":40,"key":"Strength Potion"}],"is_trial":false,"path_per_floor":["M","?","M","T","M","E","R","M","T","E","?","M","?","$","R","B",null,"M","$","?","?","M","E","R","M","T","R","?","?","$","?","R","B",null,"M","?","M","$","?","M","$","R","T","$","M","E"],"character_chosen":"IRONCLAD","items_purchased":["Anchor"],"campfire_rested":1,"item_purchase_floors":[19],"current_hp_per_floor":[80,47,48,48,54,46,46,46,46,26,34,33,61,61,61,18,84,65,65,61,67,78,35,66,54,60,60,60,60,60,60,60,65,97,84,84,94,94,94,91,91,91,97,97,89,0],"gold":40,"neow_bonus":"THREE_RARE_CARDS","is_prod":false,"is_daily":false,"chose_seed":false,"campfire_upgraded":5,"win_rate":0,"timestamp":1546091522,"path_taken":["M","?","M","?","M","E","R","M","T","E","?","M","?","$","R","BOSS","M","$","?","?","M","E","R","M","T","R","?","?","$","?","R","BOSS","M","?","M","$","?","M","$","R","T","?","M","E"],"build_version":"2018-12-20","purchased_purges":5,"victory":false,"max_hp_per_floor":[80,80,80,80,80,80,80,80,80,80,82,84,84,84,84,84,84,89,89,94,100,105,105,105,107,113,113,113,79,79,79,79,79,97,99,94,97,97,97,99,99,99,105,105,105,105],"card_choices":[{"not_picked":["Bludgeon","Juggernaut"],"picked":"Immolate","floor":0},{"not_picked":["Cleave","True Grit","Seeing Red"],"picked":"SKIP","floor":1},{"not_picked":["Combust","Heavy Blade"],"picked":"Ghostly Armor","floor":3},{"not_picked":["Fire Breathing","Body Slam","Bloodletting"],"picked":"Wild Strike","floor":5},{"not_picked":["Heavy Blade","Thunderclap","Wild Strike","Reckless Charge"],"picked":"SKIP","floor":6},{"not_picked":["Evolve","Whirlwind","Headbutt"],"picked":"Spot Weakness","floor":8},{"not_picked":["Berserk","Body Slam","Armaments"],"picked":"Clothesline","floor":10},{"not_picked":["Warcry","Anger","Havoc","Heavy Blade"],"picked":"Singing Bowl","floor":11},{"not_picked":["Clothesline","Fire Breathing","Havoc","Iron Wave"],"picked":"Singing Bowl","floor":12},{"not_picked":["Fiend Fire","Offering","Dark Embrace"],"picked":"Feed","floor":16},{"not_picked":["Body Slam+1","Battle Trance","Searing Blow","Uppercut"],"picked":"Singing Bowl","floor":18},{"not_picked":["Evolve","True Grit","Ghostly Armor","Hemokinesis+1"],"picked":"Singing Bowl","floor":20},{"not_picked":["Battle Trance","Whirlwind","Warcry","Body Slam+1"],"picked":"Singing Bowl","floor":22},{"not_picked":["Rupture","Searing Blow","Uppercut+1"],"picked":"Heavy Blade","floor":23},{"not_picked":["Flex","Sword Boomerang","Dark Embrace","Rage+1"],"picked":"Singing Bowl","floor":25},{"not_picked":["Fiend Fire","Double Tap","Dark Embrace"],"picked":"Barricade","floor":33},{"not_picked":["Wild Strike+1","Anger+1","Armaments","Dropkick"],"picked":"Singing Bowl","floor":35},{"not_picked":["Anger","Seeing Red+1","Wild Strike+1"],"picked":"Feed","floor":37},{"not_picked":["Combust","Cleave","Infernal Blade+1","Wild Strike"],"picked":"Singing Bowl","floor":40},{"not_picked":["Carnage+1","Shockwave","Offering"],"picked":"Entrench+1","floor":45}],"player_experience":240385,"relics_obtained":[{"floor":4,"key":"Question Card"},{"floor":6,"key":"Darkstone Periapt"},{"floor":9,"key":"Singing Bowl"},{"floor":10,"key":"Incense Burner"},{"floor":11,"key":"Odd Mushroom"},{"floor":20,"key":"Red Mask"},{"floor":23,"key":"Pen Nib"},{"floor":26,"key":"Potion Belt"},{"floor":34,"key":"Oddly Smooth Stone"},{"floor":34,"key":"Ornamental Fan"},{"floor":34,"key":"Nunchaku"},{"floor":43,"key":"Meat on the Bone"}],"event_choices":[{"damage_healed":0,"gold_gain":0,"player_choice":"Success","damage_taken":33,"relics_obtained":["Vajra"],"max_hp_gain":0,"max_hp_loss":0,"event_name":"Scrap Ooze","floor":2,"gold_loss":0},{"damage_healed":0,"gold_gain":0,"player_choice":"Fought Mushrooms","damage_taken":0,"max_hp_gain":0,"max_hp_loss":0,"event_name":"Mushrooms","floor":11,"gold_loss":0},{"damage_healed":28,"gold_gain":0,"player_choice":"Banana","damage_taken":0,"max_hp_gain":0,"max_hp_loss":0,"event_name":"Big Fish","floor":13,"gold_loss":0},{"damage_healed":0,"gold_gain":0,"player_choice":"Fought Bandits","damage_taken":0,"max_hp_gain":0,"max_hp_loss":0,"event_name":"Masked Bandits","floor":20,"gold_loss":0},{"damage_healed":0,"gold_gain":0,"player_choice":"Opened","damage_taken":0,"relics_obtained":["Centennial Puzzle"],"max_hp_gain":0,"max_hp_loss":0,"event_name":"The Mausoleum","floor":21,"gold_loss":0,"cards_obtained":["Writhe"]},{"damage_healed":0,"gold_gain":0,"player_choice":"Obtained Relic","damage_taken":0,"relics_obtained":["Orichalcum"],"max_hp_gain":0,"max_hp_loss":0,"event_name":"Addict","floor":28,"gold_loss":85},{"damage_healed":0,"gold_gain":0,"player_choice":"Became a vampire","damage_taken":0,"max_hp_gain":0,"max_hp_loss":34,"event_name":"Vampires","floor":29,"gold_loss":0,"cards_obtained":["Bite","Bite","Bite","Bite","Bite"]},{"damage_healed":0,"gold_gain":0,"player_choice":"Read","damage_taken":0,"max_hp_gain":0,"max_hp_loss":0,"event_name":"The Library","floor":31,"gold_loss":0,"cards_obtained":["Metallicize"]},{"damage_healed":0,"gold_gain":0,"player_choice":"Max HP","damage_taken":0,"max_hp_gain":0,"max_hp_loss":5,"event_name":"Winding Halls","floor":36,"gold_loss":0},{"damage_healed":0,"gold_gain":222,"player_choice":"Wore Mask","damage_taken":0,"max_hp_gain":0,"max_hp_loss":0,"event_name":"Tomb of Lord Red Mask","floor":39,"gold_loss":0}],"is_beta":false,"boss_relics":[{"not_picked":["Tiny House","Busted Crown"],"picked":"Cursed Key"},{"not_picked":["Eternal Feather","Coffee Dripper"],"picked":"Calling Bell"}],"items_purged_floors":[14,30,38,41,44],"is_endless":false,"potions_floor_spawned":[3,5,8,11,23,25,40],"killed_by":"Giant Head","ascension_level":0}