{"gold_per_floor":[119,119,69,69,69,112,287,330,330,330,330,355,373,398,398,529,592,613,613,91,104,229,229],"floor_reached":23,"playtime":679,"items_purged":["Doubt"],"score":383,"play_id":"69902317-81c5-4961-a741-faad72ed9f68","local_time":"20190202001659","is_ascension_mode":true,"campfire_choices":[{"data":"Corpse Explosion","floor":10,"key":"SMITH"},{"data":"Deadly Poison","floor":15,"key":"SMITH"}],"neow_cost":"NONE","seed_source_timestamp":39900200228500,"circlet_count":0,"master_deck":["AscendersBane","Defend_G","Defend_G+1","Defend_G","Defend_G","Defend_G","Strike_G","Strike_G","Strike_G","Strike_G","Survivor","Neutralize","PiercingWail","Deadly Poison","Corpse Explosion+1","Slice","PiercingWail","Deadly Poison+1","Die Die Die","Footwork","Crippling Poison","Noxious Fumes","Backstab","Blade Dance+1","Dodge and Roll+1","Leg Sweep+1"],"relics":["Ring of the Snake","NeowsBlessing","Golden Idol","Bag of Marbles","Snake Skull","Omamori","Bag of Preparation","Tiny House","Toxic Egg 2","Nunchaku","Bottled Flame"],"potions_floor_usage":[16,22,22,23,23],"damage_taken":[{"damage":0,"enemies":"Jaw Worm","floor":1,"turns":1},{"damage":0,"enemies":"Lagavulin","floor":6,"turns":1},{"damage":0,"enemies":"Gremlin Nob","floor":8,"turns":1},{"damage":0,"enemies":"Small Slimes","floor":12,"turns":3},{"damage":1,"enemies":"2 Louse","floor":13,"turns":2},{"damage":0,"enemies":"2 Fungi Beasts","floor":14,"turns":3},{"damage":27,"enemies":"Slime Boss","floor":16,"turns":11},{"damage":0,"enemies":"Chosen","floor":18,"turns":4},{"damage":11,"enemies":"2 Thieves","floor":21,"turns":4},{"damage":19,"enemies":"Colosseum Slavers","floor":22,"turns":2},{"damage":19,"enemies":"Colosseum Nobs","floor":22,"turns":4},{"damage":13,"enemies":"Book of Stabbing","floor":23,"turns":4}],"seed_played":"4878886284628743919","potions_obtained":[{"floor":6,"key":"PowerPotion"},{"floor":13,"key":"GamblersBrew"},{"floor":14,"key":"PowerPotion"},{"floor":17,"key":"EntropicBrew"}],"is_trial":false,"path_per_floor":["M","?","$","?","$","E","?","E","T","R","?","M","M","M","R","B",null,"M","?","$","M","?","E"],"character_chosen":"THE_SILENT","items_purchased":["Deadly Poison","Noxious Fumes","Backstab","Toxic Egg 2","Blade Dance+1"],"campfire_rested":0,"item_purchase_floors":[3,20,20,20,20],"current_hp_per_floor":[63,63,63,60,60,60,60,60,60,60,60,60,59,59,59,32,62,62,62,62,51,13,0],"gold":229,"neow_bonus":"THREE_ENEMY_KILL","is_prod":false,"is_daily":false,"chose_seed":false,"campfire_upgraded":2,"win_rate":0,"timestamp":1549059419,"path_taken":["M","?","$","?","$","E","?","E","T","R","?","?","M","M","R","BOSS","M","?","$","?","?","E"],"build_version":"2019-01-23","purchased_purges":1,"victory":false,"max_hp_per_floor":[70,65,65,65,65,65,65,65,65,65,65,65,65,65,65,65,70,70,70,70,70,70,70],"card_choices":[{"not_picked":["Sucker Punch","Infinite Blades"],"picked":"PiercingWail","floor":1},{"not_picked":["Bane","All Out Attack"],"picked":"Corpse Explosion","floor":6},{"not_picked":["Cloak And Dagger","Sucker Punch","Backflip"],"picked":"SKIP","floor":8},{"not_picked":["Outmaneuver","Sucker Punch"],"picked":"PiercingWail","floor":12},{"not_picked":["Blade Dance","Underhanded Strike"],"picked":"Deadly Poison","floor":13},{"not_picked":["Deflect","Sucker Punch","Eviscerate"],"picked":"SKIP","floor":14},{"not_picked":["Night Terror","Doppelganger"],"picked":"Die Die Die","floor":16},{"not_picked":["Tactician","Eviscerate"],"picked":"Footwork","floor":17},{"not_picked":["Infinite Blades","PiercingWail"],"picked":"Crippling Poison","floor":18},{"not_picked":["Slice","Poisoned Stab"],"picked":"Dodge and Roll+1","floor":21},{"not_picked":["Flying Knee","Underhanded Strike"],"picked":"Leg Sweep+1","floor":22}],"player_experience":557860,"relics_obtained":[{"floor":6,"key":"Snake Skull"},{"floor":8,"key":"Omamori"},{"floor":9,"key":"Bag of Preparation"},{"floor":22,"key":"Nunchaku"},{"floor":22,"key":"Bottled Flame"}],"event_choices":[{"damage_healed":0,"gold_gain":0,"player_choice":"Lose Max HP","damage_taken":0,"relics_obtained":["Golden Idol"],"max_hp_gain":0,"max_hp_loss":5,"event_name":"Golden Idol","floor":2,"gold_loss":0},{"damage_healed":0,"gold_gain":0,"player_choice":"Success","damage_taken":3,"relics_obtained":["Bag of Marbles"],"max_hp_gain":0,"max_hp_loss":0,"event_name":"Scrap Ooze","floor":4,"gold_loss":0},{"damage_healed":0,"gold_gain":175,"player_choice":"AGREE","damage_taken":0,"max_hp_gain":0,"max_hp_loss":0,"event_name":"Liars Game","floor":7,"gold_loss":0,"cards_obtained":["Doubt"]},{"damage_healed":0,"gold_gain":0,"cards_transformed":["Strike_G"],"player_choice":"Transformed","damage_taken":0,"max_hp_gain":0,"max_hp_loss":0,"event_name":"Transmorgrifier","floor":11,"gold_loss":0,"cards_obtained":["Slice"]},{"damage_healed":0,"gold_gain":0,"player_choice":"Ignored","damage_taken":0,"max_hp_gain":0,"max_hp_loss":0,"event_name":"N\u0027loth","floor":19,"gold_loss":0},{"damage_healed":0,"gold_gain":0,"player_choice":"Fight","damage_taken":0,"max_hp_gain":0,"max_hp_loss":0,"event_name":"Colosseum","floor":22,"gold_loss":0},{"damage_healed":0,"gold_gain":0,"player_choice":"Fought Nobs","damage_taken":0,"max_hp_gain":0,"max_hp_loss":0,"event_name":"Colosseum","floor":22,"gold_loss":0}],"is_beta":false,"boss_relics":[{"not_picked":["Runic Pyramid","WristBlade"],"picked":"Tiny House"}],"items_purged_floors":[20],"is_endless":false,"potions_floor_spawned":[6,13,14,21],"killed_by":"Book of Stabbing","ascension_level":11}