{"path_per_floor":["M","?","M","M","M","R","E","?","T","?","$","E","M","M","R","B",null,"M","M","?","$","$","E","R","E","T","?","M"],"character_chosen":"IRONCLAD","items_purchased":["Orichalcum","Feed","Armaments","Warcry","Weak Potion"],"gold_per_floor":[117,192,206,226,244,244,278,278,303,303,20,49,59,69,69,170,170,190,201,116,62,12,40,40,67,148,98,114],"floor_reached":29,"campfire_rested":2,"playtime":12765,"current_hp_per_floor":[80,69,67,72,73,73,27,27,27,27,27,9,15,24,48,22,83,83,86,86,86,86,11,46,29,29,29,27],"items_purged":[],"gold":114,"play_id":"7b648fef-750f-4682-b001-f2e219b31591","is_prod":false,"is_daily":false,"campfire_rituals":0,"campfire_upgraded":1,"is_hardmode":false,"path_taken":["M","?","M","M","M","R","E","?","T","?","$","E","M","?","R","BOSS","M","M","?","?","$","E","R","E","T","?","M","E"],"build_version":"2018-01-18-PROD4","purchased_purges":0,"victory":false,"master_deck":["Strike_R","Strike_R","Strike_R","Strike_R","Strike_R","Defend_R","Defend_R","Defend_R","Defend_R","Bash","Cleave","Anger","Pommel Strike","Metallicize","Shockwave","Feed","Armaments","Battle Trance","Perfected Strike","Infernal Blade","Feed","Cleave","Whirlwind","Warcry","Dual Wield","Flame Barrier","Pummel"],"max_hp_per_floor":[80,80,80,80,80,80,80,80,80,80,80,80,80,83,83,83,83,86,86,86,86,86,86,86,89,89,89,89],"relics":["Burning Blood","Happy Flower","Lantern","Orichalcum","Bag of Preparation","Eternal Feather","Toolbox","Ancient Tea Set","Mummified Hand","Pantograph"],"campfire_meditates":0,"card_choices":[{"not_picked":["Seeing Red","Clothesline"],"picked":"Cleave"},{"not_picked":["Flex","Twin Strike"],"picked":"Anger"},{"not_picked":["Bludgeon","Perfected Strike"],"picked":"Pommel Strike"},{"not_picked":["Thunderclap","Iron Wave"],"picked":"Metallicize"},{"not_picked":["Battle Trance","Thunderclap"],"picked":"Shockwave"},{"not_picked":["Feel No Pain","Clash"],"picked":"Battle Trance"},{"not_picked":["Second Wind","True Grit"],"picked":"Perfected Strike"},{"not_picked":["Seeing Red","Hemokinesis"],"picked":"Infernal Blade"},{"not_picked":["Immolate","Impervious"],"picked":"Feed"},{"not_picked":["Iron Wave","Warcry"],"picked":"Cleave"},{"not_picked":["Clothesline","Corruption"],"picked":"Whirlwind"},{"not_picked":["Second Wind","Cleave"],"picked":"Dual Wield"},{"not_picked":["Body Slam","Iron Wave"],"picked":"Flame Barrier"},{"not_picked":["Twin Strike","Pommel Strike"],"picked":"Pummel"}],"player_experience":70561,"potions_floor_usage":[16,16,16,23,23,29],"damage_taken":[{"damage":0,"enemies":"Small Slimes","floor":1,"turns":5},{"damage":8,"enemies":"Blue Slaver","floor":3,"turns":6},{"damage":1,"enemies":"Cultist","floor":4,"turns":4},{"damage":5,"enemies":"Looter","floor":5,"turns":3},{"damage":52,"enemies":"3 Sentries","floor":7,"turns":7},{"damage":24,"enemies":"Gremlin Nob","floor":12,"turns":5},{"damage":0,"enemies":"Large Slime","floor":13,"turns":3},{"damage":0,"enemies":"2 Fungi Beasts","floor":14,"turns":1},{"damage":32,"enemies":"Slime Boss","floor":16,"turns":8},{"damage":9,"enemies":"2 Thieves","floor":18,"turns":3},{"damage":1,"enemies":"Chosen","floor":19,"turns":6},{"damage":81,"enemies":"Book of Stabbing","floor":23,"turns":9},{"damage":26,"enemies":"Gremlin Leader","floor":25,"turns":6},{"damage":8,"enemies":"Snecko","floor":28,"turns":4},{"damage":30,"enemies":"Slavers","floor":29,"turns":3}],"event_choices":[{"event_name":"World of Goop","player_choice":"Gather Gold","floor":2,"damage_taken":0},{"event_name":"The Cleric","player_choice":"Leave","floor":8,"damage_taken":0},{"event_name":"Living Wall","player_choice":"Grow","floor":10,"damage_taken":0},{"event_name":"Addict","player_choice":"Obtained Relic","floor":20,"damage_taken":0},{"event_name":"The Joust","player_choice":"Bet on Murderer","floor":27,"damage_taken":0}],"boss_relics":[{"not_picked":["Calling Bell","Runic Pyramid"],"picked":"Eternal Feather"}],"potions_floor_spawned":[1,4,5,19,28],"seed_played":"931740275335205726","killed_by":"Slavers","is_trial":false}