{"gold_per_floor":[10,24,43,60,15,47,64,77,102,102,135,153,165,180,180,279,279,290,54,66,82,95,95,112,124,177,206,220,27,27,47,47,148,148,162,180,80,96,96,96,129,141,141,141,141,141,141,156,156,156],"floor_reached":51,"playtime":3608,"items_purged":["Strike_G","Strike_G"],"score":746,"play_id":"513b61e0-613f-4340-9026-33a06f8748b7","local_time":"20190124212416","is_ascension_mode":false,"campfire_choices":[{"floor":10,"key":"REST"},{"floor":15,"key":"REST"},{"data":"Catalyst","floor":23,"key":"SMITH"},{"data":"Noxious Fumes","floor":30,"key":"SMITH"},{"data":"After Image","floor":32,"key":"SMITH"},{"data":"After Image","floor":40,"key":"SMITH"},{"floor":45,"key":"REST"},{"floor":49,"key":"REST"}],"neow_cost":"NO_GOLD","seed_source_timestamp":518479915024492,"circlet_count":0,"master_deck":["Defend_G+1","Defend_G+1","Defend_G+1","Defend_G+1","Strike_G+1","Strike_G+1","Survivor+1","Neutralize+1","Blur+1","Bouncing Flask+1","Dodge and Roll+1","Backflip+1","PiercingWail+1","Poisoned Stab+1","Venomology+1","Poisoned Stab+1","Acrobatics+1","Poisoned Stab+1","Well Laid Plans+1","After Image+1","Corpse Explosion+1","Dagger Spray+1","Backstab+1","Bandage Up+1","Heel Hook+1","Catalyst+1","PiercingWail+1","Endless Agony+1","Noxious Fumes+1","All Out Attack+1","Catalyst+1","After Image+1","Backflip+1","Parasite","Writhe","A Thousand Cuts+1","Quick Slash+1","Catalyst+1","Catalyst+1","Prepared+1"],"relics":["Ring of the Snake","Tingsha","Centennial Puzzle","Lantern","Ornamental Fan","Velvet Choker","Blood Vial","Oddly Smooth Stone","DollysMirror","Empty Cage","Dream Catcher","Ninja Scroll","Mark of the Bloom"],"potions_floor_usage":[6,11,13,14,16,16,21,22,22,25,25,27,28,31,33,33,36,36,41,42,44,44,48],"damage_taken":[{"damage":0,"enemies":"Jaw Worm","floor":1,"turns":6},{"damage":0,"enemies":"Small Slimes","floor":2,"turns":3},{"damage":1,"enemies":"2 Louse","floor":3,"turns":3},{"damage":17,"enemies":"Lots of Slimes","floor":4,"turns":5},{"damage":16,"enemies":"Gremlin Nob","floor":6,"turns":4},{"damage":0,"enemies":"Large Slime","floor":7,"turns":8},{"damage":15,"enemies":"Exordium Wildlife","floor":8,"turns":6},{"damage":3,"enemies":"Lagavulin","floor":11,"turns":5},{"damage":3,"enemies":"3 Louse","floor":12,"turns":4},{"damage":7,"enemies":"Blue Slaver","floor":13,"turns":4},{"damage":0,"enemies":"Exordium Wildlife","floor":14,"turns":2},{"damage":14,"enemies":"Slime Boss","floor":16,"turns":11},{"damage":7,"enemies":"Shell Parasite","floor":18,"turns":5},{"damage":1,"enemies":"3 Byrds","floor":20,"turns":2},{"damage":17,"enemies":"Shelled Parasite and Fungi","floor":21,"turns":5},{"damage":1,"enemies":"Centurion and Healer","floor":22,"turns":6},{"damage":4,"enemies":"3 Cultists","floor":24,"turns":3},{"damage":3,"enemies":"Shelled Parasite and Fungi","floor":25,"turns":3},{"damage":4,"enemies":"Gremlin Leader","floor":27,"turns":7},{"damage":0,"enemies":"Chosen and Byrds","floor":28,"turns":5},{"damage":5,"enemies":"Snake Plant","floor":31,"turns":3},{"damage":2,"enemies":"Champ","floor":33,"turns":9},{"damage":4,"enemies":"Orb Walker","floor":35,"turns":3},{"damage":18,"enemies":"3 Darklings","floor":36,"turns":3},{"damage":10,"enemies":"Writhing Mass","floor":38,"turns":4},{"damage":21,"enemies":"Reptomancer","floor":41,"turns":6},{"damage":12,"enemies":"Maw","floor":42,"turns":7},{"damage":0,"enemies":"Spire Growth","floor":44,"turns":3},{"damage":0,"enemies":"Jaw Worm Horde","floor":48,"turns":1},{"damage":16,"enemies":"Time Eater","floor":50,"turns":3}],"seed_played":"1045012991904012055","potions_obtained":[{"floor":1,"key":"SkillPotion"},{"floor":2,"key":"Fire Potion"},{"floor":8,"key":"Weak Potion"},{"floor":25,"key":"FearPotion"},{"floor":27,"key":"Fire Potion"},{"floor":28,"key":"SpeedPotion"},{"floor":33,"key":"SkillPotion"},{"floor":35,"key":"Poison Potion"},{"floor":41,"key":"GhostInAJar"},{"floor":48,"key":"FearPotion"}],"is_trial":false,"path_per_floor":["M","M","M","M","$","E","M","M","T","R","E","M","M","M","R","B",null,"M","$","M","M","M","R","M","M","T","E","M","$","R","M","R","B",null,"M","M","$","M","?","R","E","M","T","M","R","?","?","M","R","B",null],"character_chosen":"THE_SILENT","items_purchased":["PiercingWail","Backstab","Bandage Up","DollysMirror"],"campfire_rested":4,"item_purchase_floors":[5,19,19,29],"current_hp_per_floor":[70,70,69,52,52,36,36,21,21,42,39,36,29,29,50,36,70,63,63,66,53,56,56,56,57,57,59,65,65,65,65,65,68,70,70,52,52,48,66,66,49,43,43,49,70,70,70,70,70,54],"gold":156,"neow_bonus":"ONE_RARE_RELIC","is_prod":false,"is_daily":false,"chose_seed":false,"campfire_upgraded":4,"win_rate":0,"timestamp":1548393856,"path_taken":["M","M","M","M","$","E","M","M","T","R","E","M","M","M","R","BOSS","M","$","M","M","M","R","M","M","T","E","M","$","R","M","R","BOSS","M","M","$","M","?","R","E","M","T","M","R","?","?","M","R","BOSS"],"build_version":"2019-01-23","purchased_purges":2,"victory":true,"max_hp_per_floor":[70,70,70,70,70,70,70,70,70,70,70,70,70,70,70,70,70,70,70,70,70,70,70,70,70,70,70,70,70,70,70,70,70,70,70,70,70,70,70,70,70,70,70,70,70,70,70,70,70,70],"card_choices":[{"not_picked":["Flying Knee","Quick Slash"],"picked":"Blur","floor":1},{"not_picked":["Distraction","Quick Slash"],"picked":"Bouncing Flask","floor":2},{"not_picked":["Sucker Punch","Slice"],"picked":"Dodge and Roll","floor":3},{"not_picked":["Prepared","Cloak And Dagger"],"picked":"Backflip","floor":4},{"not_picked":["Endless Agony","Dagger Throw"],"picked":"Poisoned Stab","floor":6},{"not_picked":["Skewer","Quick Slash"],"picked":"Venomology","floor":7},{"not_picked":["Backflip","Heel Hook"],"picked":"Poisoned Stab","floor":8},{"not_picked":["Skewer","Dodge and Roll"],"picked":"Acrobatics","floor":11},{"not_picked":["Blade Dance","Outmaneuver"],"picked":"Poisoned Stab","floor":12},{"not_picked":["Crippling Poison","Cloak And Dagger"],"picked":"Well Laid Plans","floor":13},{"not_picked":["Flying Knee","Well Laid Plans"],"picked":"After Image","floor":14},{"not_picked":["Phantasmal Killer","Wraith Form v2"],"picked":"Corpse Explosion","floor":16},{"not_picked":["Poisoned Stab","Blur"],"picked":"Dagger Spray","floor":18},{"not_picked":["Underhanded Strike","Backflip"],"picked":"Heel Hook+1","floor":20},{"not_picked":["Underhanded Strike+1","Concentrate","Dagger Spray"],"picked":"SKIP","floor":21},{"not_picked":["Underhanded Strike","Caltrops"],"picked":"Catalyst","floor":22},{"not_picked":["Flying Knee+1","Slice"],"picked":"PiercingWail+1","floor":24},{"not_picked":["Acrobatics","Flying Knee"],"picked":"Endless Agony+1","floor":25},{"not_picked":["Blade Dance+1","Eviscerate+1"],"picked":"Noxious Fumes","floor":27},{"not_picked":["Blade Dance","Infinite Blades"],"picked":"All Out Attack","floor":28},{"not_picked":["Deflect+1","Storm of Steel","Quick Slash"],"picked":"SKIP","floor":31},{"not_picked":["A Thousand Cuts","Adrenaline"],"picked":"After Image","floor":33},{"not_picked":["Dagger Spray","Acrobatics","All Out Attack+1"],"picked":"SKIP","floor":35},{"not_picked":["Dagger Throw","Quick Slash"],"picked":"Backflip+1","floor":36},{"not_picked":["Dagger Throw","Slice","Reflex+1"],"picked":"SKIP","floor":38},{"not_picked":["Acrobatics","Deadly Poison"],"picked":"A Thousand Cuts","floor":41},{"not_picked":["Dagger Throw","Blur"],"picked":"Quick Slash+1","floor":42},{"not_picked":["Cloak And Dagger+1","Deflect"],"picked":"Catalyst+1","floor":45},{"not_picked":["Blade Dance+1","Cloak And Dagger+1"],"picked":"Prepared+1","floor":48}],"player_experience":135703,"relics_obtained":[{"floor":6,"key":"Centennial Puzzle"},{"floor":9,"key":"Lantern"},{"floor":11,"key":"Ornamental Fan"},{"floor":26,"key":"Blood Vial"},{"floor":27,"key":"Oddly Smooth Stone"},{"floor":41,"key":"Dream Catcher"},{"floor":43,"key":"Ninja Scroll"}],"event_choices":[{"damage_healed":18,"gold_gain":0,"player_choice":"Writhe","damage_taken":0,"max_hp_gain":0,"max_hp_loss":0,"event_name":"Winding Halls","floor":39,"gold_loss":0,"cards_obtained":["Writhe"]},{"damage_healed":0,"gold_gain":0,"player_choice":"Upgrade","damage_taken":0,"relics_obtained":["Mark of the Bloom"],"max_hp_gain":0,"max_hp_loss":0,"event_name":"MindBloom","floor":46,"gold_loss":0,"cards_upgraded":["Defend_G","Defend_G","Defend_G","Defend_G","Strike_G","Strike_G","Survivor","Neutralize","Blur","Bouncing Flask","Dodge and Roll","Backflip","PiercingWail","Poisoned Stab","Venomology","Poisoned Stab","Acrobatics","Poisoned Stab","Well Laid Plans","Corpse Explosion","Dagger Spray","Backstab","Bandage Up","All Out Attack","A Thousand Cuts"]},{"damage_healed":0,"gold_gain":0,"player_choice":"Copied","damage_taken":0,"max_hp_gain":0,"max_hp_loss":0,"event_name":"Duplicator","floor":47,"gold_loss":0,"cards_obtained":["Catalyst"]}],"is_beta":false,"boss_relics":[{"not_picked":["Black Star","Busted Crown"],"picked":"Velvet Choker"},{"not_picked":["Calling Bell","Snecko Eye"],"picked":"Empty Cage"}],"items_purged_floors":[19,37],"is_endless":false,"potions_floor_spawned":[1,2,8,11,21,24,25,27,28,33,35,41,44,48],"ascension_level":0}