{"gold_per_floor":[114,214,0,10,30,58,75,75,153,164,164,180,198,215,215,314,314,328,1,19,119,136,136,4,18,67,67,78,88,100,120,120,222,222,235,252,32,32,44,44,71,71,71,71,90,104,104,121,121,121],"floor_reached":51,"playtime":5775,"items_purged":["Strike_B","Strike_B"],"score":714,"play_id":"7f6354ca-b660-4e25-a7a6-d04b4e7292f5","local_time":"20190126150727","is_ascension_mode":false,"campfire_choices":[{"data":"Chill","floor":8.0,"key":"SMITH"},{"data":"Seek","floor":15.0,"key":"SMITH"},{"data":"FTL","floor":23,"key":"SMITH"},{"data":"Coolheaded","floor":27,"key":"SMITH"},{"data":"BootSequence","floor":32,"key":"SMITH"},{"data":"Scrape","floor":40,"key":"SMITH"},{"data":"FTL","floor":42,"key":"SMITH"},{"data":"Beam Cell","floor":44,"key":"SMITH"},{"data":"Capacitor","floor":49,"key":"SMITH"}],"neow_cost":"NONE","seed_source_timestamp":123584334293370,"circlet_count":0,"master_deck":["Strike_B","Defend_B","Defend_B","Defend_B","Defend_B","Zap+1","Dualcast","Beam Cell","Self Repair","Chill+1","Coolheaded+1","Streamline","Cold Snap","Beam Cell+1","FTL+1","Conserve Battery","Seek+1","All For One","BootSequence+1","FTL+1","Cold Snap+1","Apotheosis+1","Leap+1","Reprogram+1","Gash","Streamline","Seek+1","Compile Driver+1","FTL+1","All For One","Flash of Steel","Scrape+1","Conserve Battery+1","Beam Cell+1","Capacitor+1","Gash+1"],"special_seed":0,"relics":["Cracked Core","Bag of Preparation","Bird Faced Urn","Kunai","Sozu","Membership Card","Toxic Egg 2","Omamori","Nuclear Battery","DollysMirror","Happy Flower","Potion Belt","Sundial"],"potions_floor_usage":[33],"damage_taken":[{"damage":6.0,"enemies":"2 Louse","floor":1.0,"turns":3.0},{"damage":0.0,"enemies":"Cultist","floor":4.0,"turns":2.0},{"damage":0.0,"enemies":"Jaw Worm","floor":5.0,"turns":2.0},{"damage":21.0,"enemies":"Gremlin Nob","floor":6.0,"turns":4.0},{"damage":4.0,"enemies":"Red Slaver","floor":7.0,"turns":5.0},{"damage":0.0,"enemies":"Lots of Slimes","floor":10.0,"turns":4.0},{"damage":2.0,"enemies":"Exordium Wildlife","floor":12.0,"turns":3.0},{"damage":0.0,"enemies":"Large Slime","floor":13.0,"turns":3.0},{"damage":4.0,"enemies":"Red Slaver","floor":14.0,"turns":3.0},{"damage":7.0,"enemies":"Hexaghost","floor":16.0,"turns":13.0},{"damage":5,"enemies":"Shell Parasite","floor":18,"turns":4},{"damage":0,"enemies":"Spheric Guardian","floor":20,"turns":3},{"damage":0,"enemies":"3 Cultists","floor":22,"turns":4},{"damage":3,"enemies":"Snake Plant","floor":25,"turns":2},{"damage":0,"enemies":"Centurion and Healer","floor":28,"turns":5},{"damage":0,"enemies":"3 Cultists","floor":29,"turns":4},{"damage":7,"enemies":"Snake Plant","floor":30,"turns":4},{"damage":0,"enemies":"Centurion and Healer","floor":31,"turns":4},{"damage":16,"enemies":"Collector","floor":33,"turns":8},{"damage":0,"enemies":"3 Shapes","floor":35,"turns":4},{"damage":0,"enemies":"Orb Walker","floor":36,"turns":3},{"damage":0,"enemies":"Maw","floor":39,"turns":6},{"damage":0,"enemies":"Nemesis","floor":41,"turns":3},{"damage":0,"enemies":"3 Darklings","floor":45,"turns":3},{"damage":0,"enemies":"4 Shapes","floor":46,"turns":3},{"damage":0,"enemies":"Spire Growth","floor":48,"turns":2},{"damage":17,"enemies":"Donu and Deca","floor":50,"turns":8}],"seed_played":"6229234350728729695","potions_obtained":[{"floor":4.0,"key":"Weak Potion"},{"floor":7.0,"key":"Explosive Potion"},{"floor":10.0,"key":"SkillPotion"},{"floor":12.0,"key":"Energy Potion"},{"floor":14.0,"key":"Block Potion"}],"is_trial":false,"path_per_floor":["M","?","$","M","M","E","M","R","T","M","?","M","M","M","R","B",null,"M","$","M","?","M","R","$","M","T","R","M","M","M","M","R","B",null,"M","M","$","?","M","R","E","R","T","R","M","M","?","M","R","B",null],"character_chosen":"DEFECT","items_purchased":["Bag of Preparation","Self Repair","Membership Card","Toxic Egg 2","Apotheosis+1","DollysMirror","Happy Flower"],"campfire_rested":0,"item_purchase_floors":[3,3,19,19,24,37,37],"current_hp_per_floor":[69,69,69,69,69,55,60,60,60,69,69,75,75,75,75,75,75,75,75,75,75,75,75,75,75,75,75,75,75,75,75,75,59,75,75,75,75,75,75,75,75,75,75,75,75,75,71,71,71,66],"gold":121,"neow_bonus":"UPGRADE_CARD","is_prod":false,"is_daily":false,"chose_seed":false,"campfire_upgraded":9,"win_rate":0.0,"timestamp":1548533247,"path_taken":["M","?","$","M","M","E","M","R","T","?","?","M","M","M","R","BOSS","M","$","M","?","?","R","$","M","T","R","M","M","M","M","R","BOSS","M","M","?","?","M","R","E","R","T","R","M","M","?","M","R","BOSS"],"build_version":"2019-01-23","purchased_purges":2,"victory":true,"max_hp_per_floor":[75,75,75,75,75,75,75,75,75,75,75,75,75,75,75,75,75,75,75,75,75,75,75,75,75,75,75,75,75,75,75,75,75,75,75,75,75,75,75,75,75,75,75,75,75,75,71,71,71,71],"card_choices":[{"not_picked":["Hologram","Steam"],"picked":"Beam Cell","floor":1.0},{"not_picked":["Rainbow","Stack"],"picked":"Chill","floor":4.0},{"not_picked":["Conserve Battery","Melter"],"picked":"Coolheaded","floor":5.0},{"not_picked":["Gash","Hyperbeam"],"picked":"Streamline","floor":6.0},{"not_picked":["Auto Shields","Heatsinks"],"picked":"Cold Snap","floor":7.0},{"not_picked":["Steam","Reinforced Body"],"picked":"Beam Cell","floor":10.0},{"not_picked":["Ball Lightning","Steam"],"picked":"FTL","floor":12.0},{"not_picked":["Gash","Sweeping Beam"],"picked":"Conserve Battery","floor":13.0},{"not_picked":["Barrage","Steam"],"picked":"Seek","floor":14.0},{"not_picked":["Thunder Strike","Machine Learning"],"picked":"All For One","floor":16.0},{"not_picked":["Lockon","Barrage"],"picked":"BootSequence","floor":18},{"not_picked":["Redo+1","Turbo+1"],"picked":"FTL+1","floor":20},{"not_picked":["Redo+1","Static Discharge"],"picked":"Cold Snap+1","floor":22},{"not_picked":["Steam+1","Barrage"],"picked":"Leap+1","floor":25},{"not_picked":["Go for the Eyes","Steam+1"],"picked":"Reprogram+1","floor":28},{"not_picked":["Stack+1","Leap+1"],"picked":"Gash","floor":29},{"not_picked":["Leap+1","Stack+1","Recycle+1"],"picked":"SKIP","floor":30},{"not_picked":["Leap+1","BootSequence+1"],"picked":"Streamline","floor":31},{"not_picked":["All For One","Core Surge"],"picked":"Seek+1","floor":33},{"not_picked":["Cold Snap","Heatsinks+1"],"picked":"Compile Driver+1","floor":35},{"not_picked":["Rebound","Cold Snap+1"],"picked":"FTL","floor":36},{"not_picked":["Madness+1","Panacea+1"],"picked":"Flash of Steel","floor":38},{"not_picked":["Rebound","Steam Power+1"],"picked":"Scrape","floor":39},{"not_picked":["Turbo+1","Rainbow+1"],"picked":"Conserve Battery+1","floor":41},{"not_picked":["Turbo+1","Conserve Battery+1"],"picked":"Beam Cell+1","floor":45},{"not_picked":["Cold Snap","Skim+1"],"picked":"Capacitor","floor":46},{"not_picked":["Streamline","Beam Cell+1"],"picked":"Gash+1","floor":48}],"player_experience":40231,"relics_obtained":[{"floor":6.0,"key":"Bird Faced Urn"},{"floor":9.0,"key":"Kunai"},{"floor":26,"key":"Omamori"},{"floor":41,"key":"Potion Belt"},{"floor":43,"key":"Sundial"}],"event_choices":[{"damage_healed":0.0,"max_hp_gain":0.0,"max_hp_loss":0.0,"gold_gain":100.0,"event_name":"Golden Shrine","player_choice":"Pray","floor":2.0,"gold_loss":0.0,"damage_taken":0.0},{"cards_removed":["Strike_B"],"damage_healed":0.0,"max_hp_gain":0.0,"max_hp_loss":0.0,"gold_gain":0.0,"event_name":"Living Wall","player_choice":"Forget","floor":11.0,"gold_loss":0.0,"damage_taken":0.0},{"damage_healed":0,"gold_gain":100,"player_choice":"Pray","damage_taken":0,"max_hp_gain":0,"max_hp_loss":0,"event_name":"Golden Shrine","floor":21,"gold_loss":0},{"damage_healed":0,"gold_gain":0,"player_choice":"Memory 1","damage_taken":0,"max_hp_gain":0,"max_hp_loss":0,"event_name":"SensoryStone","floor":38,"gold_loss":0},{"damage_healed":0,"gold_gain":0,"player_choice":"Max HP","damage_taken":0,"max_hp_gain":0,"max_hp_loss":4,"event_name":"Winding Halls","floor":47,"gold_loss":0}],"is_beta":false,"boss_relics":[{"not_picked":["Calling Bell","Lizard Tail"],"picked":"Sozu"},{"not_picked":["Astrolabe","Tiny House"],"picked":"Nuclear Battery"}],"items_purged_floors":[24,37],"is_endless":false,"potions_floor_spawned":[4,7,10,12,14,18,28,29,35,36,41,48],"ascension_level":0}