{"gold_per_floor":[115,135,148,98,116,144,158,158,212,212,212,244,244,256,256,354,354,370,280,291,307,1,1,27,27,54,54,79,92,124,223,223,323,323,335,335,335,153,164,197,228,257,307,337,364,1,26,39,39,39,39,39,39,67,67],"floor_reached":56,"playtime":3365,"items_purged":["Clumsy","Writhe","Clumsy"],"score":1340,"play_id":"360c1103-1211-433e-9a20-159b75a25118","local_time":"20181212124757","is_ascension_mode":false,"campfire_choices":[{"data":"Dualcast","floor":8.0,"key":"SMITH"},{"data":"Coolheaded","floor":10.0,"key":"SMITH"},{"floor":15.0,"key":"RECALL"},{"data":"Electrodynamics","floor":23.0,"key":"SMITH"},{"data":"Biased Cognition","floor":25.0,"key":"SMITH"},{"data":"Zap","floor":27.0,"key":"SMITH"},{"data":"Self Repair","floor":32.0,"key":"SMITH"},{"data":"Capacitor","floor":49.0,"key":"SMITH"},{"data":"Core Surge","floor":52.0,"key":"SMITH"}],"neow_cost":"NONE","seed_source_timestamp":389706834911302,"circlet_count":0,"master_deck":["Strike_B","Strike_B","Defend_B","Defend_B","Defend_B+1","Zap+1","Dualcast+1","Capacitor+1","Ball Lightning","Self Repair","Coolheaded+1","Conserve Battery","Electrodynamics+1","Reinforced Body+1","White Noise+1","Leap+1","Core Surge+1","Conserve Battery+1","Self Repair+1","Good Instincts+1","Biased Cognition+1","Tempest+1","Loop+1","Seek+1","Stack+1","Coolheaded+1","Consume+1","Parasite"],"special_seed":0,"relics":["Cracked Core","Prayer Wheel","Orichalcum","Toxic Egg 2","Calling Bell","Meat on the Bone","Calipers","Bag of Preparation","DataDisk","Boot","Art of War","Oddly Smooth Stone","WingedGreaves","Orrery","Regal Pillow","Shuriken","Bottled Flame","MawBank","Bottled Tornado","Pen Nib","Happy Flower"],"potions_floor_usage":[55,55,55],"damage_taken":[{"damage":3.0,"enemies":"Small Slimes","floor":1.0,"turns":4.0},{"damage":6.0,"enemies":"Jaw Worm","floor":2.0,"turns":4.0},{"damage":5.0,"enemies":"Cultist","floor":3.0,"turns":4.0},{"damage":8.0,"enemies":"3 Louse","floor":5.0,"turns":4.0},{"damage":8.0,"enemies":"Lagavulin","floor":6.0,"turns":7.0},{"damage":1.0,"enemies":"2 Fungi Beasts","floor":7.0,"turns":3.0},{"damage":8.0,"enemies":"Gremlin Nob","floor":12.0,"turns":4.0},{"damage":5.0,"enemies":"Blue Slaver","floor":14.0,"turns":4.0},{"damage":23.0,"enemies":"Hexaghost","floor":16.0,"turns":9.0},{"damage":20.0,"enemies":"Shell Parasite","floor":18.0,"turns":7.0},{"damage":0.0,"enemies":"3 Byrds","floor":20.0,"turns":2.0},{"damage":27.0,"enemies":"Snake Plant","floor":21.0,"turns":4.0},{"damage":9.0,"enemies":"Gremlin Leader","floor":24.0,"turns":7.0},{"damage":29.0,"enemies":"Slavers","floor":28.0,"turns":5.0},{"damage":0.0,"enemies":"Sentry and Sphere","floor":29.0,"turns":3.0},{"damage":13.0,"enemies":"Book of Stabbing","floor":30.0,"turns":5.0},{"damage":12.0,"enemies":"Collector","floor":33.0,"turns":6.0},{"damage":0.0,"enemies":"Orb Walker","floor":35.0,"turns":4.0},{"damage":0.0,"enemies":"3 Shapes","floor":39.0,"turns":2.0},{"damage":14.0,"enemies":"Giant Head","floor":40.0,"turns":10.0},{"damage":24.0,"enemies":"Nemesis","floor":41.0,"turns":5.0},{"damage":0.0,"enemies":"Reptomancer","floor":42.0,"turns":5.0},{"damage":19.0,"enemies":"Transient","floor":44.0,"turns":5.0},{"damage":32.0,"enemies":"Maw","floor":45.0,"turns":7.0},{"damage":9.0,"enemies":"Giant Head","floor":47.0,"turns":9.0},{"damage":13.0,"enemies":"Writhing Mass","floor":48.0,"turns":5.0},{"damage":25.0,"enemies":"Donu and Deca","floor":50.0,"turns":6.0},{"damage":43.0,"enemies":"Shield and Spear","floor":54.0,"turns":4.0},{"damage":47,"enemies":"The Heart","floor":55,"turns":12}],"seed_played":"-558152374164263014","potions_obtained":[{"floor":2.0,"key":"SneckoOil"},{"floor":5.0,"key":"Explosive Potion"},{"floor":12.0,"key":"Swift Potion"},{"floor":14.0,"key":"Dexterity Potion"},{"floor":21.0,"key":"Ancient Potion"},{"floor":29.0,"key":"SpeedPotion"},{"floor":35.0,"key":"LiquidBronze"},{"floor":44.0,"key":"FocusPotion"},{"floor":47.0,"key":"Swift Potion"}],"is_trial":false,"path_per_floor":["M","M","M","?","M","E","M","R","T","R","?","E","T","M","R","B",null,"M","?","M","M","$","R","E","R","T","R","E","M","E","?","R","B",null,"M","?","?","$","M","E","E","E","T","M","M","$","E","M","R","B",null,"R","$","E","B",null],"character_chosen":"DEFECT","items_purchased":["DataDisk","Good Instincts+1","Consume+1","Bottled Tornado"],"campfire_rested":0,"item_purchase_floors":[22,22,38,46],"current_hp_per_floor":[72,66,68,68,60,59,58,58,58,58,51,50,50,52,52,36,75,62,62,62,61,61,61,66,66,66,66,49,49,62,62,62,67,75,75,75,75,75,75,75,68,75,75,73,58,58,66,70,70,45,75,75,75,54,36],"gold":67,"neow_bonus":"TRANSFORM_CARD","is_prod":false,"is_daily":false,"chose_seed":false,"campfire_upgraded":8,"win_rate":0,"timestamp":1544615277,"path_taken":["M","M","M","?","M","E","M","R","T","R","?","E","?","?","R","BOSS","M","?","M","M","$","R","E","R","T","R","E","?","E","?","R","BOSS","M","?","?","$","M","E","E","E","T","M","M","$","E","M","R","BOSS","R","$","E","BOSS"],"build_version":"2018-12-06","purchased_purges":3,"victory":true,"max_hp_per_floor":[75,75,75,75,75,75,75,75,75,75,75,75,75,75,75,75,75,75,75,75,75,75,75,75,75,75,75,75,75,75,75,75,75,75,75,75,75,75,75,75,75,75,75,75,75,75,75,75,75,75,75,75,75,75,75],"card_choices":[{"not_picked":["Beam Cell","Coolheaded"],"picked":"Ball Lightning","floor":1.0},{"not_picked":["Scrape","Rebound"],"picked":"Self Repair","floor":2.0},{"not_picked":["Compile Driver","Rip and Tear"],"picked":"Coolheaded","floor":3.0},{"not_picked":["Compile Driver","Hologram"],"picked":"Conserve Battery","floor":5.0},{"not_picked":["Barrage","Cold Snap"],"picked":"Electrodynamics","floor":6.0},{"not_picked":["Chaos","Heatsinks","Fusion"],"picked":"SKIP","floor":7.0},{"not_picked":["Scrape","Barrage","Skim"],"picked":"SKIP","floor":7.0},{"not_picked":["Compile Driver","Blizzard"],"picked":"Reinforced Body","floor":12.0},{"not_picked":["Steam Power+1","Ball Lightning"],"picked":"White Noise+1","floor":14.0},{"not_picked":["Barrage","Cold Snap"],"picked":"Leap+1","floor":14.0},{"not_picked":["Reboot+1","Multi-Cast+1"],"picked":"Core Surge","floor":16.0},{"not_picked":["Undo+1","Melter"],"picked":"Conserve Battery+1","floor":18.0},{"not_picked":["Force Field+1","Compile Driver","Doom and Gloom+1"],"picked":"SKIP","floor":18.0},{"not_picked":["FTL+1","Rebound"],"picked":"Self Repair","floor":20.0},{"not_picked":["Streamline","FTL","Chaos+1"],"picked":"SKIP","floor":20.0},{"not_picked":["Turbo+1","Steam+1","Self Repair"],"picked":"SKIP","floor":21.0},{"not_picked":["Stack+1","Go for the Eyes","Beam Cell"],"picked":"SKIP","floor":21.0},{"not_picked":["Beam Cell","Storm"],"picked":"Biased Cognition","floor":24.0},{"not_picked":["Double Energy+1","Beam Cell"],"picked":"Tempest+1","floor":28.0},{"not_picked":["Redo+1","Turbo+1"],"picked":"Loop+1","floor":29.0},{"not_picked":["Stack+1","Go for the Eyes","Compile Driver"],"picked":"SKIP","floor":29.0},{"not_picked":["Electrodynamics","Conserve Battery+1","BootSequence+1"],"picked":"SKIP","floor":30.0},{"not_picked":["Machine Learning","Echo Form"],"picked":"Seek+1","floor":33.0},{"not_picked":["Gash","Steam+1"],"picked":"Stack+1","floor":34.0},{"not_picked":["Gash","Loop"],"picked":"Coolheaded+1","floor":34.0},{"not_picked":["Stack+1","Ball Lightning","Darkness+1"],"picked":"SKIP","floor":35.0},{"not_picked":["Ball Lightning+1","Skim+1","Redo+1"],"picked":"SKIP","floor":35.0},{"not_picked":["Melter","Darkness+1","Go for the Eyes"],"picked":"SKIP","floor":39.0},{"not_picked":["Hello World+1","Barrage+1","BootSequence+1"],"picked":"SKIP","floor":39.0},{"not_picked":["Melter","Darkness+1","Go for the Eyes"],"picked":"SKIP","floor":39.0},{"not_picked":["Hello World+1","Barrage+1","BootSequence+1"],"picked":"SKIP","floor":39.0},{"not_picked":["Gash+1","Reinforced Body+1","Stack+1"],"picked":"SKIP","floor":40.0},{"not_picked":["Streamline+1","Self Repair+1","Loop+1"],"picked":"SKIP","floor":41.0},{"not_picked":["Rainbow+1","Force Field+1","Reprogram+1"],"picked":"SKIP","floor":42.0},{"not_picked":["Loop+1","Recycle+1","Scrape+1"],"picked":"SKIP","floor":44.0},{"not_picked":["BootSequence+1","Stack+1","Streamline+1"],"picked":"SKIP","floor":44.0},{"not_picked":["Redo+1","Stack+1","Blizzard"],"picked":"SKIP","floor":45.0},{"not_picked":["Static Discharge","Compile Driver","Aggregate+1"],"picked":"SKIP","floor":45.0},{"not_picked":["Beam Cell+1","Tempest+1","BootSequence+1"],"picked":"SKIP","floor":47.0},{"not_picked":["Recycle+1","Meteor Strike","Sweeping Beam+1"],"picked":"SKIP","floor":48.0},{"not_picked":["Steam+1","Cold Snap","White Noise+1"],"picked":"SKIP","floor":48.0},{"not_picked":["Turbo+1","Multi-Cast+1","Streamline"],"picked":"SKIP","floor":54.0}],"player_experience":592650,"relics_obtained":[{"floor":6.0,"key":"Prayer Wheel"},{"floor":9.0,"key":"Orichalcum"},{"floor":12.0,"key":"Toxic Egg 2"},{"floor":17.0,"key":"Meat on the Bone"},{"floor":17.0,"key":"Calipers"},{"floor":17.0,"key":"Bag of Preparation"},{"floor":24.0,"key":"Boot"},{"floor":26.0,"key":"Art of War"},{"floor":28.0,"key":"Oddly Smooth Stone"},{"floor":30.0,"key":"WingedGreaves"},{"floor":40.0,"key":"Regal Pillow"},{"floor":41.0,"key":"Shuriken"},{"floor":42.0,"key":"Bottled Flame"},{"floor":43.0,"key":"MawBank"},{"floor":47.0,"key":"Pen Nib"},{"floor":54.0,"key":"Happy Flower"}],"event_choices":[{"cards_removed":["Defend_B"],"damage_healed":0.0,"max_hp_gain":0.0,"max_hp_loss":0.0,"gold_gain":0.0,"event_name":"The Cleric","player_choice":"Card Removal","floor":4.0,"gold_loss":50.0,"damage_taken":0.0},{"cards_removed":["Strike_B"],"damage_healed":0.0,"max_hp_gain":0.0,"max_hp_loss":0.0,"gold_gain":0.0,"event_name":"Golden Wing","player_choice":"Card Removal","floor":11.0,"gold_loss":0.0,"damage_taken":7.0},{"cards_removed":["Pain"],"damage_healed":0.0,"max_hp_gain":0.0,"max_hp_loss":0.0,"gold_gain":0.0,"event_name":"Designer","player_choice":"Upgrade and Remove","floor":19.0,"gold_loss":90.0,"damage_taken":0.0,"cards_upgraded":["Defend_B"]},{"damage_healed":0.0,"max_hp_gain":0.0,"max_hp_loss":0.0,"gold_gain":99.0,"event_name":"Nest","player_choice":"Stole From Cult","floor":31.0,"gold_loss":0.0,"damage_taken":0.0},{"damage_healed":19.0,"max_hp_gain":0.0,"max_hp_loss":0.0,"gold_gain":0.0,"event_name":"Winding Halls","player_choice":"Writhe","floor":36.0,"gold_loss":0.0,"damage_taken":0.0,"cards_obtained":["Writhe"]},{"damage_healed":0.0,"max_hp_gain":0.0,"max_hp_loss":0.0,"gold_gain":0.0,"event_name":"Tomb of Lord Red Mask","player_choice":"Ignored","floor":37.0,"gold_loss":0.0,"damage_taken":0.0}],"is_beta":false,"boss_relics":[{"not_picked":["Eternal Feather","Nuclear Battery"],"picked":"Calling Bell"},{"not_picked":["Snecko Eye","FrozenCore"],"picked":"Orrery"}],"items_purged_floors":[22,38,46],"is_endless":false,"potions_floor_spawned":[2,5,12,14,21,29,35,41,44,47,48],"ascension_level":0}