{"gold_per_floor":[109,109,27,102,102,102,122,136,159,193,193,204,216,251,251,350,400,415,330,330,430,446,474,474,493,546,558,589,627,656,680,692,799,811,842,543,943,943,943,943,955,955],"floor_reached":42,"playtime":3299,"items_purged":[],"score":471,"play_id":"fa8a0456-80aa-4fed-bd1a-7c7915ed83c3","local_time":"20181124122145","is_ascension_mode":false,"campfire_choices":[{"floor":6,"key":"REST"},{"floor":15,"key":"REST"},{"floor":24,"key":"REST"},{"floor":27,"key":"REST"},{"floor":32,"key":"REST"},{"floor":40,"key":"REST"}],"neow_cost":"NONE","seed_source_timestamp":829710041919693,"circlet_count":0,"master_deck":["Defend_G","Defend_G","Defend_G","Defend_G","Defend_G+1","Strike_G","Strike_G","Strike_G","Strike_G+1","Strike_G","Survivor","Neutralize+1","Deadly Poison","Blind","Backstab","Bouncing Flask","Poisoned Stab","Deadly Poison+1","Phantasmal Killer+1","Noxious Fumes","Slice+1","Slice","Dodge and Roll+1","PiercingWail+1","Adrenaline+1","Backstab","Terror+1","Poisoned Stab","Noxious Fumes","The Bomb+1","Dodge and Roll+1"],"relics":["Ring of the Snake","Bag of Marbles","Pen Nib","Toxic Egg 2","Vajra","Tiny House","Torii","MutagenicStrength","Dream Catcher","MawBank","Shuriken","Busted Crown","Matryoshka","Old Coin"],"potions_floor_usage":[16,18,23,29,29,30,33,33,41],"damage_taken":[{"damage":2,"enemies":"Jaw Worm","floor":1,"turns":6},{"damage":0,"enemies":"2 Louse","floor":7,"turns":2},{"damage":0,"enemies":"Small Slimes","floor":8,"turns":1},{"damage":2,"enemies":"Gremlin Nob","floor":10,"turns":3},{"damage":0,"enemies":"2 Fungi Beasts","floor":12,"turns":2},{"damage":4,"enemies":"Exordium Wildlife","floor":13,"turns":5},{"damage":1,"enemies":"Lagavulin","floor":14,"turns":6},{"damage":48,"enemies":"Slime Boss","floor":16,"turns":13},{"damage":19,"enemies":"3 Byrds","floor":18,"turns":4},{"damage":1,"enemies":"2 Thieves","floor":22,"turns":4},{"damage":42,"enemies":"Gremlin Leader","floor":23,"turns":6},{"damage":3,"enemies":"Snake Plant","floor":25,"turns":3},{"damage":4,"enemies":"Chosen and Byrds","floor":28,"turns":5},{"damage":3,"enemies":"Slavers","floor":29,"turns":5},{"damage":18,"enemies":"Snecko","floor":30,"turns":5},{"damage":1,"enemies":"Shelled Parasite and Fungi","floor":31,"turns":4},{"damage":60,"enemies":"Automaton","floor":33,"turns":10},{"damage":7,"enemies":"3 Shapes","floor":35,"turns":3},{"damage":16,"enemies":"Mind Bloom Boss Battle","floor":37,"turns":5},{"damage":17,"enemies":"3 Darklings","floor":41,"turns":5},{"damage":58,"enemies":"Giant Head","floor":42,"turns":7}],"seed_played":"6349517709518438597","potions_obtained":[{"floor":8,"key":"Weak Potion"},{"floor":12,"key":"Strength Potion"},{"floor":13,"key":"PowerPotion"},{"floor":17,"key":"Regen Potion"},{"floor":18,"key":"Strength Potion"},{"floor":28,"key":"EssenceOfSteel"},{"floor":29,"key":"Energy Potion"},{"floor":31,"key":"Dexterity Potion"},{"floor":37,"key":"Fire Potion"}],"is_trial":false,"path_per_floor":["M","?","$","?","?","R","M","M","T","E","?","M","M","E","R","B",null,"M","?","?","?","M","E","R","M","T","R","M","E","M","M","R","B",null,"M","$","?","?","?","R","M","E"],"character_chosen":"THE_SILENT","items_purchased":["Blind","Matryoshka","Noxious Fumes"],"campfire_rested":6,"item_purchase_floors":[3,36,36],"current_hp_per_floor":[68,68,68,57,43,64,64,64,64,62,62,62,58,57,70,22,75,56,56,56,56,55,25,47,44,44,66,62,59,41,40,62,2,75,68,68,52,52,52,74,57,0],"gold":955,"neow_bonus":"RANDOM_COMMON_RELIC","is_prod":false,"is_daily":false,"chose_seed":false,"campfire_upgraded":0,"win_rate":0,"timestamp":1543058505,"path_taken":["M","?","$","?","?","R","M","?","T","E","?","M","?","E","R","BOSS","M","?","?","?","M","E","R","M","T","R","M","E","?","M","R","BOSS","M","$","?","?","?","R","M","E"],"build_version":"2018-11-15","purchased_purges":0,"victory":false,"max_hp_per_floor":[70,70,70,70,70,70,70,70,70,70,70,70,70,70,70,70,75,75,75,75,75,75,75,75,75,75,75,75,75,75,75,75,75,75,75,75,75,75,75,75,75,75],"card_choices":[{"not_picked":["Deflect","Backflip"],"picked":"Deadly Poison","floor":1},{"not_picked":["Flying Knee","Prepared"],"picked":"Backstab","floor":7},{"not_picked":["Reflex","Acrobatics"],"picked":"Bouncing Flask","floor":8},{"not_picked":["Tactician","Flechettes","Riddle With Holes"],"picked":"SKIP","floor":10},{"not_picked":["Predator","Masterful Stab"],"picked":"Poisoned Stab","floor":12},{"not_picked":["Dash","Dodge and Roll+1","Slice"],"picked":"SKIP","floor":13},{"not_picked":["PiercingWail+1","After Image"],"picked":"Deadly Poison+1","floor":14},{"not_picked":["Adrenaline+1","Night Terror+1"],"picked":"Phantasmal Killer+1","floor":16},{"not_picked":["Escape Plan+1","Prepared+1"],"picked":"Noxious Fumes","floor":17},{"not_picked":["Sucker Punch","Crippling Poison+1"],"picked":"Slice+1","floor":18},{"not_picked":["Predator","Flying Knee"],"picked":"Slice","floor":22},{"not_picked":["Acrobatics+1","Malaise+1"],"picked":"Dodge and Roll+1","floor":23},{"not_picked":["Prepared+1","Outmaneuver+1"],"picked":"PiercingWail+1","floor":24},{"not_picked":["Backflip+1","Flying Knee","Sucker Punch+1"],"picked":"SKIP","floor":25},{"not_picked":["Skewer","Prepared+1"],"picked":"Adrenaline+1","floor":28},{"not_picked":["Backflip+1","Poisoned Stab"],"picked":"Backstab","floor":29},{"not_picked":["Underhanded Strike","Bane","Reflex+1"],"picked":"SKIP","floor":30},{"not_picked":["Blade Dance+1","Backflip+1"],"picked":"Terror+1","floor":31},{"not_picked":["Expertise+1","Underhanded Strike"],"picked":"Poisoned Stab","floor":32},{"not_picked":["Underhanded Strike+1"],"picked":"SKIP","floor":35},{"not_picked":[],"picked":"The Bomb+1","floor":38},{"not_picked":[],"picked":"Dodge and Roll+1","floor":41}],"player_experience":81246,"relics_obtained":[{"floor":9,"key":"Pen Nib"},{"floor":10,"key":"Toxic Egg 2"},{"floor":14,"key":"Vajra"},{"floor":23,"key":"Dream Catcher"},{"floor":26,"key":"MawBank"},{"floor":29,"key":"Shuriken"},{"floor":37,"key":"Old Coin"}],"event_choices":[{"damage_healed":0,"gold_gain":0,"player_choice":"Leave","damage_taken":0,"max_hp_gain":0,"max_hp_loss":0,"event_name":"The Cleric","floor":2,"gold_loss":0},{"damage_healed":0,"gold_gain":75,"player_choice":"Gather Gold","damage_taken":11,"max_hp_gain":0,"max_hp_loss":0,"event_name":"World of Goop","floor":4,"gold_loss":0},{"damage_healed":0,"gold_gain":0,"player_choice":"Entered Light","damage_taken":14,"max_hp_gain":0,"max_hp_loss":0,"event_name":"Shining Light","floor":5,"gold_loss":0,"cards_upgraded":["Strike_G","Neutralize"]},{"damage_healed":0,"gold_gain":0,"player_choice":"Bought 0 Potions","damage_taken":0,"max_hp_gain":0,"max_hp_loss":0,"event_name":"The Woman in Blue","floor":11,"gold_loss":0},{"damage_healed":0,"gold_gain":0,"player_choice":"Obtained Relic","damage_taken":0,"relics_obtained":["Torii"],"max_hp_gain":0,"max_hp_loss":0,"event_name":"Addict","floor":19,"gold_loss":85},{"damage_healed":0,"gold_gain":0,"player_choice":"Inject Mutagens","damage_taken":0,"relics_obtained":["MutagenicStrength"],"max_hp_gain":0,"max_hp_loss":0,"event_name":"Drug Dealer","floor":20,"gold_loss":0},{"damage_healed":0,"gold_gain":100,"player_choice":"Pray","damage_taken":0,"max_hp_gain":0,"max_hp_loss":0,"event_name":"Golden Shrine","floor":21,"gold_loss":0},{"damage_healed":0,"gold_gain":0,"player_choice":"Fight","damage_taken":0,"max_hp_gain":0,"max_hp_loss":0,"event_name":"MindBloom","floor":37,"gold_loss":0},{"damage_healed":0,"gold_gain":0,"player_choice":"Memory 1","damage_taken":0,"max_hp_gain":0,"max_hp_loss":0,"event_name":"SensoryStone","floor":38,"gold_loss":0},{"damage_healed":0,"gold_gain":0,"player_choice":"Ignored","damage_taken":0,"max_hp_gain":0,"max_hp_loss":0,"event_name":"Tomb of Lord Red Mask","floor":39,"gold_loss":0}],"is_beta":false,"boss_relics":[{"not_picked":["Coffee Dripper","WristBlade"],"picked":"Tiny House"},{"not_picked":["Ring of the Serpent","Cursed Key"],"picked":"Busted Crown"}],"items_purged_floors":[],"is_endless":false,"potions_floor_spawned":[8,12,13,14,18,28,29,31,37],"killed_by":"Giant Head","ascension_level":0}