{"gold_per_floor":[115,65,41,41,41,41,58,58,58,68,143,143,175,188,188,188],"floor_reached":16,"playtime":514,"items_purged":[],"score":108,"play_id":"bfba69eb-eee2-4d22-bb34-2a62d80aca38","local_time":"20180809192050","is_ascension_mode":true,"campfire_choices":[{"data":"True Grit","floor":6,"key":"SMITH"},{"data":"True Grit","floor":8,"key":"SMITH"},{"data":"Spot Weakness","floor":12,"key":"SMITH"},{"floor":15,"key":"REST"}],"neow_cost":"NONE","seed_source_timestamp":896942658344262,"circlet_count":0,"master_deck":["Strike_R","Strike_R","Defend_R","Defend_R","Defend_R","Defend_R","Bash","True Grit+1","True Grit+1","Spot Weakness+1"],"relics":["Burning Blood","Meat on the Bone","Bronze Scales"],"potions_floor_usage":[16],"damage_taken":[{"damage":5,"enemies":"Small Slimes","floor":1,"turns":4},{"damage":9,"enemies":"Cultist","floor":7,"turns":4},{"damage":3,"enemies":"Jaw Worm","floor":10,"turns":4},{"damage":42,"enemies":"Lagavulin","floor":13,"turns":8},{"damage":8,"enemies":"Red Slaver","floor":14,"turns":4},{"damage":83,"enemies":"Slime Boss","floor":16,"turns":10}],"seed_played":"9217168507032986104","potions_obtained":[{"floor":1,"key":"SteroidPotion"},{"floor":10,"key":"PowerPotion"},{"floor":14,"key":"FearPotion"}],"is_trial":false,"path_per_floor":["M","?","$","?","$","R","M","R","T","M","?","R","E","M","R"],"character_chosen":"IRONCLAD","items_purchased":["True Grit"],"campfire_rested":1,"item_purchase_floors":[3],"current_hp_per_floor":[80,80,80,80,80,80,77,77,77,80,69,69,45,55,79,0],"gold":188,"neow_bonus":"REMOVE_CARD","is_prod":false,"is_daily":false,"chose_seed":false,"campfire_upgraded":3,"win_rate":0,"timestamp":1533813650,"path_taken":["M","?","$","?","$","R","?","R","T","M","?","R","E","M","R","BOSS"],"build_version":"2018-08-02","purchased_purges":0,"victory":false,"max_hp_per_floor":[80,80,80,80,80,80,80,80,80,80,80,80,80,80,80,80],"card_choices":[{"not_picked":["Rage","Metallicize"],"picked":"True Grit","floor":1},{"not_picked":["Shrug It Off","Reckless Charge","Flame Barrier"],"picked":"SKIP","floor":7},{"not_picked":["Infernal Blade","Havoc"],"picked":"Spot Weakness","floor":10},{"not_picked":["Rupture","True Grit","Rage"],"picked":"SKIP","floor":13},{"not_picked":["Twin Strike","Iron Wave","Armaments"],"picked":"SKIP","floor":14}],"player_experience":229244,"relics_obtained":[{"floor":9,"key":"Meat on the Bone"},{"floor":13,"key":"Bronze Scales"}],"event_choices":[{"event_name":"The Cleric","player_choice":"Card Removal","floor":2,"damage_taken":0},{"event_name":"Bonfire Elementals","player_choice":"BASIC","floor":4,"damage_taken":0},{"event_name":"World of Goop","player_choice":"Gather Gold","floor":11,"damage_taken":0}],"is_beta":false,"boss_relics":[],"items_purged_floors":[],"is_endless":false,"potions_floor_spawned":[1,10,14],"killed_by":"Slime Boss","ascension_level":2}