{"gold_per_floor":[116,14,25,25,25,25,39,39,39,39,53,68,82,110,110,210,210,230,130,144,157,173,173,184,199,199,199,74,92,92,103,103,198,198,213,63,78,97,97,97,113,113,161,161,174,186,186,200,200,200],"floor_reached":51,"playtime":2264,"items_purged":["Strike_B","Defend_B","Defend_B","Defend_B"],"score":657,"play_id":"d30bd215-f02e-48bd-947a-7a7c06a58d00","local_time":"20180721180620","is_ascension_mode":false,"campfire_choices":[{"data":"Leap","floor":6,"key":"SMITH"},{"data":"Ball Lightning","floor":8,"key":"SMITH"},{"data":"Go for the Eyes","floor":10,"key":"SMITH"},{"floor":15,"key":"REST"},{"data":"Thunder Strike","floor":23,"key":"SMITH"},{"floor":30,"key":"REST"},{"data":"Buffer","floor":32,"key":"SMITH"},{"data":"Enlightenment","floor":40,"key":"SMITH"},{"data":"Electrodynamics","floor":42,"key":"SMITH"},{"data":"Reboot","floor":44,"key":"SMITH"},{"data":"Hologram","floor":49,"key":"SMITH"}],"neow_cost":"NONE","seed_source_timestamp":541329405427136,"circlet_count":0,"master_deck":["Zap+1","Dualcast","Leap+1","Ball Lightning+1","Go for the Eyes+1","Electrodynamics+1","Genetic Algorithm","Buffer+1","Redo+1","Redo+1","Thunder Strike+1","Conserve Battery+1","Conserve Battery+1","Glacier","Reboot+1","Static Discharge+1","Conserve Battery+1","Enlightenment+1","Loop+1","Hologram+1","BootSequence+1"],"relics":["Cracked Core","Cables","Pen Nib","Empty Cage","Pantograph","Black Star","Regal Pillow"],"potions_floor_usage":[38],"damage_taken":[{"damage":12,"enemies":"Small Slimes","floor":1,"turns":3},{"damage":0,"enemies":"Cultist","floor":3,"turns":4},{"damage":0,"enemies":"Jaw Worm","floor":7,"turns":2},{"damage":1,"enemies":"3 Louse","floor":11,"turns":3},{"damage":0,"enemies":"Exordium Thugs","floor":12,"turns":3},{"damage":0,"enemies":"Blue Slaver","floor":13,"turns":3},{"damage":11,"enemies":"Lagavulin","floor":14,"turns":6},{"damage":7,"enemies":"The Guardian","floor":16,"turns":10},{"damage":5,"enemies":"Spheric Guardian","floor":18,"turns":4},{"damage":1,"enemies":"Chosen","floor":20,"turns":4},{"damage":13,"enemies":"Centurion and Healer","floor":21,"turns":4},{"damage":6,"enemies":"3 Cultists","floor":22,"turns":3},{"damage":20,"enemies":"Slaver and Parasite","floor":24,"turns":4},{"damage":16,"enemies":"Cultist and Chosen","floor":25,"turns":5},{"damage":1,"enemies":"Snake Plant","floor":29,"turns":3},{"damage":0,"enemies":"Centurion and Healer","floor":31,"turns":3},{"damage":6,"enemies":"Champ","floor":33,"turns":13},{"damage":11,"enemies":"Flame Bruiser 1 Orb","floor":35,"turns":3},{"damage":0,"enemies":"Orb Walker","floor":37,"turns":3},{"damage":1,"enemies":"Transient","floor":38,"turns":5},{"damage":1,"enemies":"Spire Growth","floor":41,"turns":4},{"damage":0,"enemies":"Maw","floor":45,"turns":6},{"damage":6,"enemies":"Sphere and 2 Shapes","floor":46,"turns":3},{"damage":0,"enemies":"3 Darklings","floor":48,"turns":2},{"damage":33,"enemies":"Donu and Deca","floor":50,"turns":8}],"seed_played":"7940849819016735667","potions_obtained":[{"floor":1,"key":"Dexterity Potion"},{"floor":7,"key":"Block Potion"},{"floor":11,"key":"FairyPotion"},{"floor":18,"key":"Fire Potion"},{"floor":29,"key":"Regen Potion"},{"floor":46,"key":"Poison Potion"}],"is_trial":false,"path_per_floor":["M","$","M","$","?","R","M","R","T","R","M","M","M","E","R","B",null,"M","$","M","M","M","R","M","M","T","?","$","M","R","M","R","B",null,"M","$","M","M","?","R","M","R","T","R","M","M","?","M","R","B"],"character_chosen":"DEFECT","items_purchased":["Leap"],"campfire_rested":2,"item_purchase_floors":[2],"current_hp_per_floor":[63,63,63,63,63,63,63,63,63,63,62,62,62,51,73,66,75,70,70,69,56,50,50,30,14,14,39,39,38,60,60,60,69,75,64,64,64,63,63,63,62,62,62,62,62,56,56,56,56,42],"gold":200,"neow_bonus":"REMOVE_CARD","is_prod":false,"is_daily":false,"chose_seed":false,"campfire_upgraded":9,"win_rate":0.0,"timestamp":1532167580,"path_taken":["M","$","M","$","?","R","M","R","T","R","M","M","M","E","R","BOSS","M","$","M","M","M","R","M","M","T","?","$","M","R","M","R","BOSS","M","$","M","M","?","R","M","R","T","R","M","M","?","M","R","BOSS"],"build_version":"2018-07-19v2","purchased_purges":4,"victory":true,"max_hp_per_floor":[75,75,75,75,75,75,75,75,75,75,75,75,75,75,75,75,75,75,75,75,75,75,75,75,75,75,75,75,75,75,75,75,75,75,75,75,75,75,75,75,75,75,75,75,75,75,75,75,75,75],"card_choices":[{"not_picked":["Force Field","Sweeping Beam","Coolheaded"],"picked":"SKIP","floor":1},{"not_picked":["Cold Snap","Aggregate"],"picked":"Ball Lightning","floor":3},{"not_picked":["Genetic Algorithm","Sweeping Beam"],"picked":"Go for the Eyes","floor":7},{"not_picked":["Glacier","Coolheaded","Consume"],"picked":"SKIP","floor":11},{"not_picked":["Darkness","Redo"],"picked":"Electrodynamics","floor":12},{"not_picked":["Barrage","Beam Cell"],"picked":"Genetic Algorithm","floor":13},{"not_picked":["Storm","Steam","Chaos"],"picked":"SKIP","floor":14},{"not_picked":["Hyperbeam","Echo Form"],"picked":"Buffer","floor":16},{"not_picked":["Barrage","Beam Cell"],"picked":"Redo+1","floor":18},{"not_picked":["Conserve Battery","Blizzard"],"picked":"Redo+1","floor":20},{"not_picked":["Stack+1","Barrage"],"picked":"Thunder Strike","floor":21},{"not_picked":["Rip and Tear","Coolheaded"],"picked":"Conserve Battery+1","floor":22},{"not_picked":["Beam Cell","Go for the Eyes","Ball Lightning"],"picked":"SKIP","floor":24},{"not_picked":["Coolheaded","Force Field+1"],"picked":"Conserve Battery+1","floor":25},{"not_picked":["Double Energy","Sweeping Beam","Ball Lightning+1"],"picked":"SKIP","floor":29},{"not_picked":["Go for the Eyes","Meteor Strike"],"picked":"Glacier","floor":31},{"not_picked":["Electrodynamics","Echo Form"],"picked":"Reboot","floor":33},{"not_picked":["Fusion","Rip and Tear+1"],"picked":"Static Discharge+1","floor":35},{"not_picked":["Hologram","Streamline","Go for the Eyes"],"picked":"SKIP","floor":37},{"not_picked":["Go for the Eyes+1","Beam Cell"],"picked":"Conserve Battery+1","floor":38},{"not_picked":["Secret Technique","Swift Strike"],"picked":"Enlightenment","floor":39},{"not_picked":["Steam","Hello World","Beam Cell+1"],"picked":"SKIP","floor":41},{"not_picked":["Cold Snap","Beam Cell"],"picked":"Loop+1","floor":45},{"not_picked":["Turbo+1","Rebound","Redo"],"picked":"SKIP","floor":46},{"not_picked":["Aggregate","Lockon+1"],"picked":"BootSequence+1","floor":48}],"player_experience":38731,"relics_obtained":[{"floor":9,"key":"Cables"},{"floor":14,"key":"Pen Nib"},{"floor":26,"key":"Pantograph"},{"floor":43,"key":"Regal Pillow"}],"event_choices":[{"event_name":"Upgrade Shrine","player_choice":"Upgraded","floor":5,"damage_taken":0},{"event_name":"The Library","player_choice":"Heal","floor":27,"damage_taken":0},{"event_name":"SensoryStone","player_choice":"Memory 1","floor":39,"damage_taken":0},{"event_name":"Transmorgrifier","player_choice":"Transform","floor":47,"damage_taken":0}],"is_beta":false,"boss_relics":[{"not_picked":["Coffee Dripper","Runic Pyramid"],"picked":"Empty Cage"},{"not_picked":["Velvet Choker","Calling Bell"],"picked":"Black Star"}],"items_purged_floors":[2,19,28,36],"is_endless":false,"potions_floor_spawned":[1,7,11,14,18,24,29,33,38,46,48],"ascension_level":0}