{"gold_per_floor":[119,119,135,145,72,72,82,47,74,74,74,91,41,73,73,178,178,188,205,205,215,93,93,112,130,130,130,140,65,65,65,65,65],"floor_reached":33,"playtime":1287,"items_purged":["Strike_R","Defend_R","Bash"],"score":431,"play_id":"c4a20347-6b2b-4337-b4da-683bbb4e235c","local_time":"20190106115209","is_ascension_mode":true,"campfire_choices":[{"data":"Body Slam","floor":6,"key":"SMITH"},{"data":"Inflame","floor":10,"key":"SMITH"},{"floor":15,"key":"REST"},{"data":"Armaments","floor":23,"key":"SMITH"},{"floor":27,"key":"REST"},{"floor":32,"key":"REST"}],"neow_cost":"PERCENT_DAMAGE","seed_source_timestamp":1384897513575515,"circlet_count":0,"master_deck":["Double Tap","Inflame+1","Body Slam+1","Carnage","Pommel Strike","Shrug It Off","Shrug It Off","Wild Strike+1","Cleave+1","Juggernaut","Uppercut+1","Evolve","Rage","Ghostly Armor","Pummel+1","Demon Form","Armaments+1","True Grit","Power Through","Shrug It Off+1","Bludgeon+1"],"relics":["Burning Blood","Smiling Mask","Dream Catcher","Molten Egg 2","Sundial","Pandora\u0027s Box","Nunchaku"],"potions_floor_usage":[16,25,28,33],"damage_taken":[{"damage":1,"enemies":"Cultist","floor":1,"turns":3},{"damage":9,"enemies":"Jaw Worm","floor":3,"turns":3},{"damage":5,"enemies":"2 Louse","floor":4,"turns":4},{"damage":7,"enemies":"Looter","floor":7,"turns":3},{"damage":0,"enemies":"2 Fungi Beasts","floor":12,"turns":3},{"damage":25,"enemies":"Gremlin Nob","floor":14,"turns":5},{"damage":0,"enemies":"Slime Boss","floor":16,"turns":8},{"damage":14,"enemies":"2 Thieves","floor":18,"turns":3},{"damage":5,"enemies":"Spheric Guardian","floor":19,"turns":3},{"damage":0,"enemies":"Snecko","floor":21,"turns":3},{"damage":20,"enemies":"Snake Plant","floor":24,"turns":4},{"damage":25,"enemies":"3 Cultists","floor":25,"turns":5},{"damage":17,"enemies":"Centurion and Healer","floor":28,"turns":5},{"damage":90,"enemies":"Champ","floor":33,"turns":9}],"seed_played":"7487947051672005430","potions_obtained":[{"floor":1,"key":"SkillPotion"},{"floor":3,"key":"FearPotion"},{"floor":7,"key":"Strength Potion"},{"floor":24,"key":"Regen Potion"}],"is_trial":false,"path_per_floor":["M","?","M","M","$","R","M","?","T","R","T","M","$","E","R","B",null,"M","M","?","M","$","R","M","M","T","R","M","?","$","?","R","B"],"character_chosen":"IRONCLAD","items_purchased":["Pommel Strike","Armaments","True Grit"],"campfire_rested":3,"item_purchase_floors":[5,22,22],"current_hp_per_floor":[56,38,35,36,36,36,35,55,55,55,55,61,61,42,66,72,78,70,71,56,62,62,62,48,38,38,63,52,52,52,52,77,0],"gold":65,"neow_bonus":"THREE_RARE_CARDS","is_prod":false,"is_daily":false,"chose_seed":false,"campfire_upgraded":3,"win_rate":0,"timestamp":1546771929,"path_taken":["M","?","M","M","?","R","M","?","T","R","?","M","$","E","R","BOSS","M","M","?","M","$","R","M","M","T","R","M","?","$","?","R","BOSS"],"build_version":"2019-01-03v4","purchased_purges":3,"victory":false,"max_hp_per_floor":[80,80,80,80,80,80,80,80,80,80,80,80,80,80,80,80,80,80,80,85,85,85,85,85,85,85,85,85,85,85,85,85,85],"card_choices":[{"not_picked":["Berserk","Reaper"],"picked":"Double Tap","floor":0},{"not_picked":["Dropkick","Combust"],"picked":"Inflame","floor":1},{"not_picked":["Headbutt","Corruption"],"picked":"Body Slam","floor":3},{"not_picked":["True Grit","Infernal Blade"],"picked":"Carnage","floor":4},{"not_picked":["Clash","Sword Boomerang"],"picked":"Shrug It Off","floor":7},{"not_picked":["Entrench","Wild Strike+1"],"picked":"Shrug It Off","floor":12},{"not_picked":["Clash+1","Berserk"],"picked":"Wild Strike+1","floor":14},{"not_picked":["Feel No Pain","Clothesline+1"],"picked":"Cleave+1","floor":15},{"not_picked":["Offering","Berserk"],"picked":"Juggernaut","floor":16},{"not_picked":["Clothesline+1","Dual Wield","Anger+1"],"picked":"SKIP","floor":18},{"not_picked":["Corruption","Whirlwind+1","Headbutt+1"],"picked":"SKIP","floor":19},{"not_picked":["Wild Strike+1","Evolve+1","Seeing Red"],"picked":"SKIP","floor":21},{"not_picked":["Ghostly Armor+1","Havoc"],"picked":"Power Through","floor":24},{"not_picked":["Blood for Blood+1","Flex","Thunderclap+1"],"picked":"SKIP","floor":25},{"not_picked":["Sever Soul+1","Sword Boomerang+1"],"picked":"Shrug It Off+1","floor":27},{"not_picked":["True Grit","Rampage+1","Sever Soul+1"],"picked":"SKIP","floor":28},{"not_picked":["Shockwave","Clash+1"],"picked":"Bludgeon+1","floor":32}],"player_experience":258070,"relics_obtained":[{"floor":9,"key":"Dream Catcher"},{"floor":11,"key":"Molten Egg 2"},{"floor":14,"key":"Sundial"},{"floor":26,"key":"Nunchaku"}],"event_choices":[{"damage_healed":0,"gold_gain":0,"player_choice":"Success","damage_taken":18,"relics_obtained":["Smiling Mask"],"max_hp_gain":0,"max_hp_loss":0,"event_name":"Scrap Ooze","floor":2,"gold_loss":0},{"damage_healed":20,"gold_gain":0,"player_choice":"Healed","damage_taken":0,"max_hp_gain":0,"max_hp_loss":0,"event_name":"The Cleric","floor":8,"gold_loss":35},{"damage_healed":0,"gold_gain":0,"player_choice":"Shed Blood","damage_taken":20,"max_hp_gain":5,"max_hp_loss":0,"event_name":"Forgotten Altar","floor":20,"gold_loss":0},{"cards_removed":["Sever Soul"],"damage_healed":0,"gold_gain":0,"player_choice":"Gave Gold","damage_taken":0,"max_hp_gain":0,"max_hp_loss":0,"event_name":"Beggar","floor":29,"gold_loss":75},{"damage_healed":0,"gold_gain":0,"player_choice":"Ignored","damage_taken":0,"max_hp_gain":0,"max_hp_loss":0,"event_name":"Ghosts","floor":31,"gold_loss":0}],"is_beta":false,"boss_relics":[{"not_picked":["Fusion Hammer","Orrery"],"picked":"Pandora\u0027s Box"}],"items_purged_floors":[5,13,22],"is_endless":false,"potions_floor_spawned":[1,3,7,24],"killed_by":"Champ","ascension_level":9}