{"gold_per_floor":[117,117,42,42,53,53,79,90,113,136,160,189,231,243,255,364,376,407,434,446,289,308,338,61,74,74,89,89,99,99,118,118,118],"floor_reached":33,"playtime":1166,"items_purged":["Strike_R","Strike_R","Strike_R"],"score":296,"play_id":"19172beb-dcef-43dd-81ec-d39ca0155088","local_time":"20190130170504","is_ascension_mode":false,"campfire_choices":[{"data":"Shrug It Off","floor":6,"key":"SMITH"},{"data":"Heavy Blade","floor":15,"key":"SMITH"},{"floor":30,"key":"REST"},{"data":"Rampage","floor":32,"key":"SMITH"}],"neow_cost":"NONE","seed_source_timestamp":72733579339187,"circlet_count":0,"master_deck":["Strike_R+1","Strike_R","Defend_R+1","Defend_R+1","Defend_R+1","Bash","Shrug It Off+1","Heavy Blade+1","Flame Barrier+1","Rampage+1"],"relics":["Burning Blood","NeowsBlessing","War Paint","MawBank","Bronze Scales","Lizard Tail","Mercury Hourglass","Omamori","Pear"],"potions_floor_usage":[12,16,23,27],"damage_taken":[{"damage":0,"enemies":"Jaw Worm","floor":1,"turns":1},{"damage":0,"enemies":"Small Slimes","floor":5,"turns":1},{"damage":0,"enemies":"3 Sentries","floor":7,"turns":2},{"damage":0,"enemies":"Cultist","floor":8,"turns":3},{"damage":8,"enemies":"Blue Slaver","floor":10,"turns":3},{"damage":2,"enemies":"2 Fungi Beasts","floor":11,"turns":4},{"damage":2,"enemies":"Exordium Thugs","floor":12,"turns":4},{"damage":63,"enemies":"Slime Boss","floor":16,"turns":12},{"damage":25,"enemies":"Chosen","floor":18,"turns":6},{"damage":0,"enemies":"3 Byrds","floor":19,"turns":3},{"damage":8,"enemies":"Snake Plant","floor":22,"turns":5},{"damage":46,"enemies":"Slavers","floor":23,"turns":7},{"damage":10,"enemies":"Centurion and Healer","floor":25,"turns":8},{"damage":16,"enemies":"Sentry and Sphere","floor":27,"turns":5},{"damage":16,"enemies":"3 Cultists","floor":29,"turns":6},{"damage":5,"enemies":"Snake Plant","floor":31,"turns":4},{"damage":25,"enemies":"Automaton","floor":33,"turns":6}],"seed_played":"-4942212709576830693","potions_obtained":[{"floor":5,"key":"Energy Potion"},{"floor":10,"key":"Fire Potion"},{"floor":16,"key":"Regen Potion"},{"floor":18,"key":"Explosive Potion"},{"floor":19,"key":"AttackPotion"},{"floor":22,"key":"LiquidBronze"},{"floor":31,"key":"SteroidPotion"}],"is_trial":false,"path_per_floor":["M","?","$","?","M","R","E","M","T","M","M","M","?","$","R","B",null,"M","M","?","$","M","E","$","M","T","M","$","M","R","M","R","B"],"character_chosen":"IRONCLAD","items_purchased":["Rampage","Omamori"],"campfire_rested":1,"item_purchase_floors":[21,24],"current_hp_per_floor":[80,64,64,64,70,70,76,80,80,78,80,80,80,80,80,23,80,61,67,67,67,65,25,25,21,31,21,21,11,38,39,39,14],"gold":118,"neow_bonus":"THREE_ENEMY_KILL","is_prod":false,"is_daily":false,"chose_seed":false,"campfire_upgraded":3,"win_rate":0,"timestamp":1548880504,"path_taken":["M","?","$","?","M","R","E","M","T","M","M","?","?","$","R","BOSS","M","M","?","$","M","E","?","?","T","M","$","?","R","M","R","BOSS"],"build_version":"2019-01-23","purchased_purges":3,"victory":false,"max_hp_per_floor":[80,80,80,80,80,80,80,80,80,80,80,80,80,80,80,80,80,80,80,80,80,80,80,80,80,90,90,90,90,90,90,90,90],"card_choices":[{"not_picked":["Clash","Infernal Blade"],"picked":"Shrug It Off","floor":1},{"not_picked":["Searing Blow","Wild Strike"],"picked":"Heavy Blade","floor":5},{"not_picked":["Juggernaut","Havoc","Pommel Strike"],"picked":"SKIP","floor":7},{"not_picked":["Sword Boomerang","Dropkick","Seeing Red"],"picked":"SKIP","floor":8},{"not_picked":["Body Slam","Sentinel","Iron Wave"],"picked":"SKIP","floor":10},{"not_picked":["Pummel","Rage","Dropkick"],"picked":"SKIP","floor":11},{"not_picked":["Warcry","Heavy Blade","Flex"],"picked":"SKIP","floor":12},{"not_picked":["Shockwave","Anger"],"picked":"Flame Barrier","floor":18},{"not_picked":["True Grit","Warcry+1","Iron Wave"],"picked":"SKIP","floor":19},{"not_picked":["Bludgeon","Sentinel","Shrug It Off"],"picked":"SKIP","floor":22},{"not_picked":["Uppercut+1","Burning Pact","Rampage"],"picked":"SKIP","floor":23},{"not_picked":["Dual Wield","Clothesline","Clash"],"picked":"SKIP","floor":25},{"not_picked":["Seeing Red","Clash+1","Thunderclap"],"picked":"SKIP","floor":27},{"not_picked":["Metallicize","Battle Trance","Feel No Pain+1"],"picked":"SKIP","floor":29},{"not_picked":["Pommel Strike+1","Clothesline","Cleave"],"picked":"SKIP","floor":31}],"player_experience":266643,"relics_obtained":[{"floor":7,"key":"War Paint"},{"floor":9,"key":"MawBank"},{"floor":23,"key":"Mercury Hourglass"},{"floor":26,"key":"Pear"}],"event_choices":[{"damage_healed":0,"gold_gain":0,"player_choice":"Entered Light","damage_taken":16,"max_hp_gain":0,"max_hp_loss":0,"event_name":"Shining Light","floor":2,"gold_loss":0,"cards_upgraded":["Defend_R","Strike_R"]},{"cards_removed":["Defend_R"],"damage_healed":0,"gold_gain":0,"player_choice":"Purged","damage_taken":0,"max_hp_gain":0,"max_hp_loss":0,"event_name":"Purifier","floor":4,"gold_loss":0},{"damage_healed":0,"gold_gain":30,"player_choice":"Searched \u00273\u0027 times","damage_taken":0,"relics_obtained":["Bronze Scales"],"max_hp_gain":0,"max_hp_loss":0,"event_name":"Dead Adventurer","floor":13,"gold_loss":0},{"damage_healed":0,"gold_gain":0,"player_choice":"Forge","damage_taken":0,"max_hp_gain":0,"max_hp_loss":0,"event_name":"Accursed Blacksmith","floor":20,"gold_loss":0,"cards_upgraded":["Flame Barrier"]}],"is_beta":false,"boss_relics":[{"not_picked":["Philosopher\u0027s Stone","Snecko Eye"],"picked":"Lizard Tail"}],"items_purged_floors":[3,21,24],"is_endless":false,"potions_floor_spawned":[5,10,16,18,19,22,31],"killed_by":"Automaton","ascension_level":0}