{"gold_per_floor":[114,129,18,18,34,34,68,86,86,86],"floor_reached":10,"playtime":287,"items_purged":[],"score":119,"play_id":"14a8be42-fb1d-4968-a96d-1a2921184536","local_time":"20190202172355","is_ascension_mode":true,"campfire_choices":[{"data":"Bane","floor":6,"key":"SMITH"}],"neow_cost":"NONE","seed_source_timestamp":11649983766600,"circlet_count":0,"master_deck":["AscendersBane","Defend_G","Defend_G","Defend_G","Defend_G","Defend_G","Strike_G","Strike_G","Strike_G","Strike_G","Strike_G","Survivor","Neutralize","Bane+1","Catalyst+1","Bouncing Flask","Deadly Poison","Catalyst","Catalyst"],"relics":["Ring of the Snake","Girya","The Courier"],"potions_floor_usage":[7,7],"damage_taken":[{"damage":7,"enemies":"Small Slimes","floor":1,"turns":4},{"damage":1,"enemies":"Cultist","floor":2,"turns":4},{"damage":0,"enemies":"2 Louse","floor":5,"turns":5},{"damage":27,"enemies":"3 Sentries","floor":7,"turns":8},{"damage":6,"enemies":"Blue Slaver","floor":8,"turns":4},{"damage":21,"enemies":"Lots of Slimes","floor":10,"turns":1}],"seed_played":"2214870458833271048","potions_obtained":[{"floor":2,"key":"Explosive Potion"},{"floor":5,"key":"EssenceOfSteel"}],"is_trial":false,"path_per_floor":["M","M","$","?","M","R","E","M","T","M"],"character_chosen":"THE_SILENT","items_purchased":["Catalyst","Bouncing Flask"],"campfire_rested":0,"item_purchase_floors":[3,3],"current_hp_per_floor":[52,51,51,51,51,51,24,18,18,0],"gold":86,"neow_bonus":"THREE_CARDS","is_prod":false,"is_daily":false,"chose_seed":false,"campfire_upgraded":1,"win_rate":0,"timestamp":1549121035,"path_taken":["M","M","$","?","M","R","E","M","T","M"],"build_version":"2019-01-23","purchased_purges":0,"victory":false,"max_hp_per_floor":[66,66,66,66,66,66,66,66,66,66],"card_choices":[{"not_picked":["Deadly Poison","Deflect"],"picked":"Bane","floor":0},{"not_picked":["Dodge and Roll","Reflex","Bane"],"picked":"SKIP","floor":1},{"not_picked":["Deflect","Flechettes","Masterful Stab"],"picked":"SKIP","floor":2},{"not_picked":["Riddle With Holes","Dagger Throw"],"picked":"Deadly Poison","floor":5},{"not_picked":["Adrenaline","Predator"],"picked":"Catalyst","floor":7},{"not_picked":["Blade Dance","Finisher"],"picked":"Catalyst","floor":8}],"player_experience":576004,"relics_obtained":[{"floor":7,"key":"Girya"},{"floor":9,"key":"The Courier"}],"event_choices":[{"damage_healed":0,"gold_gain":0,"player_choice":"Forge","damage_taken":0,"max_hp_gain":0,"max_hp_loss":0,"event_name":"Accursed Blacksmith","floor":4,"gold_loss":0,"cards_upgraded":["Catalyst"]}],"is_beta":false,"boss_relics":[],"items_purged_floors":[],"is_endless":false,"potions_floor_spawned":[2,5],"killed_by":"Lots of Slimes","ascension_level":15}