{"gold_per_floor":[219,219,233,233,248,282,282,295,344,354,379,390,390,390,390,494,494,511,522,153,176,187,187,32,32,32,32,9,9,9,9,9,107,107,127,147,147,147,166,166,166,166,219,219,237,247,247,22,22,22],"floor_reached":51,"playtime":1724,"items_purged":[],"score":1023,"play_id":"67f71193-52bd-4e37-b03c-1cffdabf1e33","local_time":"20190120181314","is_ascension_mode":true,"campfire_choices":[{"floor":7,"key":"REST"},{"data":"Disarm","floor":13,"key":"SMITH"},{"data":"Perfected Strike","floor":15,"key":"SMITH"},{"data":"Armaments","floor":23,"key":"SMITH"},{"data":"Immolate","floor":30,"key":"SMITH"},{"data":"Perfected Strike","floor":32,"key":"SMITH"},{"data":"Shrug It Off","floor":40,"key":"SMITH"},{"data":"Shrug It Off","floor":42,"key":"SMITH"},{"data":"Bash","floor":44,"key":"SMITH"},{"floor":49,"key":"REST"}],"neow_cost":"NONE","seed_source_timestamp":948400519558375,"circlet_count":0,"master_deck":["AscendersBane","Strike_R+1","Strike_R+1","Strike_R+1","Strike_R+1","Strike_R+1","Defend_R+1","Defend_R+1","Defend_R+1","Bash+1","Iron Wave","Immolate+1","Wild Strike+1","Disarm+1","Perfected Strike+1","Wild Strike","Shockwave+1","Feed","Armaments+1","Perfected Strike+1","Shrug It Off+1","Body Slam","Shrug It Off+1","Barricade","Blind","Flame Barrier+1","Entrench"],"relics":["Burning Blood","Pantograph","Whetstone","Centennial Puzzle","Lizard Tail","Ginger","Potion Belt","Juzu Bracelet","MutagenicStrength","Turnip","Snecko Eye","Regal Pillow","Charon\u0027s Ashes","Ancient Tea Set"],"potions_floor_usage":[12,33,33,38,50],"damage_taken":[{"damage":14,"enemies":"Jaw Worm","floor":1,"turns":3},{"damage":1,"enemies":"Cultist","floor":3,"turns":3},{"damage":7,"enemies":"Small Slimes","floor":5,"turns":3},{"damage":46,"enemies":"Lagavulin","floor":6,"turns":8},{"damage":0,"enemies":"2 Fungi Beasts","floor":8,"turns":2},{"damage":17,"enemies":"Looter","floor":10,"turns":3},{"damage":25,"enemies":"3 Sentries","floor":11,"turns":7},{"damage":8,"enemies":"Exordium Wildlife","floor":12,"turns":2},{"damage":7,"enemies":"Hexaghost","floor":16,"turns":7},{"damage":6,"enemies":"Spheric Guardian","floor":18,"turns":3},{"damage":24,"enemies":"Shell Parasite","floor":19,"turns":4},{"damage":23,"enemies":"3 Cultists","floor":22,"turns":6},{"damage":117,"enemies":"Collector","floor":33,"turns":10},{"damage":11,"enemies":"Orb Walker","floor":35,"turns":2},{"damage":0,"enemies":"3 Shapes","floor":36,"turns":2},{"damage":0,"enemies":"2 Orb Walkers","floor":38,"turns":1},{"damage":20,"enemies":"Sphere and 2 Shapes","floor":39,"turns":4},{"damage":12,"enemies":"4 Shapes","floor":45,"turns":2},{"damage":18,"enemies":"Jaw Worm Horde","floor":46,"turns":3},{"damage":42,"enemies":"Time Eater","floor":50,"turns":13}],"seed_played":"-7474717785606786212","potions_obtained":[{"floor":8,"key":"Dexterity Potion"},{"floor":10,"key":"BloodPotion"},{"floor":12,"key":"EssenceOfSteel"},{"floor":33,"key":"SmokeBomb"},{"floor":39,"key":"Weak Potion"}],"is_trial":false,"path_per_floor":["M","?","M","$","M","E","R","M","T","M","E","M","R","?","R","B",null,"M","M","$","T","M","R","$","?","T","?","$","?","R","?","R","B",null,"M","M","?","?","M","R","?","R","T","R","M","M","T","$","R","B",null],"character_chosen":"IRONCLAD","items_purchased":["Ginger","Shrug It Off","Body Slam","Juzu Bracelet","Shrug It Off","Entrench","Ancient Tea Set"],"campfire_rested":2,"item_purchase_floors":[20,20,20,24,28,48,48],"current_hp_per_floor":[64,64,69,69,68,28,52,58,58,47,28,34,34,34,34,58,75,75,57,57,57,40,40,40,40,40,40,40,80,80,80,80,10,63,58,67,67,73,63,63,63,63,63,63,60,48,48,48,90,54],"gold":22,"neow_bonus":"HUNDRED_GOLD","is_prod":false,"is_daily":false,"chose_seed":false,"campfire_upgraded":8,"win_rate":0,"timestamp":1548004394,"path_taken":["M","?","?","$","M","E","R","M","T","M","E","M","R","?","R","BOSS","M","M","$","?","M","R","?","?","T","?","$","?","R","?","R","BOSS","M","M","?","?","M","R","?","R","T","R","M","M","?","$","R","BOSS"],"build_version":"2019-01-17v2","purchased_purges":0,"victory":true,"max_hp_per_floor":[80,80,80,80,80,80,80,80,80,80,80,80,80,80,80,80,80,80,80,80,80,80,80,80,80,80,80,80,80,80,80,80,80,80,80,83,83,83,87,87,87,87,87,87,90,90,90,90,90,90],"card_choices":[{"not_picked":["Hemokinesis","Heavy Blade"],"picked":"Iron Wave","floor":1},{"not_picked":["Intimidate","Headbutt"],"picked":"Wild Strike","floor":3},{"not_picked":["Cleave","Heavy Blade"],"picked":"Inflame","floor":5},{"not_picked":["Rampage","Whirlwind"],"picked":"Disarm","floor":6},{"not_picked":["True Grit","Armaments"],"picked":"Perfected Strike","floor":8},{"not_picked":["Thunderclap","Dark Embrace"],"picked":"Wild Strike","floor":10},{"not_picked":["Pommel Strike","Feel No Pain"],"picked":"Shockwave","floor":11},{"not_picked":["Anger","Hemokinesis","Flex"],"picked":"SKIP","floor":12},{"not_picked":["Brutality","Barricade"],"picked":"Feed","floor":16},{"not_picked":["Anger","Corruption"],"picked":"Armaments","floor":18},{"not_picked":["Armaments","Feed"],"picked":"Perfected Strike","floor":19},{"not_picked":["Evolve","Uppercut","Thunderclap+1"],"picked":"SKIP","floor":22},{"not_picked":["Limit Break","Fiend Fire"],"picked":"Barricade","floor":33},{"not_picked":["Clash","Clothesline+1","Corruption+1"],"picked":"SKIP","floor":35},{"not_picked":["Clothesline+1","Sword Boomerang+1","Headbutt+1"],"picked":"SKIP","floor":36},{"not_picked":["Dramatic Entrance","Flash of Steel"],"picked":"Blind","floor":37},{"not_picked":["Sword Boomerang","Warcry","Inflame"],"picked":"SKIP","floor":39},{"not_picked":["Clash+1","Shockwave+1"],"picked":"Flame Barrier+1","floor":45},{"not_picked":["Rampage+1","Battle Trance+1","Corruption"],"picked":"SKIP","floor":46}],"player_experience":274517,"relics_obtained":[{"floor":6,"key":"Pantograph"},{"floor":9,"key":"Whetstone"},{"floor":11,"key":"Centennial Puzzle"},{"floor":21,"key":"Potion Belt"},{"floor":26,"key":"Turnip"},{"floor":43,"key":"Regal Pillow"},{"floor":47,"key":"Charon\u0027s Ashes"}],"event_choices":[{"damage_healed":0,"gold_gain":0,"player_choice":"1 cards matched","damage_taken":0,"max_hp_gain":0,"max_hp_loss":0,"event_name":"Match and Keep!","floor":2,"gold_loss":0,"cards_obtained":["Immolate"]},{"damage_healed":0,"gold_gain":0,"player_choice":"Upgraded","damage_taken":0,"max_hp_gain":0,"max_hp_loss":0,"event_name":"Upgrade Shrine","floor":14,"gold_loss":0,"cards_upgraded":["Shockwave"]},{"damage_healed":0,"gold_gain":0,"player_choice":"Inject Mutagens","damage_taken":0,"relics_obtained":["MutagenicStrength"],"max_hp_gain":0,"max_hp_loss":0,"event_name":"Drug Dealer","floor":25,"gold_loss":0},{"damage_healed":0,"gold_gain":0,"player_choice":"Ignored","damage_taken":0,"max_hp_gain":0,"max_hp_loss":0,"event_name":"Beggar","floor":27,"gold_loss":0},{"cards_removed":["Inflame"],"damage_healed":40,"gold_gain":0,"player_choice":"Offered Uncommon","damage_taken":0,"max_hp_gain":0,"max_hp_loss":0,"event_name":"Bonfire Elementals","floor":29,"gold_loss":0},{"damage_healed":0,"gold_gain":0,"player_choice":"Simplicity","damage_taken":0,"max_hp_gain":0,"max_hp_loss":0,"event_name":"Back to Basics","floor":31,"gold_loss":0,"cards_upgraded":["Strike_R","Strike_R","Strike_R","Strike_R","Defend_R","Defend_R","Defend_R","Defend_R"]},{"damage_healed":0,"gold_gain":0,"player_choice":"Memory 1","damage_taken":0,"max_hp_gain":0,"max_hp_loss":0,"event_name":"SensoryStone","floor":37,"gold_loss":0},{"damage_healed":0,"gold_gain":0,"player_choice":"Fight","damage_taken":0,"max_hp_gain":0,"max_hp_loss":0,"event_name":"Mysterious Sphere","floor":38,"gold_loss":0},{"cards_removed":["Defend_R"],"damage_healed":0,"gold_gain":0,"player_choice":"Removed Skill","damage_taken":0,"max_hp_gain":0,"max_hp_loss":0,"event_name":"Falling","floor":41,"gold_loss":0}],"is_beta":false,"boss_relics":[{"not_picked":["Runic Dome","Ectoplasm"],"picked":"Lizard Tail"},{"not_picked":["Fusion Hammer","Runic Pyramid"],"picked":"Snecko Eye"}],"items_purged_floors":[],"is_endless":false,"potions_floor_spawned":[8,10,12,33,38,39],"ascension_level":11}