{"gold_per_floor":[115,133,83,83,107,141,141,157,204,204,219,219,244,275,275,396,396,411,411,426,109,109,109],"floor_reached":23,"playtime":736,"items_purged":["Strike_R"],"score":249,"play_id":"ffa1c5a5-4b36-4076-8c0d-13cdcfbd319d","local_time":"20190129210214","is_ascension_mode":false,"campfire_choices":[{"data":"Corruption","floor":7,"key":"SMITH"},{"floor":10,"key":"REST"},{"data":"Inflame","floor":12,"key":"SMITH"},{"data":"Shrug It Off","floor":15,"key":"SMITH"}],"neow_cost":"NONE","seed_source_timestamp":993280269084,"circlet_count":0,"master_deck":["Strike_R","Strike_R","Strike_R","Defend_R","Defend_R","Defend_R","Defend_R","Bash","Corruption+1","Inflame+1","Shrug It Off+1","Feed"],"relics":["Burning Blood","NeowsBlessing","Golden Idol","Centennial Puzzle","Dream Catcher","Pear","White Beast Statue","Nloth\u0027s Gift","Mercury Hourglass","Frozen Egg 2"],"potions_floor_usage":[14,18,23,23],"damage_taken":[{"damage":0,"enemies":"2 Louse","floor":1,"turns":1},{"damage":0,"enemies":"Jaw Worm","floor":2,"turns":1},{"damage":0,"enemies":"Gremlin Nob","floor":6,"turns":1},{"damage":5,"enemies":"Cultist","floor":8,"turns":4},{"damage":8,"enemies":"Exordium Thugs","floor":11,"turns":5},{"damage":7,"enemies":"Large Slime","floor":13,"turns":6},{"damage":26,"enemies":"3 Sentries","floor":14,"turns":11},{"damage":57,"enemies":"The Guardian","floor":16,"turns":13},{"damage":9,"enemies":"3 Byrds","floor":18,"turns":3},{"damage":14,"enemies":"Chosen","floor":20,"turns":6},{"damage":56,"enemies":"Book of Stabbing","floor":23,"turns":7}],"seed_played":"83266403988984436","potions_obtained":[{"floor":2,"key":"Dexterity Potion"},{"floor":6,"key":"Energy Potion"},{"floor":16,"key":"LiquidBronze"},{"floor":18,"key":"PowerPotion"},{"floor":20,"key":"Block Potion"}],"is_trial":false,"path_per_floor":["M","M","?","?","T","E","R","M","T","R","M","R","M","E","R","B",null,"M","?","M","$","T","E"],"character_chosen":"IRONCLAD","items_purchased":["Mercury Hourglass"],"campfire_rested":1,"item_purchase_floors":[21],"current_hp_per_floor":[80,80,80,60,60,73,73,74,74,87,85,85,84,74,74,23,97,97,97,89,89,89,33],"gold":109,"neow_bonus":"THREE_ENEMY_KILL","is_prod":false,"is_daily":false,"chose_seed":false,"campfire_upgraded":3,"win_rate":0,"timestamp":1548808334,"path_taken":["M","M","?","?","?","E","R","M","T","R","M","R","M","E","R","BOSS","M","?","M","$","?","E"],"build_version":"2019-01-23","purchased_purges":1,"victory":false,"max_hp_per_floor":[80,80,80,80,80,87,87,87,87,87,87,87,87,97,97,97,97,100,100,100,100,100,100],"card_choices":[{"not_picked":["Thunderclap","Dropkick"],"picked":"Corruption","floor":1},{"not_picked":["Clothesline","Havoc","Sword Boomerang"],"picked":"SKIP","floor":2},{"not_picked":["Headbutt","Ghostly Armor","Infernal Blade"],"picked":"SKIP","floor":6},{"not_picked":["Battle Trance","Second Wind","Perfected Strike"],"picked":"SKIP","floor":8},{"not_picked":["Rage","Body Slam"],"picked":"Inflame","floor":10},{"not_picked":["Bloodletting","Dark Embrace","Flex"],"picked":"SKIP","floor":11},{"not_picked":["Bloodletting","Sword Boomerang","Battle Trance"],"picked":"SKIP","floor":13},{"not_picked":["Armaments","Warcry"],"picked":"Shrug It Off","floor":14},{"not_picked":["Offering","Bludgeon"],"picked":"Feed","floor":16},{"not_picked":["Shrug It Off","Iron Wave+1","Warcry"],"picked":"SKIP","floor":18},{"not_picked":["Fire Breathing","Cleave+1","Body Slam"],"picked":"SKIP","floor":20}],"player_experience":258590,"relics_obtained":[{"floor":5,"key":"Centennial Puzzle"},{"floor":6,"key":"Strawberry"},{"floor":9,"key":"Dream Catcher"},{"floor":14,"key":"Pear"},{"floor":22,"key":"Frozen Egg 2"}],"event_choices":[{"cards_removed":["Strike_R"],"damage_healed":0,"gold_gain":0,"player_choice":"Card Removal","damage_taken":0,"max_hp_gain":0,"max_hp_loss":0,"event_name":"The Cleric","floor":3,"gold_loss":50},{"damage_healed":0,"gold_gain":0,"player_choice":"Take Damage","damage_taken":20,"relics_obtained":["Golden Idol"],"max_hp_gain":0,"max_hp_loss":0,"event_name":"Golden Idol","floor":4,"gold_loss":0},{"damage_healed":0,"gold_gain":0,"player_choice":"Traded Relic","damage_taken":0,"relics_obtained":["Nloth\u0027s Gift"],"max_hp_gain":0,"max_hp_loss":0,"event_name":"N\u0027loth","floor":19,"relics_lost":["Strawberry"],"gold_loss":0}],"is_beta":false,"boss_relics":[{"not_picked":["Eternal Feather","Ectoplasm"],"picked":"White Beast Statue"}],"items_purged_floors":[21],"is_endless":false,"potions_floor_spawned":[2,6,16,18,20],"killed_by":"Book of Stabbing","ascension_level":0}