{"gold_per_floor":[115,115,133,133,181,181,210,210,234,244,244,263,228,118,118,219,219,229,229,246,246,256,256,282,282,282,381,391,402,427,427,427,524,524,534,534,194,205,217,244,244,254,281,294,294,308,308,65,65,65,65,65,65,97,97],"floor_reached":56,"playtime":3544,"items_purged":["Strike_G","Eviscerate+1"],"score":1481,"play_id":"68266483-6642-42c4-94f0-d84344ba0f9e","local_time":"20190102055434","is_ascension_mode":true,"campfire_choices":[{"data":"Footwork","floor":6.0,"key":"SMITH"},{"data":"Neutralize","floor":11.0,"key":"SMITH"},{"data":"Caltrops","floor":15.0,"key":"SMITH"},{"data":"Adrenaline","floor":23.0,"key":"SMITH"},{"floor":25.0,"key":"REST"},{"floor":32.0,"key":"REST"},{"data":"A Thousand Cuts","floor":41.0,"key":"SMITH"},{"floor":47.0,"key":"RECALL"},{"floor":49.0,"key":"REST"},{"floor":52.0,"key":"REST"}],"neow_cost":"NONE","seed_source_timestamp":2179286975092280,"circlet_count":0,"master_deck":["Defend_G","Defend_G+1","Defend_G+1","Defend_G","Strike_G+1","Strike_G","Survivor+1","Neutralize+1","Infinite Blades","Footwork+1","Skewer+1","Blur","Caltrops+1","Adrenaline+1","Well Laid Plans","PiercingWail+1","Dash+1","Corpse Explosion","Sucker Punch","Malaise+1","Backflip+1","Backstab+1","Backflip+1","A Thousand Cuts+1","Bouncing Flask"],"special_seed":0,"relics":["Ring of the Snake","Art of War","Happy Flower","Darkstone Periapt","Bronze Scales","Sozu","Smiling Mask","Vajra","War Paint","Paper Crane","Bottled Lightning","Blue Candle","Astrolabe","Oddly Smooth Stone","Lee\u0027s Waffle","Boot","Medical Kit","Pen Nib"],"potions_floor_usage":[],"damage_taken":[{"damage":4.0,"enemies":"Jaw Worm","floor":1.0,"turns":4.0},{"damage":0.0,"enemies":"Small Slimes","floor":3.0,"turns":4.0},{"damage":36.0,"enemies":"Gremlin Nob","floor":7.0,"turns":6.0},{"damage":0.0,"enemies":"2 Louse","floor":10.0,"turns":2.0},{"damage":5.0,"enemies":"Lots of Slimes","floor":12.0,"turns":4.0},{"damage":19.0,"enemies":"The Guardian","floor":16.0,"turns":10.0},{"damage":4.0,"enemies":"3 Byrds","floor":18.0,"turns":4.0},{"damage":0.0,"enemies":"Spheric Guardian","floor":20.0,"turns":5.0},{"damage":10.0,"enemies":"Cultist and Chosen","floor":22.0,"turns":7.0},{"damage":6.0,"enemies":"Slavers","floor":24.0,"turns":7.0},{"damage":0.0,"enemies":"Snake Plant","floor":28.0,"turns":4.0},{"damage":0.0,"enemies":"3 Cultists","floor":29.0,"turns":3.0},{"damage":23.0,"enemies":"Gremlin Leader","floor":30.0,"turns":8.0},{"damage":7.0,"enemies":"Collector","floor":33.0,"turns":12.0},{"damage":0.0,"enemies":"Orb Walker","floor":35.0,"turns":3.0},{"damage":19.0,"enemies":"3 Darklings","floor":38.0,"turns":3.0},{"damage":0.0,"enemies":"Sphere and 2 Shapes","floor":39.0,"turns":4.0},{"damage":6.0,"enemies":"Nemesis","floor":40.0,"turns":11.0},{"damage":0.0,"enemies":"Jaw Worm Horde","floor":42.0,"turns":2.0},{"damage":7.0,"enemies":"3 Darklings","floor":44.0,"turns":2.0},{"damage":4.0,"enemies":"Spire Growth","floor":46.0,"turns":5.0},{"damage":46.0,"enemies":"Donu and Deca","floor":50.0,"turns":9.0},{"damage":36.0,"enemies":"Shield and Spear","floor":54.0,"turns":8.0},{"damage":38,"enemies":"The Heart","floor":55,"turns":13}],"seed_played":"-2104625681685615547","potions_obtained":[{"floor":1.0,"key":"Energy Potion"},{"floor":12.0,"key":"SpeedPotion"}],"is_trial":false,"path_per_floor":["M","?","M","?","T","R","E","?","T","M","R","M","?","$","R","B",null,"M","?","M","T","M","R","E","R","T","?","M","M","E","?","R","B",null,"M","?","$","M","M","E","R","M","T","M","?","M","R","$","R","B",null,"R","$","E","B",null],"character_chosen":"THE_SILENT","items_purchased":["Caltrops","Oddly Smooth Stone","Lee\u0027s Waffle","Medical Kit"],"campfire_rested":4,"item_purchase_floors":[14,37,37,48],"current_hp_per_floor":[66,52,52,52,52,52,16,16,16,16,16,11,28,28,28,9,55,51,51,51,51,41,41,35,56,56,56,56,56,33,33,54,47,64,64,64,77,58,58,52,52,52,52,45,45,41,41,41,64,18,62,77,77,41,3],"gold":97,"neow_bonus":"RANDOM_COMMON_RELIC","is_prod":false,"is_daily":false,"chose_seed":false,"campfire_upgraded":5,"win_rate":0,"timestamp":1546404874,"path_taken":["M","?","M","?","?","R","E","?","T","?","R","M","?","$","R","BOSS","M","?","?","?","M","R","E","R","T","?","M","?","E","?","R","BOSS","M","?","$","M","M","E","R","M","T","M","?","?","R","?","R","BOSS","R","$","E","BOSS"],"build_version":"2018-12-20","purchased_purges":2,"victory":true,"max_hp_per_floor":[70,70,70,70,70,70,70,70,70,70,70,70,70,70,70,70,70,70,70,70,70,70,70,70,70,70,70,70,70,70,70,70,70,70,70,70,77,77,77,77,77,77,77,77,77,77,77,77,77,77,77,77,77,77,77],"card_choices":[{"not_picked":["Bane","Outmaneuver"],"picked":"Infinite Blades","floor":1.0},{"not_picked":["Blade Dance","Riddle With Holes"],"picked":"Footwork","floor":3.0},{"not_picked":["Poisoned Stab","Leg Sweep"],"picked":"Skewer","floor":7.0},{"not_picked":["Infinite Blades","Tactician"],"picked":"Blur","floor":10.0},{"not_picked":["Slice","Choke","Reflex"],"picked":"SKIP","floor":12.0},{"not_picked":["Glass Knife","Storm of Steel"],"picked":"Adrenaline","floor":16.0},{"not_picked":["Bane","Acrobatics"],"picked":"Well Laid Plans","floor":18.0},{"not_picked":["Sucker Punch","Underhanded Strike"],"picked":"PiercingWail+1","floor":20.0},{"not_picked":["Outmaneuver+1","Distraction"],"picked":"Dash+1","floor":22.0},{"not_picked":["Backflip","Dagger Throw"],"picked":"Corpse Explosion","floor":24.0},{"not_picked":["Endless Agony","Flechettes"],"picked":"Sucker Punch","floor":28.0},{"not_picked":["Bane","Deflect","Blade Dance"],"picked":"SKIP","floor":29.0},{"not_picked":["Blade Dance+1","Underhanded Strike","Deadly Poison"],"picked":"SKIP","floor":30.0},{"not_picked":["Burst","Unload"],"picked":"Malaise","floor":33.0},{"not_picked":["Dodge and Roll+1","Sucker Punch","Deadly Poison+1"],"picked":"SKIP","floor":35.0},{"not_picked":["Dodge and Roll","Acrobatics"],"picked":"Backflip+1","floor":38.0},{"not_picked":["Outmaneuver","Deadly Poison","Dodge and Roll"],"picked":"SKIP","floor":39.0},{"not_picked":["Cloak And Dagger+1","Wraith Form v2"],"picked":"A Thousand Cuts","floor":40.0},{"not_picked":["Sucker Punch+1","Poisoned Stab+1","Distraction"],"picked":"SKIP","floor":42.0},{"not_picked":["Setup","Bane+1","Prepared"],"picked":"SKIP","floor":44.0},{"not_picked":["Predator","Backstab+1","Blade Dance+1"],"picked":"SKIP","floor":46.0},{"not_picked":["Storm of Steel","Dagger Throw+1"],"picked":"Bouncing Flask","floor":54.0}],"player_experience":656595,"relics_obtained":[{"floor":5.0,"key":"Happy Flower"},{"floor":7.0,"key":"Darkstone Periapt"},{"floor":9.0,"key":"Bronze Scales"},{"floor":21.0,"key":"Vajra"},{"floor":24.0,"key":"War Paint"},{"floor":26.0,"key":"Paper Crane"},{"floor":30.0,"key":"Bottled Lightning"},{"floor":31.0,"key":"Blue Candle"},{"floor":40.0,"key":"Boot"},{"floor":54.0,"key":"Pen Nib"}],"event_choices":[{"damage_healed":0.0,"max_hp_gain":0.0,"max_hp_loss":0.0,"gold_gain":0.0,"event_name":"Shining Light","player_choice":"Entered Light","floor":2.0,"gold_loss":0.0,"damage_taken":14.0,"cards_upgraded":["Strike_G","Survivor"]},{"damage_healed":0.0,"max_hp_gain":0.0,"max_hp_loss":0.0,"gold_gain":0.0,"event_name":"Golden Idol","player_choice":"Ignored","floor":4.0,"gold_loss":0.0,"damage_taken":0.0},{"damage_healed":0.0,"max_hp_gain":0.0,"max_hp_loss":0.0,"gold_gain":0.0,"event_name":"Living Wall","player_choice":"Grow","floor":8.0,"gold_loss":0.0,"damage_taken":0.0,"cards_upgraded":["Skewer"]},{"damage_healed":17.0,"max_hp_gain":0.0,"max_hp_loss":0.0,"gold_gain":0.0,"event_name":"The Cleric","player_choice":"Healed","floor":13.0,"gold_loss":35.0,"damage_taken":0.0},{"damage_healed":0.0,"max_hp_gain":0.0,"max_hp_loss":0.0,"gold_gain":0.0,"event_name":"WeMeetAgain","player_choice":"Gave Potion","floor":19.0,"gold_loss":0.0,"damage_taken":0.0,"relics_obtained":["Smiling Mask"]},{"damage_healed":0.0,"max_hp_gain":0.0,"max_hp_loss":0.0,"gold_gain":99.0,"event_name":"Nest","player_choice":"Stole From Cult","floor":27.0,"gold_loss":0.0,"damage_taken":0.0},{"damage_healed":0.0,"max_hp_gain":0.0,"max_hp_loss":0.0,"gold_gain":0.0,"event_name":"Wheel of Change","player_choice":"Relic","floor":31.0,"gold_loss":0.0,"damage_taken":0.0},{"damage_healed":0.0,"max_hp_gain":0.0,"max_hp_loss":0.0,"gold_gain":0.0,"event_name":"Tomb of Lord Red Mask","player_choice":"Ignored","floor":36.0,"gold_loss":0.0,"damage_taken":0.0},{"damage_healed":0.0,"max_hp_gain":0.0,"max_hp_loss":0.0,"gold_gain":0.0,"event_name":"Upgrade Shrine","player_choice":"Upgraded","floor":45.0,"gold_loss":0.0,"damage_taken":0.0,"cards_upgraded":["Malaise"]}],"is_beta":false,"boss_relics":[{"not_picked":["Lizard Tail","Ectoplasm"],"picked":"Sozu"},{"not_picked":["HoveringKite","Runic Pyramid"],"picked":"Astrolabe"}],"items_purged_floors":[14,48],"is_endless":false,"potions_floor_spawned":[1,12,18,20,22,28,33,35,40,42,44],"ascension_level":5}