{"gold_per_floor":[112,112,123,36,49,74,74,105,105,129,4,19,19,37,48,48,148,148,129,142,159,159,159,185,185,204,204,15,32,32,32,49,49,152,152,171,25,0,0,0,0,18,18,18,34,49,66,66,66,66,66,66,66,18,18],"floor_reached":55,"playtime":3892,"items_purged":[],"score":699,"play_id":"0cac9293-8f6e-4a34-a6f6-e19825e11eaf","local_time":"20190106000338","is_ascension_mode":false,"campfire_choices":[{"data":"Metallicize","floor":7,"key":"SMITH"},{"data":"Bandage Up","floor":13,"key":"SMITH"},{"floor":16,"key":"REST"},{"data":"Demon Form","floor":25,"key":"SMITH"},{"data":"Thinking Ahead","floor":30,"key":"SMITH"},{"floor":33,"key":"DIG"},{"floor":41,"key":"RECALL"},{"data":"Evolve","floor":43,"key":"SMITH"},{"floor":50,"key":"REST"},{"data":"Double Tap","floor":53,"key":"SMITH"}],"neow_cost":"NONE","seed_source_timestamp":39112544307558,"circlet_count":0,"master_deck":["Strike_R+1","Strike_R+1","Strike_R+1","Strike_R+1","Defend_R+1","Defend_R+1","Defend_R+1","Defend_R+1","Bash","Finesse","Inflame","Amnesia","Iron Wave","Bandage Up+1","Metallicize+1","Exhume","Flash of Steel","Flex+1","Rage","Demon Form+1","Infernal Blade","Heavy Blade","RitualDagger","Shrug It Off+1","Thinking Ahead+1","Life Link","Evolve+1","Double Tap+1","Battle Trance","Armaments+1","Parasite","ReplayTheSpireMod:Stacked+1","Sword Boomerang+1","Pummel","Havoc"],"relics":["Burning Blood","ReplayTheSpireMod:Ring of Addiction","Ring of Panic","Cauldron","Replay:Rubber Ducky","Red Skull","ReplayTheSpireMod:Onyx Gauntlets","Question Card","Mirror","PreservedInsect","Mark of Pain","ReplayTheSpireMod:TigerMarble","Red Mask","Ornamental Fan","Mummified Hand"],"potions_floor_usage":[2,6,8,8,14,17,32,34,46,51,51,51],"damage_taken":[{"damage":3,"enemies":"Small Slimes","floor":1,"turns":4},{"damage":1,"enemies":"Cultist","floor":3,"turns":3},{"damage":2,"enemies":"2 Louse","floor":5,"turns":2},{"damage":36,"enemies":"3 Sentries","floor":6,"turns":11},{"damage":30,"enemies":"Erikyupuro","floor":8,"turns":11},{"damage":4,"enemies":"2 Fungi Beasts","floor":12,"turns":4},{"damage":15,"enemies":"Exordium Wildlife","floor":14,"turns":4},{"damage":1,"enemies":"Blue Slaver","floor":15,"turns":2},{"damage":37,"enemies":"Fading Forest","floor":17,"turns":11},{"damage":16,"enemies":"2 Thieves","floor":19,"turns":4},{"damage":10,"enemies":"Shell Parasite","floor":20,"turns":7},{"damage":28,"enemies":"Sentry and Sphere","floor":21,"turns":8},{"damage":23,"enemies":"Slavers","floor":24,"turns":5},{"damage":9,"enemies":"Centurion and Healer","floor":26,"turns":6},{"damage":8,"enemies":"Chosen and Byrds","floor":29,"turns":5},{"damage":17,"enemies":"Cultist and Chosen","floor":32,"turns":5},{"damage":53,"enemies":"Collector","floor":34,"turns":8},{"damage":1,"enemies":"Orb Walker","floor":36,"turns":3},{"damage":0,"enemies":"3 Shapes","floor":42,"turns":6},{"damage":11,"enemies":"Writhing Mass","floor":45,"turns":6},{"damage":12,"enemies":"Sphere and 2 Shapes","floor":46,"turns":5},{"damage":24,"enemies":"Jaw Worm Horde","floor":47,"turns":5},{"damage":20,"enemies":"Donu and Deca","floor":51,"turns":5},{"damage":71,"enemies":"Shield and Spear","floor":55,"turns":3}],"seed_played":"5786925436371702060","potions_obtained":[{"floor":2,"key":"Fruit Juice"},{"floor":2,"key":"AttackPotion"},{"floor":2,"key":"Energy Potion"},{"floor":2,"key":"Doom Potion"},{"floor":6,"key":"Fire Potion"},{"floor":14,"key":"Swift Potion"},{"floor":26,"key":"FearPotion"},{"floor":29,"key":"Reflective Coating"},{"floor":34,"key":"Dexterity Potion"},{"floor":36,"key":"Dexterity Potion"},{"floor":42,"key":"PowerPotion"},{"floor":47,"key":"Adrenaline Potion"}],"is_trial":false,"path_per_floor":["M","?","M","$","M","E","R","E","PTL","T","$","M","R","M","M","R","B",null,"M","M","M","?","?","E","R","M","T","$","M","R","$","M","R","B",null,"M","$","?","T","?","R","M","R","T","M","M","M","?","T","R","B",null,"R","$","E"],"character_chosen":"IRONCLAD","items_purchased":["Bandage Up","Flash of Steel","Flex+1","Thinking Ahead","ReplayTheSpireMod:TigerMarble","Havoc"],"campfire_rested":2,"item_purchase_floors":[4,11,11,28,37,54],"current_hp_per_floor":[80,85,85,85,85,57,57,37,37,37,37,43,43,40,45,69,54,81,77,81,63,57,57,46,46,55,55,55,59,59,59,54,54,13,73,73,73,71,71,67,65,65,65,63,58,57,39,39,39,57,49,61,61,61,0],"gold":18,"neow_bonus":"RANDOM_COLORLESS","is_prod":false,"is_daily":false,"chose_seed":false,"campfire_upgraded":6,"win_rate":0,"timestamp":1546725818,"path_taken":["M","?","M","$","M","E","R","E","PTL","T","$","?","R","M","M","R","BOSS","M","?","M","?","?","E","R","M","T","$","M","R","?","M","R","BOSS","M","$","?","?","?","R","M","R","T","M","M","M","?","?","R","BOSS","R","$","E"],"build_version":"2019-01-03v4","purchased_purges":0,"victory":false,"max_hp_per_floor":[80,85,85,85,85,83,83,83,83,83,83,81,81,81,81,81,81,81,81,81,79,79,79,77,77,77,75,75,75,73,73,73,73,73,73,73,73,71,71,67,65,65,65,63,63,63,63,63,63,61,61,61,61,61,59],"card_choices":[{"not_picked":["Headbutt","Abandon"],"picked":"Inflame","floor":1},{"not_picked":["Heavy Blade","Pommel Strike"],"picked":"Iron Wave","floor":3},{"not_picked":["True Grit","Headbutt"],"picked":"Metallicize","floor":5},{"not_picked":["Fire Breathing","Replay:Undeath\u0027s Touch","Perfected Strike"],"picked":"SKIP","floor":6},{"not_picked":["Flex","Warcry"],"picked":"Exhume","floor":8},{"not_picked":["Body Slam","Flex","Anger"],"picked":"SKIP","floor":12},{"not_picked":["Power Through","Body Slam"],"picked":"Rage","floor":14},{"not_picked":["Anger","Clash","Havoc"],"picked":"SKIP","floor":15},{"not_picked":["Double Tap","Exhume"],"picked":"Demon Form","floor":17},{"not_picked":["Blood for Blood","Rupture","Rampage+1"],"picked":"SKIP","floor":19},{"not_picked":["Pommel Strike+1","Clothesline"],"picked":"Infernal Blade","floor":20},{"not_picked":["Flex","Anger"],"picked":"Heavy Blade","floor":21},{"not_picked":["Pommel Strike","Clash"],"picked":"Shrug It Off+1","floor":24},{"not_picked":["Thunderclap","ReplayTheSpireMod:Strike From Hell","Heavy Blade","Burning Pact"],"picked":"SKIP","floor":26},{"not_picked":["Twin Strike","Dual Wield+1","ReplayTheSpireMod:Corrosion Curse"],"picked":"Life Link","floor":29},{"not_picked":["ReplayTheSpireMod:Strike From Hell","Abandon","Flex"],"picked":"Evolve","floor":32},{"not_picked":["Reaper","Eclipse","Berserk"],"picked":"Double Tap","floor":34},{"not_picked":["Iron Wave+1","Uppercut+1","Entrench"],"picked":"Battle Trance","floor":36},{"not_picked":["Replay:Undeath\u0027s Touch","Headbutt+1","Massacre+1"],"picked":"Armaments+1","floor":42},{"not_picked":["Sever Soul","Iron Wave","Headbutt+1"],"picked":"ReplayTheSpireMod:Stacked+1","floor":45},{"not_picked":["Flex","True Grit","Shrug It Off+1"],"picked":"Sword Boomerang+1","floor":46},{"not_picked":["True Grit+1","Rage","Rupture+1"],"picked":"Pummel","floor":47}],"player_experience":142305,"relics_obtained":[{"floor":2,"key":"ReplayTheSpireMod:Ring of Addiction"},{"floor":2,"key":"Ring of Panic"},{"floor":2,"key":"Cauldron"},{"floor":6,"key":"Replay:Rubber Ducky"},{"floor":8,"key":"Red Skull"},{"floor":24,"key":"Question Card"},{"floor":27,"key":"Mirror"},{"floor":33,"key":"PreservedInsect"},{"floor":39,"key":"Ornamental Fan"},{"floor":49,"key":"Mummified Hand"}],"event_choices":[{"damage_healed":0,"gold_gain":0,"player_choice":"Joined the Cult","damage_taken":6,"max_hp_gain":0,"max_hp_loss":0,"event_name":"Nest","floor":22,"gold_loss":0,"cards_obtained":["RitualDagger"]},{"damage_healed":0,"gold_gain":0,"player_choice":"Simplicity","damage_taken":0,"max_hp_gain":0,"max_hp_loss":0,"event_name":"Back to Basics","floor":23,"gold_loss":0,"cards_upgraded":["Strike_R","Strike_R","Strike_R","Strike_R","Strike_R","Defend_R","Defend_R","Defend_R","Defend_R"]},{"damage_healed":0,"gold_gain":0,"player_choice":"Paid","damage_taken":0,"relics_obtained":["Red Mask"],"max_hp_gain":0,"max_hp_loss":0,"event_name":"Tomb of Lord Red Mask","floor":38,"gold_loss":25},{"damage_healed":0,"gold_gain":0,"player_choice":"Max HP","damage_taken":0,"max_hp_gain":0,"max_hp_loss":4,"event_name":"Winding Halls","floor":40,"gold_loss":0},{"cards_removed":["Strike_R"],"damage_healed":0,"gold_gain":0,"player_choice":"Removed Attack","damage_taken":0,"max_hp_gain":0,"max_hp_loss":0,"event_name":"Falling","floor":48,"gold_loss":0}],"is_beta":false,"boss_relics":[{"not_picked":["Sozu","Runic Dome"],"picked":"ReplayTheSpireMod:Onyx Gauntlets"},{"not_picked":["Replay:Wanted Poster","Velvet Choker"],"picked":"Mark of Pain"}],"items_purged_floors":[],"is_endless":false,"potions_floor_spawned":[6,14,26,29,34,36,42,45,47],"killed_by":"Shield and Spear","ascension_level":0}