{"gold_per_floor":[111,127,127,127,29,29,29,48,48,80,80,99,99,117,117,214,214,230,153,15,30,45,45,60,60,83,83,83,83,48,77,77,179,179,191,30,30,43,58,58,70,70,117,117,132,151,171,21,21,21],"floor_reached":51,"playtime":3249,"items_purged":["Strike_G","Strike_G","Strike_G","Slice"],"score":698,"play_id":"77373a93-57fb-4f51-a14d-2d0e91590753","local_time":"20180801232119","is_ascension_mode":true,"campfire_choices":[{"data":"Dagger Spray","floor":6,"key":"SMITH"},{"data":"Phantasmal Killer","floor":13,"key":"SMITH"},{"floor":15,"key":"REST"},{"floor":23,"key":"REST"},{"floor":25,"key":"REST"},{"data":"Blur","floor":27,"key":"SMITH"},{"data":"Cloak And Dagger","floor":29,"key":"SMITH"},{"floor":32,"key":"REST"},{"floor":40,"key":"REST"},{"floor":42,"key":"REST"},{"floor":49,"key":"REST"}],"neow_cost":"NONE","seed_source_timestamp":217432427416037,"circlet_count":0,"master_deck":["Defend_G","Defend_G","Defend_G","Defend_G","Defend_G","Survivor","Neutralize+1","Accuracy","Dagger Spray+1","Acrobatics","Noxious Fumes","Phantasmal Killer+1","Footwork+1","Calculated Gamble","Die Die Die","Cloak And Dagger+1","Infinite Blades+1","Prepared","Underhanded Strike","J.A.X.","Dash","Cloak And Dagger+1","Blur+1","Noxious Fumes+1","Backstab","Noxious Fumes+1","Blade Dance","Prepared+1","Well Laid Plans+1"],"relics":["Ring of the Snake","Frozen Egg 2","Singing Bowl","Orrery","Blood Vial","Kunai","Busted Crown","Anchor"],"potions_floor_usage":[31,33,33,50,50,50],"damage_taken":[{"damage":0,"enemies":"Jaw Worm","floor":1,"turns":6},{"damage":0,"enemies":"2 Louse","floor":2,"turns":2},{"damage":0,"enemies":"Cultist","floor":8,"turns":4},{"damage":23,"enemies":"Gremlin Nob","floor":10,"turns":6},{"damage":13,"enemies":"Large Slime","floor":12,"turns":8},{"damage":5,"enemies":"Red Slaver","floor":14,"turns":5},{"damage":7,"enemies":"The Guardian","floor":16,"turns":12},{"damage":14,"enemies":"Chosen","floor":18,"turns":5},{"damage":5,"enemies":"Shell Parasite","floor":21,"turns":7},{"damage":30,"enemies":"Cultist and Chosen","floor":22,"turns":7},{"damage":6,"enemies":"Snecko","floor":24,"turns":7},{"damage":41,"enemies":"Slavers","floor":31,"turns":6},{"damage":23,"enemies":"Automaton","floor":33,"turns":7},{"damage":18,"enemies":"3 Darklings","floor":35,"turns":6},{"damage":9,"enemies":"Flame Bruiser 1 Orb","floor":38,"turns":6},{"damage":14,"enemies":"3 Darklings","floor":39,"turns":5},{"damage":28,"enemies":"Sphere and 2 Shapes","floor":41,"turns":7},{"damage":24,"enemies":"4 Shapes","floor":45,"turns":4},{"damage":7,"enemies":"Maw","floor":46,"turns":8},{"damage":16,"enemies":"Flame Bruiser 2 Orb","floor":47,"turns":6},{"damage":53,"enemies":"Time Eater","floor":50,"turns":15}],"seed_played":"8226336172503845848","potions_obtained":[{"floor":1,"key":"Strength Potion"},{"floor":8,"key":"Strength Potion"},{"floor":12,"key":"Weak Potion"},{"floor":35,"key":"Dexterity Potion"},{"floor":39,"key":"Weak Potion"},{"floor":47,"key":"Explosive Potion"}],"is_trial":false,"path_per_floor":["M","M","?","?","$","R","?","M","T","E","?","M","R","M","R","B",null,"M","?","$","M","M","R","M","R","T","R","?","R","$","E","R","B",null,"M","$","?","M","M","R","M","R","T","$","M","M","M","$","R","B"],"character_chosen":"THE_SILENT","items_purchased":["Slice","Dash","Noxious Fumes+1","Noxious Fumes+1"],"campfire_rested":7,"item_purchase_floors":[5,20,30,36],"current_hp_per_floor":[70,70,75,75,75,75,75,75,75,52,75,62,62,57,75,68,77,65,65,65,62,32,56,50,74,74,74,74,74,74,35,59,40,83,67,67,69,62,50,76,52,78,78,78,58,55,41,41,68,17],"gold":21,"neow_bonus":"TRANSFORM_CARD","is_prod":false,"is_daily":false,"chose_seed":false,"campfire_upgraded":4,"win_rate":0,"timestamp":1533136879,"path_taken":["M","M","?","?","$","R","?","M","T","E","?","M","R","M","R","BOSS","M","?","$","M","M","R","M","R","T","R","?","R","$","E","R","BOSS","M","$","?","M","M","R","?","R","T","$","M","M","M","$","R","BOSS"],"build_version":"2018-07-26","purchased_purges":4,"victory":true,"max_hp_per_floor":[70,70,75,75,75,75,75,75,75,75,75,75,75,75,75,75,77,79,79,79,81,81,81,81,81,81,81,81,81,81,81,81,83,83,85,85,87,87,87,87,89,89,89,89,91,93,93,93,93,93],"card_choices":[{"not_picked":["PiercingWail","Flying Knee"],"picked":"Dagger Spray","floor":1},{"not_picked":["Outmaneuver","Corpse Explosion"],"picked":"Acrobatics","floor":2},{"not_picked":["Prepared","Quick Slash"],"picked":"Noxious Fumes","floor":8},{"not_picked":["PiercingWail","Acrobatics"],"picked":"Phantasmal Killer","floor":10},{"not_picked":["Skewer","PiercingWail"],"picked":"Footwork+1","floor":12},{"not_picked":["Deadly Poison","Flying Knee"],"picked":"Calculated Gamble","floor":14},{"not_picked":["Unload","Envenom+1"],"picked":"Die Die Die","floor":16},{"not_picked":["Backflip","Deadly Poison"],"picked":"Cloak And Dagger","floor":17},{"not_picked":["Catalyst","Slice"],"picked":"Infinite Blades+1","floor":17},{"not_picked":["Acrobatics","Blur","Deflect"],"picked":"Singing Bowl","floor":17},{"not_picked":["Underhanded Strike","Flying Knee"],"picked":"Prepared","floor":17},{"not_picked":["PiercingWail","Acrobatics"],"picked":"Underhanded Strike","floor":17},{"not_picked":["Acrobatics","Flechettes","All Out Attack"],"picked":"Singing Bowl","floor":18},{"not_picked":["Endless Agony+1","Outmaneuver","Bane"],"picked":"Singing Bowl","floor":21},{"not_picked":["Deflect+1","Endless Agony"],"picked":"Cloak And Dagger+1","floor":22},{"not_picked":["Cloak And Dagger+1","Sucker Punch"],"picked":"Blur","floor":24},{"not_picked":["Burst","Blur"],"picked":"Backstab","floor":31},{"not_picked":["Bullet Time","Envenom+1","Venomology"],"picked":"Singing Bowl","floor":33},{"not_picked":["Dagger Spray+1"],"picked":"Singing Bowl","floor":35},{"not_picked":["Panacea"],"picked":"Singing Bowl","floor":37},{"not_picked":[],"picked":"Blade Dance","floor":38},{"not_picked":[],"picked":"Prepared+1","floor":39},{"not_picked":["Dagger Spray"],"picked":"Singing Bowl","floor":41},{"not_picked":["Slice+1"],"picked":"Singing Bowl","floor":45},{"not_picked":["Sucker Punch+1"],"picked":"Singing Bowl","floor":46},{"not_picked":[],"picked":"Well Laid Plans+1","floor":47}],"player_experience":144382,"relics_obtained":[{"floor":9,"key":"Frozen Egg 2"},{"floor":10,"key":"Singing Bowl"},{"floor":26,"key":"Blood Vial"},{"floor":31,"key":"Kunai"},{"floor":43,"key":"Anchor"}],"event_choices":[{"event_name":"Big Fish","player_choice":"Donut","floor":3,"damage_taken":0},{"event_name":"Living Wall","player_choice":"Forget","floor":4,"damage_taken":0},{"event_name":"Accursed Blacksmith","player_choice":"Forge","floor":7,"damage_taken":0},{"event_name":"Wheel of Change","player_choice":"Full Heal","floor":11,"damage_taken":0},{"event_name":"Drug Dealer","player_choice":"Got JAXXED","floor":19,"damage_taken":0},{"event_name":"Cursed Tome","player_choice":"Ignored","floor":28,"damage_taken":0},{"event_name":"SensoryStone","player_choice":"Memory 1","floor":37,"damage_taken":0}],"is_beta":false,"boss_relics":[{"not_picked":["Runic Pyramid","Calling Bell"],"picked":"Orrery"},{"not_picked":["Tiny House","Coffee Dripper"],"picked":"Busted Crown"}],"items_purged_floors":[5,20,36,48],"is_endless":false,"potions_floor_spawned":[1,8,12,21,35,39,47],"ascension_level":1}