{"gold_per_floor":[113,288,288,288,288,288,304,332,332,350,350],"floor_reached":11,"playtime":282,"items_purged":[],"score":89,"play_id":"c5f7a2a5-07dd-4e58-87bc-e9ce8a5e8a11","local_time":"20190119024030","is_ascension_mode":true,"campfire_choices":[{"data":"Dualcast","floor":6,"key":"SMITH"}],"neow_cost":"PERCENT_DAMAGE","seed_source_timestamp":704967403998268,"circlet_count":0,"master_deck":["Strike_B","Strike_B","Strike_B","Defend_B","Defend_B","Defend_B","Zap","Dualcast+1","Defragment","Seek"],"relics":["Cracked Core","Singing Bowl","Pear","Meat on the Bone","The Courier"],"potions_floor_usage":[],"damage_taken":[{"damage":10,"enemies":"Small Slimes","floor":1,"turns":3},{"damage":2,"enemies":"Jaw Worm","floor":7,"turns":3},{"damage":35,"enemies":"3 Sentries","floor":8,"turns":7},{"damage":1,"enemies":"Cultist","floor":10,"turns":3},{"damage":30,"enemies":"Gremlin Gang","floor":11,"turns":3}],"seed_played":"-8154771874142527433","potions_obtained":[{"floor":7,"key":"LiquidBronze"}],"is_trial":false,"path_per_floor":["M","?","?","T","?","R","M","E","T","M","M"],"character_chosen":"DEFECT","items_purchased":[],"campfire_rested":0,"item_purchase_floors":[],"current_hp_per_floor":[44,44,41,51,51,51,49,14,14,27,0],"gold":350,"neow_bonus":"REMOVE_TWO","is_prod":false,"is_daily":false,"chose_seed":false,"campfire_upgraded":1,"win_rate":0,"timestamp":1547878230,"path_taken":["M","?","?","?","?","R","?","E","T","?","M"],"build_version":"2019-01-17v2","purchased_purges":0,"victory":false,"max_hp_per_floor":[75,75,75,85,85,85,85,85,85,87,87],"card_choices":[{"not_picked":["Redo","Stack","Coolheaded"],"picked":"SKIP","floor":1},{"not_picked":["Compile Driver","Streamline"],"picked":"Defragment","floor":7},{"not_picked":["Gash","Beam Cell"],"picked":"Seek","floor":8},{"not_picked":["Reinforced Body","Coolheaded","Auto Shields"],"picked":"Singing Bowl","floor":10}],"player_experience":177904,"relics_obtained":[{"floor":4,"key":"Pear"},{"floor":8,"key":"Meat on the Bone"},{"floor":9,"key":"The Courier"}],"event_choices":[{"damage_healed":0,"gold_gain":175,"player_choice":"AGREE","damage_taken":0,"max_hp_gain":0,"max_hp_loss":0,"event_name":"Liars Game","floor":2,"gold_loss":0,"cards_obtained":["Doubt"]},{"damage_healed":0,"gold_gain":0,"player_choice":"Success","damage_taken":3,"relics_obtained":["Singing Bowl"],"max_hp_gain":0,"max_hp_loss":0,"event_name":"Scrap Ooze","floor":3,"gold_loss":0},{"cards_removed":["Doubt"],"damage_healed":0,"gold_gain":0,"player_choice":"Card Removal","damage_taken":0,"max_hp_gain":0,"max_hp_loss":0,"event_name":"Wheel of Change","floor":5,"gold_loss":0}],"is_beta":false,"boss_relics":[],"items_purged_floors":[],"is_endless":false,"potions_floor_spawned":[7],"killed_by":"Gremlin Gang","ascension_level":5}