{"gold_per_floor":[114,39,39,39,59,59,73,89,89,89,89,89,127,151,151,151],"floor_reached":16,"playtime":1104,"items_purged":["Shame"],"score":100,"play_id":"c0f050ff-afe2-4427-b591-dc549c079db0","local_time":"20181225202333","is_ascension_mode":false,"campfire_choices":[{"data":"Deadly Poison","floor":6,"key":"SMITH"},{"data":"Crippling Poison","floor":10,"key":"SMITH"},{"data":"Leg Sweep","floor":12,"key":"SMITH"},{"floor":15,"key":"REST"}],"neow_cost":"CURSE","seed_source_timestamp":337314422364734,"circlet_count":0,"master_deck":["Defend_G","Defend_G","Defend_G","Defend_G","Strike_G","Strike_G","Strike_G","Strike_G","Strike_G","Survivor","Neutralize","Doppelganger","Blade Dance","Deadly Poison+1","Crippling Poison+1","Leg Sweep+1","Escape Plan","Poisoned Stab"],"relics":["Ring of the Snake","Golden Idol","Sundial","Mummified Hand"],"potions_floor_usage":[16],"damage_taken":[{"damage":5,"enemies":"2 Louse","floor":1,"turns":2},{"damage":0,"enemies":"Jaw Worm","floor":5,"turns":5},{"damage":2,"enemies":"Small Slimes","floor":7,"turns":3},{"damage":7,"enemies":"Blue Slaver","floor":8,"turns":6},{"damage":8,"enemies":"Lagavulin","floor":13,"turns":6},{"damage":7,"enemies":"Looter","floor":14,"turns":3},{"damage":57,"enemies":"Slime Boss","floor":16,"turns":12}],"seed_played":"-4994742879320120223","potions_obtained":[{"floor":1,"key":"GamblersBrew"},{"floor":14,"key":"FairyPotion"}],"is_trial":false,"path_per_floor":["M","$","?","?","M","R","M","M","T","R","?","R","E","M","R","B"],"character_chosen":"THE_SILENT","items_purchased":[],"campfire_rested":1,"item_purchase_floors":[],"current_hp_per_floor":[65,65,65,48,48,48,46,39,39,39,32,32,24,17,38,0],"gold":151,"neow_bonus":"THREE_RARE_CARDS","is_prod":false,"is_daily":false,"chose_seed":false,"campfire_upgraded":3,"win_rate":0.0,"timestamp":1545782013,"path_taken":["M","$","?","?","M","R","M","M","T","R","?","R","E","M","R","BOSS"],"build_version":"2018-12-20","purchased_purges":1,"victory":false,"max_hp_per_floor":[70,70,70,70,70,70,70,70,70,70,70,70,70,70,70,70],"card_choices":[{"not_picked":["Tools of the Trade","Wraith Form v2"],"picked":"Doppelganger","floor":0},{"not_picked":["Slice","Eviscerate"],"picked":"Blade Dance","floor":1},{"not_picked":["Deflect","Poisoned Stab"],"picked":"Deadly Poison","floor":5},{"not_picked":["Quick Slash","Well Laid Plans"],"picked":"Crippling Poison","floor":7},{"not_picked":["Acrobatics","Dodge and Roll"],"picked":"Leg Sweep","floor":8},{"not_picked":["Acrobatics","Footwork"],"picked":"Escape Plan","floor":13},{"not_picked":["Acrobatics","Bane"],"picked":"Poisoned Stab","floor":14}],"player_experience":6455,"relics_obtained":[{"floor":9,"key":"Sundial"},{"floor":13,"key":"Mummified Hand"}],"event_choices":[{"damage_healed":0,"gold_gain":0,"player_choice":"Leave","damage_taken":0,"max_hp_gain":0,"max_hp_loss":0,"event_name":"The Cleric","floor":3,"gold_loss":0},{"damage_healed":0,"gold_gain":0,"player_choice":"Take Damage","damage_taken":17,"relics_obtained":["Golden Idol"],"max_hp_gain":0,"max_hp_loss":0,"event_name":"Golden Idol","floor":4,"gold_loss":0},{"cards_removed":["Defend_G"],"damage_healed":0,"gold_gain":0,"player_choice":"Card Removal","damage_taken":7,"max_hp_gain":0,"max_hp_loss":0,"event_name":"Golden Wing","floor":11,"gold_loss":0}],"is_beta":false,"boss_relics":[],"items_purged_floors":[2],"is_endless":false,"potions_floor_spawned":[1,14],"killed_by":"Slime Boss","ascension_level":0}