{"gold_per_floor":[112,112,127,137,8,34,34,34,83,103,0,0,20,35,35,136,136,148,168,74,74,90,90,123,123,171,191,208,107,117,134,134,134],"floor_reached":33,"playtime":2653,"items_purged":[],"score":271,"play_id":"065d4e1e-86aa-457f-80f1-95fd13e84b4d","local_time":"20190126191655","is_ascension_mode":false,"campfire_choices":[{"floor":8.0,"key":"REST"},{"floor":12.0,"key":"REST"},{"floor":15.0,"key":"REST"},{"floor":23.0,"key":"REST"},{"floor":32,"key":"REST"}],"neow_cost":"NONE","seed_source_timestamp":0,"circlet_count":0,"master_deck":["Strike_B","Strike_B","Strike_B","Strike_B","Defend_B","Defend_B","Defend_B","Defend_B","Zap","Dualcast","Blizzard","BootSequence","White Noise","Rip and Tear","Go for the Eyes","Sweeping Beam","Steam","Fusion","Cold Snap","Rainbow","Barrage","Ball Lightning+1","Enlightenment","Turbo","Gash","Undo+1","Melter+1","Turbo","Lockon+1"],"special_seed":0,"relics":["Cracked Core","Vajra","Blood Vial","Velvet Choker","Matryoshka","Pen Nib","Meat on the Bone","Molten Egg 2","Oddly Smooth Stone"],"potions_floor_usage":[28,33,33],"damage_taken":[{"damage":2.0,"enemies":"2 Louse","floor":1.0,"turns":4.0},{"damage":7.0,"enemies":"Small Slimes","floor":3.0,"turns":4.0},{"damage":12.0,"enemies":"Jaw Worm","floor":4.0,"turns":6.0},{"damage":41.0,"enemies":"Lagavulin","floor":6.0,"turns":6.0},{"damage":11.0,"enemies":"Exordium Thugs","floor":10.0,"turns":4.0},{"damage":11.0,"enemies":"Lots of Slimes","floor":13.0,"turns":3.0},{"damage":0.0,"enemies":"Blue Slaver","floor":14.0,"turns":3.0},{"damage":66.0,"enemies":"Hexaghost","floor":16.0,"turns":12.0},{"damage":12.0,"enemies":"2 Thieves","floor":18.0,"turns":4.0},{"damage":0.0,"enemies":"Chosen","floor":19.0,"turns":4.0},{"damage":35.0,"enemies":"3 Cultists","floor":22.0,"turns":5.0},{"damage":35.0,"enemies":"Gremlin Leader","floor":24.0,"turns":9.0},{"damage":13.0,"enemies":"Snake Plant","floor":27.0,"turns":5.0},{"damage":6,"enemies":"Chosen and Byrds","floor":28,"turns":5},{"damage":2,"enemies":"Sentry and Sphere","floor":30,"turns":3},{"damage":18,"enemies":"Snake Plant","floor":31,"turns":5},{"damage":76,"enemies":"Champ","floor":33,"turns":9}],"seed_played":"-5366889208446073397","potions_obtained":[{"floor":0.0,"key":"LiquidBronze"},{"floor":0.0,"key":"Regen Potion"},{"floor":0.0,"key":"Block Potion"},{"floor":6.0,"key":"SpeedPotion"},{"floor":14.0,"key":"FocusPotion"},{"floor":18.0,"key":"Ancient Potion"},{"floor":27,"key":"SteroidPotion"},{"floor":28,"key":"GamblersBrew"}],"is_trial":false,"path_per_floor":["M","?","M","M","$","E","?","R","T","M","$","R","M","M","R","B",null,"M","M","$","?","M","R","E","T","T","M","M","$","M","M","R","B"],"character_chosen":"DEFECT","items_purchased":["Rip and Tear","Go for the Eyes","Fruit Juice","Enlightenment","Fire Potion","Explosive Potion"],"campfire_rested":5,"item_purchase_floors":[5,5,11,20,29,29],"current_hp_per_floor":[73,73,66,54,54,18,18,40,40,31,36,60,51,53,77,13,80,68,70,70,70,37,61,28,28,28,29,37,37,49,45,69,0],"gold":134,"neow_bonus":"THREE_SMALL_POTIONS","is_prod":false,"is_daily":false,"chose_seed":false,"campfire_upgraded":0,"win_rate":0.0,"timestamp":1548548215,"path_taken":["M","?","M","M","$","E","?","R","T","M","$","R","M","M","R","BOSS","M","M","$","?","M","R","E","?","T","M","M","$","M","M","R","BOSS"],"build_version":"2019-01-23","purchased_purges":0,"victory":false,"max_hp_per_floor":[75,75,75,75,75,75,75,75,75,75,80,80,80,80,80,80,80,80,80,80,80,80,80,80,80,80,80,80,80,80,80,80,80],"card_choices":[{"not_picked":["Lockon","Leap"],"picked":"Blizzard","floor":1.0},{"not_picked":["Tempest","Conserve Battery"],"picked":"BootSequence","floor":3.0},{"not_picked":["Multi-Cast","Beam Cell"],"picked":"White Noise","floor":4.0},{"not_picked":["Gash","Skim"],"picked":"Sweeping Beam","floor":6.0},{"not_picked":["Ball Lightning","Redo"],"picked":"Steam","floor":10.0},{"not_picked":["Storm","BootSequence"],"picked":"Fusion","floor":13.0},{"not_picked":["Ball Lightning","Reprogram"],"picked":"Cold Snap","floor":14.0},{"not_picked":["Electrodynamics","Seek"],"picked":"Rainbow","floor":16.0},{"not_picked":["Conserve Battery","Force Field"],"picked":"Barrage","floor":18.0},{"not_picked":["Double Energy","Loop"],"picked":"Ball Lightning+1","floor":19.0},{"not_picked":["Coolheaded","Chaos"],"picked":"Turbo","floor":22.0},{"not_picked":["Aggregate+1","Ball Lightning"],"picked":"Gash","floor":24.0},{"not_picked":["Creative AI","Chill"],"picked":"Undo+1","floor":27},{"not_picked":["Sweeping Beam+1","Ball Lightning+1"],"picked":"Melter+1","floor":28},{"not_picked":["Coolheaded+1","Go for the Eyes+1"],"picked":"Turbo","floor":30},{"not_picked":["Steam Power","Chill"],"picked":"Lockon+1","floor":31}],"player_experience":11463,"relics_obtained":[{"floor":6.0,"key":"Vajra"},{"floor":9.0,"key":"Blood Vial"},{"floor":24.0,"key":"Matryoshka"},{"floor":25.0,"key":"Pen Nib"},{"floor":25.0,"key":"Meat on the Bone"},{"floor":26.0,"key":"Molten Egg 2"},{"floor":26.0,"key":"Oddly Smooth Stone"}],"event_choices":[{"damage_healed":0.0,"max_hp_gain":0.0,"max_hp_loss":0.0,"gold_gain":0.0,"event_name":"Shining Light","player_choice":"Ignored","floor":2.0,"gold_loss":0.0,"damage_taken":0.0},{"damage_healed":0.0,"max_hp_gain":0.0,"max_hp_loss":0.0,"gold_gain":0.0,"event_name":"Golden Wing","player_choice":"Ignored","floor":7.0,"gold_loss":0.0,"damage_taken":0.0},{"damage_healed":0.0,"max_hp_gain":0.0,"max_hp_loss":0.0,"gold_gain":0.0,"event_name":"Ghosts","player_choice":"Ignored","floor":21.0,"gold_loss":0.0,"damage_taken":0.0}],"is_beta":false,"boss_relics":[{"not_picked":["Sozu","Runic Pyramid"],"picked":"Velvet Choker"}],"items_purged_floors":[],"is_endless":false,"potions_floor_spawned":[4,6,14,18,27,28],"killed_by":"Champ","ascension_level":0}