{"path_per_floor":["M","?","$","?","M","R","M","?","T","R","M","M","?","$","R","B",null,"M","?","?","M"],"character_chosen":"DEFECT","items_purchased":["Leap","Self Repair","Lockon"],"gold_per_floor":[114,114,17,17,27,27,40,40,40,40,51,70,70,35,35,131,131,151,151,151,164,164],"floor_reached":22,"campfire_rested":0,"playtime":1074,"item_purchase_floors":[3,3,14],"current_hp_per_floor":[72,72,72,72,72,72,75,68,68,68,58,66,66,66,66,69,75,63,57,62,49,0],"items_purged":[],"gold":164,"score":174,"play_id":"ab21f67a-822f-4202-b740-0ad8fc559627","local_time":"20180623033208","is_prod":false,"is_daily":false,"chose_seed":false,"is_ascension_mode":false,"campfire_upgraded":3,"win_rate":0.0,"timestamp":1529717528,"campfire_choices":[{"data":"Streamline","floor":6,"key":"SMITH"},{"data":"Self Repair","floor":10,"key":"SMITH"},{"data":"Lockon","floor":15,"key":"SMITH"}],"path_taken":["M","?","?","?","M","R","M","?","T","R","M","M","?","?","R","BOSS","M","?","?","M","M"],"build_version":"2018-06-21","seed_source_timestamp":65148063902324,"purchased_purges":0,"circlet_count":0,"victory":false,"master_deck":["Strike_B","Strike_B","Strike_B","Strike_B","Defend_B","Defend_B","Defend_B","Zap","Dualcast","Streamline+1","Leap+1","Self Repair+1","Sweeping Beam","Go for the Eyes","Lockon+1","Lockon","Biased Cognition","Barrage","Tempest","Fission","Leap","Reinforced Body","Beam Cell","RitualDagger","Genetic Algorithm"],"max_hp_per_floor":[75,75,75,75,75,75,75,75,75,75,75,75,75,75,75,75,75,75,75,75,75,75],"relics":["Cracked Core","Sundial","Orrery"],"card_choices":[{"not_picked":["Doom and Gloom","Leap"],"picked":"Streamline","floor":1},{"not_picked":["Force Field","Double Energy"],"picked":"Sweeping Beam","floor":5},{"not_picked":["Streamline","Gash"],"picked":"Go for the Eyes","floor":7},{"not_picked":["Steam","Beam Cell"],"picked":"Cold Snap","floor":11},{"not_picked":["Coolheaded","Double Energy"],"picked":"Lockon","floor":12},{"not_picked":["All For One","Seek"],"picked":"Biased Cognition","floor":16},{"not_picked":["Stack","Streamline"],"picked":"Barrage","floor":17},{"not_picked":["Cold Snap","Rip and Tear"],"picked":"Tempest","floor":17},{"not_picked":["Sweeping Beam","Go for the Eyes"],"picked":"Fission","floor":17},{"not_picked":["Compile Driver","Cold Snap"],"picked":"Leap","floor":17},{"not_picked":["Fusion","Loop"],"picked":"Reinforced Body","floor":17},{"not_picked":["Coolheaded","Go for the Eyes"],"picked":"Beam Cell","floor":18},{"not_picked":["Darkness","Glacier"],"picked":"Genetic Algorithm","floor":21}],"player_experience":13965,"potions_floor_usage":[16],"damage_taken":[{"damage":3,"enemies":"Jaw Worm","floor":1,"turns":4},{"damage":0,"enemies":"2 Louse","floor":5,"turns":3},{"damage":4,"enemies":"Cultist","floor":7,"turns":4},{"damage":20,"enemies":"Exordium Thugs","floor":11,"turns":5},{"damage":2,"enemies":"Blue Slaver","floor":12,"turns":3},{"damage":19,"enemies":"Slime Boss","floor":16,"turns":10},{"damage":22,"enemies":"2 Thieves","floor":18,"turns":5},{"damage":23,"enemies":"Chosen","floor":21,"turns":5},{"damage":51,"enemies":"Snecko","floor":22,"turns":6}],"relics_obtained":[{"floor":9,"key":"Sundial"}],"event_choices":[{"event_name":"Liars Game","player_choice":"disagreed","floor":2,"damage_taken":0},{"event_name":"Golden Idol","player_choice":"Ignored","floor":4,"damage_taken":0},{"event_name":"Golden Wing","player_choice":"Card Removal","floor":8,"damage_taken":0},{"event_name":"Upgrade Shrine","player_choice":"Upgraded","floor":13,"damage_taken":0},{"event_name":"Nest","player_choice":"Joined the Cult","floor":19,"damage_taken":0},{"event_name":"Bonfire Elementals","player_choice":"COMMON","floor":20,"damage_taken":0}],"boss_relics":[{"not_picked":["Philosopher\u0027s Stone","Astrolabe"],"picked":"Orrery"}],"items_purged_floors":[],"is_endless":false,"potions_floor_spawned":[7,11,16,21],"seed_played":"4188123838367011491","killed_by":"Snecko","ascension_level":0,"potions_obtained":[{"floor":7,"key":"Regen Potion"},{"floor":11,"key":"Explosive Potion"},{"floor":16,"key":"FearPotion"},{"floor":21,"key":"Dexterity Potion"}],"is_trial":false}