{"gold_per_floor":[16,34,51,71,87,120,120,151,151,178,197,197,42,58,58,58],"floor_reached":16,"playtime":667,"items_purged":[],"score":124,"play_id":"3f5962d1-4ce9-4abc-9c83-03eb9f12229c","local_time":"20190201184827","is_ascension_mode":false,"campfire_choices":[{"data":"Shockwave","floor":7,"key":"SMITH"},{"data":"Twin Strike","floor":15,"key":"SMITH"}],"neow_cost":"NO_GOLD","seed_source_timestamp":112899373735761,"circlet_count":0,"master_deck":["Strike_R","Strike_R","Strike_R","Strike_R","Defend_R","Defend_R","Defend_R","Bash","Twin Strike+1","Shockwave+1","Flame Barrier+1"],"relics":["Burning Blood","Red Skull","Ginger","The Courier","Oddly Smooth Stone","ClockworkSouvenir"],"potions_floor_usage":[5,10,16],"damage_taken":[{"damage":1,"enemies":"Jaw Worm","floor":1,"turns":4},{"damage":0,"enemies":"Small Slimes","floor":2,"turns":3},{"damage":1,"enemies":"Cultist","floor":3,"turns":4},{"damage":13,"enemies":"3 Louse","floor":4,"turns":3},{"damage":2,"enemies":"Red Slaver","floor":5,"turns":4},{"damage":25,"enemies":"Gremlin Nob","floor":6,"turns":5},{"damage":21,"enemies":"Lagavulin","floor":8,"turns":6},{"damage":22,"enemies":"3 Sentries","floor":10,"turns":6},{"damage":3,"enemies":"Gremlin Gang","floor":11,"turns":4},{"damage":4,"enemies":"3 Louse","floor":14,"turns":3},{"damage":36,"enemies":"Slime Boss","floor":16,"turns":9}],"seed_played":"5470592177842583997","potions_obtained":[{"floor":1,"key":"Block Potion"},{"floor":4,"key":"BloodPotion"},{"floor":8,"key":"SneckoOil"},{"floor":14,"key":"LiquidBronze"}],"is_trial":false,"path_per_floor":["M","M","M","M","M","E","R","E","T","E","M","?","$","M","R","B"],"character_chosen":"IRONCLAD","items_purchased":["ClockworkSouvenir"],"campfire_rested":0,"item_purchase_floors":[13],"current_hp_per_floor":[80,80,80,73,77,58,58,43,43,35,38,38,38,40,40,4],"gold":58,"neow_bonus":"REMOVE_TWO","is_prod":false,"is_daily":false,"chose_seed":false,"campfire_upgraded":2,"win_rate":0,"timestamp":1549039707,"path_taken":["M","M","M","M","M","E","R","E","T","E","M","?","$","M","R","BOSS"],"build_version":"2019-01-23","purchased_purges":0,"victory":false,"max_hp_per_floor":[80,80,80,80,80,80,80,80,80,80,80,80,80,80,80,80],"card_choices":[{"not_picked":["Dual Wield","Clash"],"picked":"Twin Strike","floor":1},{"not_picked":["Disarm","Reckless Charge","Evolve"],"picked":"SKIP","floor":2},{"not_picked":["Power Through","Anger"],"picked":"Shockwave","floor":3},{"not_picked":["Spot Weakness","Perfected Strike","Warcry"],"picked":"SKIP","floor":4},{"not_picked":["Iron Wave","Intimidate","Heavy Blade"],"picked":"SKIP","floor":5},{"not_picked":["Berserk","Evolve","Wild Strike"],"picked":"SKIP","floor":6},{"not_picked":["Dark Embrace","Disarm","Perfected Strike"],"picked":"SKIP","floor":8},{"not_picked":["Shockwave","Wild Strike"],"picked":"Flame Barrier","floor":10},{"not_picked":["Thunderclap","Flame Barrier","Headbutt"],"picked":"SKIP","floor":11},{"not_picked":["Shockwave","Pummel","Clash"],"picked":"SKIP","floor":14}],"player_experience":211004,"relics_obtained":[{"floor":6,"key":"Red Skull"},{"floor":8,"key":"Ginger"},{"floor":9,"key":"The Courier"},{"floor":10,"key":"Oddly Smooth Stone"}],"event_choices":[{"damage_healed":0,"gold_gain":0,"player_choice":"Grow","damage_taken":0,"max_hp_gain":0,"max_hp_loss":0,"event_name":"Living Wall","floor":12,"gold_loss":0,"cards_upgraded":["Flame Barrier"]}],"is_beta":false,"boss_relics":[],"items_purged_floors":[],"is_endless":false,"potions_floor_spawned":[1,4,8,14],"killed_by":"Slime Boss","ascension_level":0}