{"gold_per_floor":[111,128,303,320,58,89,89,104,131,165,15,40,40,51,51,146,146,165,165,118,137,152,152,152,179,228,244,260,287,287,298,298,395,395,409,69,169,182,192,192,204,232,255,272,272,272,272,304,304,304],"floor_reached":51,"playtime":2996,"items_purged":["Doubt","Injury"],"score":792,"play_id":"9279d62b-c4fb-4eb0-8567-74047586776a","local_time":"20180626215750","is_ascension_mode":false,"campfire_choices":[{"floor":7,"key":"REST"},{"data":"Metallicize","floor":15,"key":"SMITH"},{"data":"Limit Break","floor":23,"key":"SMITH"},{"data":"Inflame","floor":30,"key":"SMITH"},{"floor":32,"key":"REST"},{"data":"Heavy Blade","floor":40,"key":"SMITH"},{"data":"Apotheosis","floor":46,"key":"SMITH"},{"floor":49,"key":"REST"}],"neow_cost":"NONE","seed_source_timestamp":0,"circlet_count":0,"master_deck":["Strike_R","Strike_R","Strike_R","Strike_R","Strike_R","Defend_R+1","Defend_R","Defend_R+1","Defend_R","Bash","Clothesline","Iron Wave","Heavy Blade","Metallicize+1","Clash","Inflame+1","Limit Break+1","Clash+1","Shrug It Off","Shrug It Off+1","Seeing Red","Flex","Thunderclap+1","Reaper","Heavy Blade+1","Reaper","Headbutt","Thunderclap","Thunderclap+1","Pain","Iron Wave","Swift Strike","Apotheosis+1","Bandage Up","Armaments","Clothesline","Spot Weakness+1"],"special_seed":0,"relics":["Black Blood","Bronze Scales","Mercury Hourglass","Vajra","Potion Belt","War Paint","Ginger","Cursed Key","Juzu Bracelet","Oddly Smooth Stone","Dream Catcher","Bottled Flame","Bird Faced Urn","Orichalcum","Bag of Marbles"],"potions_floor_usage":[10,16,42,48,48,50,50,50],"damage_taken":[{"damage":6,"enemies":"Jaw Worm","floor":1,"turns":3},{"damage":1,"enemies":"Cultist","floor":2,"turns":4},{"damage":0,"enemies":"2 Louse","floor":4,"turns":3},{"damage":46,"enemies":"Lagavulin","floor":6,"turns":8},{"damage":10,"enemies":"2 Fungi Beasts","floor":8,"turns":3},{"damage":11,"enemies":"3 Sentries","floor":10,"turns":5},{"damage":15,"enemies":"Lagavulin","floor":12,"turns":6},{"damage":0,"enemies":"Large Slime","floor":14,"turns":3},{"damage":3,"enemies":"Slime Boss","floor":16,"turns":8},{"damage":11,"enemies":"3 Byrds","floor":18,"turns":4},{"damage":10,"enemies":"Chosen","floor":21,"turns":2},{"damage":23,"enemies":"Centurion and Healer","floor":22,"turns":4},{"damage":12,"enemies":"Book of Stabbing","floor":25,"turns":5},{"damage":20,"enemies":"Sentry and Sphere","floor":27,"turns":4},{"damage":6,"enemies":"Snake Plant","floor":28,"turns":2},{"damage":15,"enemies":"Slavers","floor":29,"turns":5},{"damage":6,"enemies":"Centurion and Healer","floor":31,"turns":3},{"damage":36,"enemies":"Automaton","floor":33,"turns":8},{"damage":0,"enemies":"Orb Walker","floor":35,"turns":3},{"damage":19,"enemies":"3 Darklings","floor":38,"turns":4},{"damage":23,"enemies":"Sphere and 2 Shapes","floor":39,"turns":6},{"damage":36,"enemies":"4 Shapes","floor":41,"turns":3},{"damage":17,"enemies":"Nemesis","floor":42,"turns":9},{"damage":23,"enemies":"Maw","floor":44,"turns":8},{"damage":28,"enemies":"2 Orb Walkers","floor":48,"turns":4},{"damage":95,"enemies":"Time Eater","floor":50,"turns":12}],"seed_played":"2425269225216922585","potions_obtained":[{"floor":4,"key":"Weak Potion"},{"floor":6,"key":"Poison Potion"},{"floor":8,"key":"Fire Potion"},{"floor":12,"key":"Regen Potion"},{"floor":13,"key":"SkillPotion"},{"floor":13,"key":"SpeedPotion"},{"floor":21,"key":"FearPotion"},{"floor":39,"key":"Explosive Potion"},{"floor":41,"key":"Explosive Potion"},{"floor":42,"key":"SpeedPotion"}],"is_trial":false,"path_per_floor":["M","M","?","M","$","E","R","M","T","E","$","E","?","M","R","B",null,"M","?","$","M","M","R","?","E","T","M","M","E","R","M","R","B",null,"M","$","?","M","M","R","M","E","T","M","?","R","?","E","R","B"],"character_chosen":"IRONCLAD","items_purchased":["Mercury Hourglass","Metallicize","Shrug It Off","Bottled Flame"],"campfire_rested":3,"item_purchase_floors":[5,11,20,36],"current_hp_per_floor":[80,80,80,80,80,40,64,60,60,55,55,46,46,52,52,70,80,75,75,75,71,54,54,80,74,74,60,60,51,51,61,80,54,80,80,80,80,80,80,80,60,59,59,59,49,49,49,57,80,28],"gold":304,"neow_bonus":"RANDOM_COMMON_RELIC","is_prod":false,"is_daily":false,"chose_seed":false,"campfire_upgraded":5,"win_rate":0,"timestamp":1530043070,"path_taken":["M","M","?","M","$","E","R","M","T","E","$","E","?","M","R","BOSS","M","?","$","M","M","R","?","E","T","M","M","E","R","M","R","BOSS","M","$","?","M","M","R","M","E","T","M","?","R","?","E","R","BOSS"],"build_version":"2018-06-21v2","purchased_purges":2,"victory":true,"max_hp_per_floor":[80,80,80,80,80,80,80,80,80,80,80,80,80,80,80,80,80,80,80,80,80,80,80,80,80,80,80,80,80,80,80,80,80,80,80,80,80,80,80,80,80,80,80,80,80,80,80,80,80,80],"card_choices":[{"not_picked":["Wild Strike","Blood for Blood","True Grit"],"picked":"SKIP","floor":1},{"not_picked":["Searing Blow","Shockwave"],"picked":"Clothesline","floor":2},{"not_picked":["Corruption","Havoc"],"picked":"Iron Wave","floor":4},{"not_picked":["Evolve","Sentinel","Havoc"],"picked":"SKIP","floor":6},{"not_picked":["Perfected Strike","Havoc","Wild Strike"],"picked":"SKIP","floor":8},{"not_picked":["Pommel Strike","Reckless Charge"],"picked":"Heavy Blade","floor":10},{"not_picked":["Shockwave","Warcry"],"picked":"Clash","floor":12},{"not_picked":["Feed","Seeing Red"],"picked":"Inflame","floor":14},{"not_picked":["Bludgeon","Brutality"],"picked":"Limit Break","floor":16},{"not_picked":["Body Slam","Perfected Strike+1"],"picked":"Clash+1","floor":18},{"not_picked":["Dual Wield","Wild Strike"],"picked":"Shrug It Off+1","floor":21},{"not_picked":["Bloodletting","Power Through"],"picked":"Seeing Red","floor":22},{"not_picked":["Heavy Blade","Combust+1"],"picked":"Flex","floor":25},{"not_picked":["Evolve","Seeing Red"],"picked":"Thunderclap+1","floor":27},{"not_picked":["Pommel Strike+1","Sever Soul+1","Perfected Strike"],"picked":"SKIP","floor":28},{"not_picked":["Shrug It Off","Body Slam"],"picked":"Reaper","floor":29},{"not_picked":["Clash","Hemokinesis+1"],"picked":"Sword Boomerang","floor":31},{"not_picked":["Dark Embrace","Bloodletting"],"picked":"Heavy Blade","floor":32},{"not_picked":["Berserk","Immolate"],"picked":"Reaper","floor":33},{"not_picked":["Havoc+1","Clash"],"picked":"Headbutt","floor":35},{"not_picked":["Clothesline","Rupture+1"],"picked":"Thunderclap","floor":38},{"not_picked":["Dropkick+1","Twin Strike+1","Uppercut"],"picked":"SKIP","floor":39},{"not_picked":["Pommel Strike","Intimidate"],"picked":"Thunderclap+1","floor":41},{"not_picked":["True Grit","Anger","Havoc+1"],"picked":"SKIP","floor":42},{"not_picked":["Seeing Red+1","Anger+1"],"picked":"Iron Wave","floor":44},{"not_picked":["Deep Breath","Trip"],"picked":"Swift Strike","floor":45},{"not_picked":["Sadistic Nature","Dramatic Entrance"],"picked":"Apotheosis","floor":45},{"not_picked":["Jack Of All Trades","Transmutation"],"picked":"Bandage Up","floor":45},{"not_picked":["Pommel Strike","Seeing Red"],"picked":"Clothesline","floor":48},{"not_picked":["Fire Breathing","Shockwave"],"picked":"Spot Weakness+1","floor":49}],"player_experience":61469,"relics_obtained":[{"floor":6,"key":"Vajra"},{"floor":9,"key":"Potion Belt"},{"floor":10,"key":"War Paint"},{"floor":12,"key":"Ginger"},{"floor":25,"key":"Juzu Bracelet"},{"floor":26,"key":"Oddly Smooth Stone"},{"floor":29,"key":"Dream Catcher"},{"floor":42,"key":"Bird Faced Urn"},{"floor":43,"key":"Orichalcum"},{"floor":48,"key":"Bag of Marbles"}],"event_choices":[{"event_name":"Liars Game","player_choice":"agreed","floor":3,"damage_taken":0},{"event_name":"The Lab","player_choice":"Got Potions","floor":13,"damage_taken":0},{"event_name":"Vampires","player_choice":"Ignored","floor":19,"damage_taken":0},{"event_name":"The Library","player_choice":"Heal","floor":24,"damage_taken":0},{"event_name":"Golden Shrine","player_choice":"Pray","floor":37,"damage_taken":0},{"event_name":"SensoryStone","player_choice":"Memory 3","floor":45,"damage_taken":0},{"event_name":"Transmorgrifier","player_choice":"Transform","floor":47,"damage_taken":0}],"boss_relics":[{"not_picked":["Coffee Dripper","Runic Dome"],"picked":"Cursed Key"},{"not_picked":["Black Star","Empty Cage"],"picked":"Black Blood"}],"items_purged_floors":[11,36],"is_endless":false,"potions_floor_spawned":[4,6,8,12,21,29,31,38,39,41,42],"ascension_level":0}