{"gold_per_floor":[114,130,54,71,88,114,114,132,206,219,232,232,246,246,246,343,343,363,179,206,220,238,238,238,238,238,119,119,119,139,149,149,149],"floor_reached":33,"playtime":2424,"items_purged":[],"score":251,"play_id":"85689c38-4006-470b-9a13-a842c046eb4e","local_time":"20180715182442","is_ascension_mode":false,"campfire_choices":[{"floor":7.0,"key":"REST"},{"floor":12.0,"key":"REST"},{"floor":15.0,"key":"REST"},{"floor":23,"key":"REST"},{"floor":25,"key":"REST"},{"data":"Writhe","floor":29,"key":"PURGE"},{"floor":32,"key":"REST"}],"neow_cost":"","seed_source_timestamp":0,"circlet_count":0,"master_deck":["Strike_B","Strike_B","Strike_B","Defend_B","Defend_B","Defend_B","Defend_B","Zap","Dualcast","FTL","Melter","Thunder Strike","Streamline","Double Energy","Redo","Glacier","Doom and Gloom","Tempest","Sweeping Beam","All For One","Stack","Panache","Stack+1","Auto Shields+1","Glacier+1","Reprogram","Streamline","Conserve Battery"],"special_seed":0,"relics":["Cracked Core","Juzu Bracelet","Mercury Hourglass","Sozu","Red Mask","Nilry\u0027s Codex","Calipers","Peace Pipe"],"potions_floor_usage":[],"damage_taken":[{"damage":12.0,"enemies":"Jaw Worm","floor":1.0,"turns":4.0},{"damage":0.0,"enemies":"2 Louse","floor":2.0,"turns":3.0},{"damage":0.0,"enemies":"Cultist","floor":4.0,"turns":3.0},{"damage":17.0,"enemies":"Exordium Thugs","floor":5.0,"turns":5.0},{"damage":22.0,"enemies":"3 Sentries","floor":6.0,"turns":6.0},{"damage":11.0,"enemies":"Lots of Slimes","floor":8.0,"turns":5.0},{"damage":11.0,"enemies":"Gremlin Gang","floor":10.0,"turns":3.0},{"damage":9.0,"enemies":"Blue Slaver","floor":11.0,"turns":3.0},{"damage":0.0,"enemies":"Large Slime","floor":13.0,"turns":3.0},{"damage":43.0,"enemies":"Slime Boss","floor":16.0,"turns":7.0},{"damage":10.0,"enemies":"Chosen","floor":18.0,"turns":3.0},{"damage":13.0,"floor":20.0,"turns":3.0},{"damage":5.0,"enemies":"Spheric Guardian","floor":21.0,"turns":3.0},{"damage":17,"enemies":"Snecko","floor":22,"turns":4},{"damage":28,"enemies":"Snake Plant","floor":30,"turns":4},{"damage":13,"enemies":"3 Cultists","floor":31,"turns":4},{"damage":39,"enemies":"Champ","floor":33,"turns":10}],"seed_played":"-6752244846686687474","potions_obtained":[{"floor":4.0,"key":"Fire Potion"},{"floor":5.0,"key":"PowerPotion"},{"floor":6.0,"key":"Ancient Potion"},{"floor":10.0,"key":"Weak Potion"},{"floor":13.0,"key":"Energy Potion"},{"floor":16.0,"key":"SteroidPotion"}],"is_trial":false,"path_per_floor":["M","M","$","M","M","E","R","M","T","M","M","R","M","?","R","B",null,"M","$","?","M","M","R","?","R","T","$","?","R","M","M","R"],"character_chosen":"DEFECT","items_purchased":["Thunder Strike","Panache","Reprogram","Streamline"],"campfire_rested":6,"item_purchase_floors":[3,19,27,27],"current_hp_per_floor":[63,63,63,63,46,24,46,35,35,24,15,37,37,37,59,16,75,65,65,52,47,30,52,36,58,58,58,58,58,30,17,39,0],"gold":149,"neow_bonus":"","is_prod":false,"is_daily":false,"chose_seed":false,"campfire_upgraded":0,"win_rate":0.0,"timestamp":1531650282,"path_taken":["M","M","$","M","M","E","R","M","T","M","M","R","M","?","R","BOSS","M","$","?","M","M","R","?","R","T","$","?","R","M","M","R","BOSS"],"build_version":"2018-07-12","purchased_purges":0,"victory":false,"max_hp_per_floor":[75,75,75,75,75,75,75,75,75,75,75,75,75,75,75,75,75,75,75,75,75,75,75,75,75,75,75,75,75,75,75,75,75],"card_choices":[{"not_picked":["Steam","White Noise"],"picked":"FTL","floor":1.0},{"not_picked":["Gash","Coolheaded"],"picked":"Melter","floor":2.0},{"not_picked":["Compile Driver","Steam"],"picked":"Streamline","floor":4.0},{"not_picked":["Lockon","White Noise"],"picked":"Double Energy","floor":5.0},{"not_picked":["Compile Driver","Capacitor"],"picked":"Redo","floor":6.0},{"not_picked":["Fusion","Genetic Algorithm"],"picked":"Glacier","floor":8.0},{"not_picked":["Multi-Cast","Auto Shields"],"picked":"Doom and Gloom","floor":10.0},{"not_picked":["Stack","Barrage"],"picked":"Tempest","floor":11.0},{"not_picked":["Cold Snap","Stack"],"picked":"Sweeping Beam","floor":13.0},{"not_picked":["Reboot","Machine Learning"],"picked":"All For One","floor":16.0},{"not_picked":["Compile Driver","Conserve Battery"],"picked":"Stack","floor":18.0},{"not_picked":["All For One","Redo"],"picked":"Stack+1","floor":20.0},{"not_picked":["Coolheaded","Conserve Battery+1"],"picked":"Auto Shields+1","floor":21},{"not_picked":["Ball Lightning","Auto Shields"],"picked":"Glacier+1","floor":22},{"not_picked":["Stack","Gash"],"picked":"Conserve Battery","floor":30},{"not_picked":["Steam Power","Hologram","Compile Driver+1"],"picked":"SKIP","floor":31}],"player_experience":6159,"relics_obtained":[{"floor":6.0,"key":"Juzu Bracelet"},{"floor":9.0,"key":"Mercury Hourglass"},{"floor":20.0,"key":"Red Mask"},{"floor":24,"key":"Nilry\u0027s Codex"},{"floor":26,"key":"Calipers"}],"event_choices":[{"event_name":"Living Wall","player_choice":"Forget","floor":14.0,"damage_taken":0.0},{"event_name":"Masked Bandits","player_choice":"Fought over 179 gold","floor":20.0,"damage_taken":0.0},{"event_name":"Cursed Tome","player_choice":"Obtained Book","floor":24,"damage_taken":0},{"event_name":"The Mausoleum","player_choice":"Yes","floor":28,"damage_taken":0}],"boss_relics":[{"not_picked":["Busted Crown","Orrery"],"picked":"Sozu"}],"items_purged_floors":[],"is_endless":false,"potions_floor_spawned":[4,5,6,10,13,16,20,21,30],"killed_by":"Champ","ascension_level":0}