{"gold_per_floor":[117,117,117,192,206,206,222,222,245,245,302,322,302,319,319,422,422,435,435,469,363,363,264,264,283,283,296,309,309,328,328,328,328],"floor_reached":33,"playtime":1151,"items_purged":["Strike_B"],"score":235,"play_id":"8cb4a078-e831-462a-be69-cbcac9d341b6","local_time":"20190202005148","is_ascension_mode":false,"campfire_choices":[{"data":"Zap","floor":6,"key":"SMITH"},{"data":"Multi-Cast","floor":8,"key":"SMITH"},{"data":"Conserve Battery","floor":10,"key":"SMITH"},{"floor":15,"key":"REST"},{"floor":24,"key":"REST"},{"floor":29,"key":"REST"},{"floor":32,"key":"REST"}],"neow_cost":"NONE","seed_source_timestamp":273552829710743,"circlet_count":0,"master_deck":["Strike_B+1","Strike_B+1","Strike_B+1","Strike_B+1","Defend_B+1","Defend_B+1","Defend_B+1","Defend_B+1","Zap+1","Dualcast","Multi-Cast+1","Conserve Battery+1","Storm","Doom and Gloom","FTL","Cold Snap","Turbo+1","Tempest","Defragment","Melter","Compile Driver","Hologram","Steam+1","Steam+1"],"relics":["Cracked Core"],"potions_floor_usage":[11,18,28,30,30],"damage_taken":[{"damage":6,"enemies":"Jaw Worm","floor":1,"turns":4},{"damage":1,"enemies":"Cultist","floor":5,"turns":3},{"damage":0,"enemies":"Small Slimes","floor":7,"turns":3},{"damage":23,"enemies":"Gremlin Nob","floor":11,"turns":4},{"damage":3,"enemies":"Red Slaver","floor":12,"turns":3},{"damage":2,"enemies":"3 Louse","floor":14,"turns":2},{"damage":27,"enemies":"The Guardian","floor":16,"turns":10},{"damage":15,"enemies":"2 Thieves","floor":18,"turns":5},{"damage":47,"enemies":"Masked Bandits","floor":20,"turns":6},{"damage":0,"enemies":"Spheric Guardian","floor":25,"turns":3},{"damage":21,"enemies":"Cultist and Chosen","floor":27,"turns":6},{"damage":2,"enemies":"3 Cultists","floor":28,"turns":5},{"damage":25,"enemies":"Shelled Parasite and Fungi","floor":30,"turns":7},{"damage":51,"enemies":"Collector","floor":33,"turns":6}],"seed_played":"2968989036042189060","potions_obtained":[{"floor":1,"key":"PowerPotion"},{"floor":7,"key":"AttackPotion"},{"floor":13,"key":"FocusPotion"},{"floor":14,"key":"FocusPotion"},{"floor":18,"key":"EssenceOfSteel"},{"floor":30,"key":"Ancient Potion"}],"is_trial":false,"path_per_floor":["M","?","$","?","M","R","M","R","T","R","?","M","?","M","R","B",null,"M","?","?","$","?","$","R","M","T","M","M","R","M","?","R","B"],"character_chosen":"DEFECT","items_purchased":["Defragment","Melter","Compile Driver"],"campfire_rested":4,"item_purchase_floors":[21,21,23],"current_hp_per_floor":[69,69,69,62,61,61,61,61,61,61,38,35,35,33,55,28,75,60,60,13,13,13,13,35,35,35,14,12,34,9,9,31,0],"gold":328,"neow_bonus":"ONE_RANDOM_RARE_CARD","is_prod":false,"is_daily":false,"chose_seed":false,"campfire_upgraded":3,"win_rate":0,"timestamp":1549081308,"path_taken":["M","?","$","?","?","R","M","R","T","R","?","M","?","?","R","BOSS","M","?","?","$","?","$","R","M","T","M","M","R","?","?","R","BOSS"],"build_version":"2019-01-23","purchased_purges":1,"victory":false,"max_hp_per_floor":[75,75,75,75,75,75,75,75,75,75,75,75,75,75,75,75,75,75,75,75,75,75,75,75,75,75,75,75,75,75,75,75,75],"card_choices":[{"not_picked":["Steam Power","Rebound"],"picked":"Conserve Battery","floor":1},{"not_picked":["Fusion","Steam"],"picked":"Storm","floor":5},{"not_picked":["Recycle","Streamline","Consume"],"picked":"SKIP","floor":7},{"not_picked":["Cold Snap","Sweeping Beam"],"picked":"Doom and Gloom","floor":11},{"not_picked":["Ball Lightning","Cold Snap"],"picked":"FTL","floor":12},{"not_picked":["Barrage","Sweeping Beam"],"picked":"Cold Snap","floor":14},{"not_picked":["Amplify","Biased Cognition"],"picked":"Creative AI","floor":16},{"not_picked":["Hologram","Undo"],"picked":"Turbo+1","floor":18},{"not_picked":["Beam Cell","Ball Lightning+1"],"picked":"Tempest","floor":20},{"not_picked":["Gash+1","Redo"],"picked":"Hologram","floor":25},{"not_picked":["Beam Cell","Hello World+1","Cold Snap"],"picked":"SKIP","floor":27},{"not_picked":["Biased Cognition","Consume"],"picked":"Steam+1","floor":28},{"not_picked":["Ball Lightning","Self Repair+1"],"picked":"Steam+1","floor":30}],"player_experience":316607,"relics_obtained":[],"event_choices":[{"damage_healed":0,"gold_gain":0,"player_choice":"Ignored","damage_taken":0,"max_hp_gain":0,"max_hp_loss":0,"event_name":"Golden Idol","floor":2,"gold_loss":0},{"damage_healed":0,"gold_gain":75,"player_choice":"Touch","damage_taken":7,"max_hp_gain":0,"max_hp_loss":0,"event_name":"FaceTrader","floor":4,"gold_loss":0},{"damage_healed":0,"gold_gain":30,"player_choice":"Searched \u00273\u0027 times","damage_taken":0,"max_hp_gain":0,"max_hp_loss":0,"event_name":"Dead Adventurer","floor":11,"gold_loss":0},{"damage_healed":0,"gold_gain":0,"player_choice":"Bought 1 Potion","damage_taken":0,"max_hp_gain":0,"max_hp_loss":0,"event_name":"The Woman in Blue","floor":13,"gold_loss":0},{"damage_healed":0,"gold_gain":0,"player_choice":"Simplicity","damage_taken":0,"max_hp_gain":0,"max_hp_loss":0,"event_name":"Back to Basics","floor":19,"gold_loss":0,"cards_upgraded":["Strike_B","Strike_B","Strike_B","Strike_B","Defend_B","Defend_B","Defend_B","Defend_B"]},{"damage_healed":0,"gold_gain":0,"player_choice":"Fought Bandits","damage_taken":0,"max_hp_gain":0,"max_hp_loss":0,"event_name":"Masked Bandits","floor":20,"gold_loss":0},{"cards_removed":["Creative AI"],"damage_healed":0,"gold_gain":0,"player_choice":"Took Card","damage_taken":0,"max_hp_gain":0,"max_hp_loss":0,"event_name":"NoteForYourself","floor":22,"gold_loss":0,"cards_obtained":["Strike_B"]},{"damage_healed":0,"gold_gain":0,"player_choice":"Ignored","damage_taken":0,"max_hp_gain":0,"max_hp_loss":0,"event_name":"Cursed Tome","floor":31,"gold_loss":0}],"is_beta":false,"boss_relics":[{"not_picked":["Eternal Feather","Coffee Dripper","FrozenCore"]}],"items_purged_floors":[23],"is_endless":false,"potions_floor_spawned":[1,7,14,18,30],"killed_by":"Collector","ascension_level":0}