{"gold_per_floor":[116,116,116,126,151,167,92,92,139,139,109,59,59,75,75,174,174,185,185,185,41,41,41,73,73,103,115,125,159,159,171,171,268,268,286,309,334,334,334,334,348,379,406,158,158,169,199,219,219,219],"floor_reached":51,"playtime":2290,"items_purged":["Strike_B+1"],"score":804,"play_id":"e3838f67-b586-4d76-b5b2-904eddbf280d","local_time":"20181224152622","is_ascension_mode":false,"campfire_choices":[{"data":"Static Discharge","floor":8,"key":"SMITH"},{"data":"Leap","floor":10,"key":"SMITH"},{"data":"Echo Form","floor":15,"key":"SMITH"},{"floor":23,"key":"REST"},{"data":"Defragment","floor":25,"key":"SMITH"},{"floor":30,"key":"REST"},{"floor":32,"key":"REST"},{"floor":45,"key":"REST"},{"floor":49,"key":"REST"}],"neow_cost":"PERCENT_DAMAGE","seed_source_timestamp":273486458218093,"circlet_count":0,"master_deck":["Strike_B+1","Strike_B+1","Defend_B+1","Defend_B+1","Defend_B+1","Zap","Dualcast","Leap","Coolheaded","Leap+1","Static Discharge+1","Echo Form+1","Biased Cognition","Sunder","Defragment+1","Defragment","Leap+1","Creative AI","Electrodynamics","Conserve Battery+1","Leap+1","Loop+1","Sunder+1","Core Surge"],"relics":["Cracked Core","Du-Vu Doll","Oddly Smooth Stone","Bronze Scales","Snecko Eye","Pen Nib","Tiny Chest","Mercury Hourglass","Fusion Hammer","Centennial Puzzle","Boot","Art of War","Potion Belt","Anchor","Dream Catcher"],"potions_floor_usage":[24,24,24,29,33,33,42,50,50,50],"damage_taken":[{"damage":5,"enemies":"Cultist","floor":1,"turns":4},{"damage":2,"enemies":"Jaw Worm","floor":4,"turns":3},{"damage":0,"enemies":"2 Louse","floor":6,"turns":3},{"damage":0,"enemies":"Looter","floor":11,"turns":4},{"damage":0,"enemies":"Blue Slaver","floor":14,"turns":4},{"damage":20,"enemies":"Hexaghost","floor":16,"turns":10},{"damage":2,"enemies":"3 Byrds","floor":18,"turns":3},{"damage":0,"enemies":"Gremlin Leader","floor":24,"turns":4},{"damage":8,"enemies":"Shell Parasite","floor":27,"turns":4},{"damage":11,"enemies":"Centurion and Healer","floor":28,"turns":6},{"damage":19,"enemies":"Book of Stabbing","floor":29,"turns":5},{"damage":0,"enemies":"3 Cultists","floor":31,"turns":4},{"damage":17,"enemies":"Collector","floor":33,"turns":9},{"damage":3,"enemies":"3 Darklings","floor":35,"turns":3},{"damage":2,"enemies":"Orb Walker","floor":41,"turns":3},{"damage":16,"enemies":"Giant Head","floor":42,"turns":11},{"damage":1,"enemies":"Jaw Worm Horde","floor":46,"turns":5},{"damage":15,"enemies":"Reptomancer","floor":47,"turns":4},{"damage":0,"enemies":"Transient","floor":48,"turns":5},{"damage":38,"enemies":"Time Eater","floor":50,"turns":6}],"seed_played":"-8659797340691788446","potions_obtained":[{"floor":1,"key":"Fire Potion"},{"floor":4,"key":"Ancient Potion"},{"floor":16,"key":"Fire Potion"},{"floor":24,"key":"LiquidBronze"},{"floor":27,"key":"AttackPotion"},{"floor":31,"key":"Strength Potion"},{"floor":35,"key":"Block Potion"},{"floor":41,"key":"Poison Potion"},{"floor":46,"key":"SteroidPotion"}],"is_trial":false,"path_per_floor":["M","?","?","M","T","M","$","R","T","R","M","?","$","M","R","B",null,"M","?","?","$","?","R","E","R","T","M","M","E","R","M","R","B",null,"M","T","T","?","?","?","M","E","T","$","R","M","E","M","R","B",null],"character_chosen":"DEFECT","items_purchased":["Static Discharge","Sunder","PowerPotion","PowerPotion","Anchor"],"campfire_rested":5,"item_purchase_floors":[7,21,44,44,44],"current_hp_per_floor":[49,42,42,40,40,40,40,40,40,40,40,40,40,40,40,20,75,73,73,59,59,51,75,75,75,75,67,56,37,61,61,80,63,80,77,77,77,77,76,76,74,58,58,58,76,75,60,60,76,38],"gold":219,"neow_bonus":"ONE_RARE_RELIC","is_prod":false,"is_daily":false,"chose_seed":false,"campfire_upgraded":4,"win_rate":0,"timestamp":1545661582,"path_taken":["M","?","?","M","?","M","$","R","T","R","?","?","$","M","R","BOSS","M","?","?","$","?","R","E","R","T","M","M","E","R","M","R","BOSS","M","?","?","?","?","?","M","E","T","?","R","M","E","?","R","BOSS"],"build_version":"2018-12-20","purchased_purges":1,"victory":true,"max_hp_per_floor":[75,75,75,75,75,75,75,75,75,75,75,75,75,75,75,75,75,75,75,80,80,80,80,80,80,80,80,80,80,80,80,80,80,80,80,80,80,80,76,76,76,76,76,76,76,76,76,76,76,76],"card_choices":[{"not_picked":["Reprogram","Rebound"],"picked":"Leap","floor":1},{"not_picked":["Barrage","Cold Snap"],"picked":"Coolheaded","floor":4},{"not_picked":["Ball Lightning","White Noise"],"picked":"Leap","floor":6},{"not_picked":["Streamline","Gash","Ball Lightning"],"picked":"SKIP","floor":11},{"not_picked":["Rebound","Stack"],"picked":"Echo Form","floor":14},{"not_picked":["Core Surge","Echo Form"],"picked":"Biased Cognition","floor":16},{"not_picked":["Streamline","Rebound","Steam+1"],"picked":"SKIP","floor":18},{"not_picked":["Cold Snap+1","Sweeping Beam"],"picked":"Defragment","floor":24},{"not_picked":["All For One","Chill"],"picked":"Defragment","floor":27},{"not_picked":["Tempest","Redo"],"picked":"Leap+1","floor":28},{"not_picked":["Sweeping Beam+1","Go for the Eyes"],"picked":"Creative AI","floor":29},{"not_picked":["Auto Shields","Redo","Steam"],"picked":"SKIP","floor":31},{"not_picked":["Thunder Strike","Meteor Strike"],"picked":"Electrodynamics","floor":33},{"not_picked":["Reprogram","Ball Lightning+1","Barrage"],"picked":"SKIP","floor":35},{"not_picked":["Steam","Redo"],"picked":"Conserve Battery+1","floor":41},{"not_picked":["Electrodynamics","Streamline","Aggregate"],"picked":"SKIP","floor":42},{"not_picked":["Static Discharge","Rebound+1"],"picked":"Leap+1","floor":46},{"not_picked":["Steam Power","Chill"],"picked":"Loop+1","floor":47},{"not_picked":["Heatsinks","Leap"],"picked":"Sunder+1","floor":48},{"not_picked":["Streamline","Coolheaded+1"],"picked":"Core Surge","floor":49}],"player_experience":218666,"relics_obtained":[{"floor":5,"key":"Oddly Smooth Stone"},{"floor":9,"key":"Bronze Scales"},{"floor":24,"key":"Pen Nib"},{"floor":26,"key":"Tiny Chest"},{"floor":29,"key":"Mercury Hourglass"},{"floor":36,"key":"Centennial Puzzle"},{"floor":37,"key":"Boot"},{"floor":42,"key":"Art of War"},{"floor":43,"key":"Potion Belt"},{"floor":47,"key":"Dream Catcher"}],"event_choices":[{"cards_removed":["Defend_B"],"damage_healed":0,"gold_gain":0,"player_choice":"Card Removal","damage_taken":7,"max_hp_gain":0,"max_hp_loss":0,"event_name":"Golden Wing","floor":2,"gold_loss":0},{"damage_healed":0,"gold_gain":0,"player_choice":"Ignored","damage_taken":0,"max_hp_gain":0,"max_hp_loss":0,"event_name":"Shining Light","floor":3,"gold_loss":0},{"cards_removed":["Strike_B"],"damage_healed":0,"gold_gain":0,"player_choice":"Card Removal","damage_taken":0,"max_hp_gain":0,"max_hp_loss":0,"event_name":"The Cleric","floor":12,"gold_loss":50},{"damage_healed":0,"gold_gain":0,"player_choice":"Simplicity","damage_taken":0,"max_hp_gain":0,"max_hp_loss":0,"event_name":"Back to Basics","floor":19,"gold_loss":0,"cards_upgraded":["Strike_B","Strike_B","Strike_B","Defend_B","Defend_B","Defend_B"]},{"damage_healed":0,"gold_gain":0,"player_choice":"Shed Blood","damage_taken":19,"max_hp_gain":5,"max_hp_loss":0,"event_name":"Forgotten Altar","floor":20,"gold_loss":0},{"damage_healed":0,"gold_gain":0,"player_choice":"","damage_taken":8,"max_hp_gain":0,"max_hp_loss":0,"event_name":"Knowing Skull","floor":22,"potions_obtained":[],"gold_loss":0,"cards_obtained":[]},{"damage_healed":0,"gold_gain":0,"player_choice":"Ignored","damage_taken":0,"max_hp_gain":0,"max_hp_loss":0,"event_name":"Tomb of Lord Red Mask","floor":38,"gold_loss":0},{"damage_healed":0,"gold_gain":0,"player_choice":"Max HP","damage_taken":0,"max_hp_gain":0,"max_hp_loss":4,"event_name":"Winding Halls","floor":39,"gold_loss":0},{"damage_healed":0,"gold_gain":0,"player_choice":"Memory 1","damage_taken":0,"max_hp_gain":0,"max_hp_loss":0,"event_name":"SensoryStone","floor":40,"gold_loss":0}],"is_beta":false,"boss_relics":[{"not_picked":["Cursed Key","Coffee Dripper"],"picked":"Snecko Eye"},{"not_picked":["Empty Cage","Runic Dome"],"picked":"Fusion Hammer"}],"items_purged_floors":[21],"is_endless":false,"potions_floor_spawned":[1,4,16,24,27,31,35,41,46],"ascension_level":0}