{"gold_per_floor":[214,214,231,243,190,224,241,256,311,283,7,7],"floor_reached":12,"playtime":296,"items_purged":[],"score":80,"play_id":"6fbbb267-afa6-458c-b13c-11cdd52ff875","local_time":"20180730225122","is_ascension_mode":false,"campfire_choices":[],"neow_cost":"NONE","seed_source_timestamp":772361100982868,"circlet_count":0,"master_deck":["Strike_B","Strike_B","Strike_B","Strike_B","Defend_B","Defend_B","Defend_B","Defend_B","Zap+1","Dualcast","Go for the Eyes","Gash","Thunder Strike","Conserve Battery","Tempest","Barrage","Loop","Conserve Battery"],"relics":["Cracked Core","Incense Burner","Happy Flower","Vajra"],"potions_floor_usage":[],"damage_taken":[{"damage":0,"enemies":"2 Louse","floor":1,"turns":3},{"damage":0,"enemies":"Cultist","floor":3,"turns":3},{"damage":0,"enemies":"Small Slimes","floor":4,"turns":3},{"damage":38,"enemies":"Gremlin Nob","floor":6,"turns":5},{"damage":0,"enemies":"Exordium Wildlife","floor":7,"turns":2},{"damage":5,"enemies":"Looter","floor":8,"turns":3},{"damage":37,"enemies":"Gremlin Gang","floor":12,"turns":3}],"seed_played":"-2317195744567434501","potions_obtained":[{"floor":4,"key":"FearPotion"},{"floor":6,"key":"Ancient Potion"},{"floor":7,"key":"SkillPotion"}],"is_trial":false,"path_per_floor":["M","?","M","M","$","E","M","M","T","?","$"],"character_chosen":"DEFECT","items_purchased":["Conserve Battery","Vajra","Loop","Conserve Battery"],"campfire_rested":0,"item_purchase_floors":[5,11,11,11],"current_hp_per_floor":[75,75,75,75,75,37,37,32,32,32,32,0],"gold":7,"neow_bonus":"HUNDRED_GOLD","is_prod":false,"is_daily":false,"chose_seed":false,"campfire_upgraded":0,"win_rate":0.0,"timestamp":1532983882,"path_taken":["M","?","M","M","$","E","M","M","T","?","$","M"],"build_version":"2018-07-26","purchased_purges":0,"victory":false,"max_hp_per_floor":[75,75,75,75,75,75,75,75,75,75,75,75],"card_choices":[{"not_picked":["Compile Driver","Static Discharge"],"picked":"Go for the Eyes","floor":1},{"not_picked":["Steam Power","Stack"],"picked":"Gash","floor":3},{"not_picked":["Streamline","Leap"],"picked":"Thunder Strike","floor":4},{"not_picked":["Hello World","Auto Shields"],"picked":"Tempest","floor":6},{"not_picked":["FTL","Redo"],"picked":"Barrage","floor":7},{"not_picked":["Coolheaded","Recycle","Cold Snap"],"picked":"SKIP","floor":8}],"player_experience":231696,"relics_obtained":[{"floor":6,"key":"Incense Burner"},{"floor":9,"key":"Happy Flower"}],"event_choices":[{"event_name":"Accursed Blacksmith","player_choice":"Forge","floor":2,"damage_taken":0},{"event_name":"World of Goop","player_choice":"Left","floor":10,"damage_taken":0}],"is_beta":false,"boss_relics":[],"items_purged_floors":[],"is_endless":false,"potions_floor_spawned":[4,6,7,8],"killed_by":"Gremlin Gang","ascension_level":0}