{"gold_per_floor":[211,230,230,242,256,267,267,284,284,137,137,137,150,162,162,265,265,276,276,276,176,101,101],"floor_reached":23,"playtime":1048,"items_purged":["Strike_B","Zap"],"score":210,"play_id":"989fbf67-e848-46aa-9629-048dcd85cf96","local_time":"20180827233715","is_ascension_mode":true,"campfire_choices":[{"floor":7.0,"key":"REST"},{"data":"Self Repair","floor":12.0,"key":"SMITH"},{"floor":15.0,"key":"REST"}],"neow_cost":"NONE","seed_source_timestamp":0,"circlet_count":0,"master_deck":["Strike_B","Strike_B","Defend_B","Defend_B","Defend_B","Defend_B","Hologram","Go for the Eyes","Auto Shields","Gash","Self Repair+1","FTL","Buffer","Reboot","Leap"],"special_seed":0,"relics":["FrozenCore","Ornamental Fan"],"potions_floor_usage":[18,18],"damage_taken":[{"damage":3.0,"enemies":"2 Louse","floor":1.0,"turns":3.0},{"damage":10.0,"enemies":"Jaw Worm","floor":2.0,"turns":4.0},{"damage":0.0,"enemies":"Small Slimes","floor":4.0,"turns":2.0},{"damage":12.0,"enemies":"2 Fungi Beasts","floor":5.0,"turns":4.0},{"damage":5.0,"enemies":"Blue Slaver","floor":6.0,"turns":3.0},{"damage":20.0,"enemies":"Lots of Slimes","floor":8.0,"turns":4.0},{"damage":8.0,"enemies":"3 Louse","floor":13.0,"turns":4.0},{"damage":11.0,"enemies":"2 Fungi Beasts","floor":14.0,"turns":6.0},{"damage":15.0,"enemies":"The Guardian","floor":16.0,"turns":12.0},{"damage":2,"enemies":"Chosen","floor":18,"turns":10},{"damage":4,"enemies":"2 Thieves","floor":22,"turns":5},{"damage":67,"enemies":"Book of Stabbing","floor":23,"turns":9}],"seed_played":"-3578090868276292099","potions_obtained":[{"floor":1.0,"key":"Fire Potion"},{"floor":8.0,"key":"Fire Potion"},{"floor":13.0,"key":"AttackPotion"},{"floor":14.0,"key":"Fire Potion"},{"floor":18,"key":"Swift Potion"}],"is_trial":false,"path_per_floor":["M","M","?","M","M","M","R","M","T","$","?","R","M","M","R","B",null,"M","?","?","$","M"],"character_chosen":"DEFECT","items_purchased":["FTL"],"campfire_rested":2,"item_purchase_floors":[10],"current_hp_per_floor":[72,62,55,55,43,38,60,40,40,40,40,40,42,41,63,58,75,75,75,61,61,67,0],"gold":101,"neow_bonus":"HUNDRED_GOLD","is_prod":false,"is_daily":false,"chose_seed":false,"campfire_upgraded":1,"win_rate":0,"timestamp":1535384235,"path_taken":["M","M","?","M","M","M","R","M","T","$","?","R","M","M","R","BOSS","M","?","?","$","?","E"],"build_version":"2018-08-23v2","purchased_purges":2,"victory":false,"max_hp_per_floor":[75,75,75,75,75,75,75,75,75,75,75,75,75,75,75,75,75,75,75,80,80,80,80],"card_choices":[{"not_picked":["Undo","Aggregate"],"picked":"Hologram","floor":1.0},{"not_picked":["Redo","Steam","Fusion"],"picked":"SKIP","floor":2.0},{"not_picked":["Steam","Genetic Algorithm"],"picked":"Go for the Eyes","floor":4.0},{"not_picked":["Static Discharge","Barrage"],"picked":"Auto Shields","floor":5.0},{"not_picked":["Rip and Tear","Fusion"],"picked":"Gash","floor":6.0},{"not_picked":["Beam Cell","Stack"],"picked":"Self Repair","floor":8.0},{"not_picked":["Compile Driver","Coolheaded"],"picked":"Buffer","floor":13.0},{"not_picked":["Redo","Hologram","Coolheaded"],"picked":"SKIP","floor":14.0},{"not_picked":["Rainbow","Fission"],"picked":"Reboot","floor":16.0},{"not_picked":["Sweeping Beam","Static Discharge+1"],"picked":"Leap","floor":18},{"not_picked":["Force Field","Beam Cell","Ball Lightning+1"],"picked":"SKIP","floor":22}],"player_experience":309031,"relics_obtained":[{"floor":9.0,"key":"Ornamental Fan"}],"event_choices":[{"event_name":"Golden Wing","player_choice":"Card Removal","floor":3.0,"damage_taken":0.0},{"event_name":"Shining Light","player_choice":"Ignored","floor":11.0,"damage_taken":0.0},{"event_name":"Bonfire Elementals","player_choice":"BASIC","floor":19,"damage_taken":0},{"event_name":"Forgotten Altar","player_choice":"Shed Blood","floor":20,"damage_taken":0}],"is_beta":false,"boss_relics":[{"not_picked":["White Beast Statue","Fusion Hammer"],"picked":"FrozenCore"}],"items_purged_floors":[10,21],"is_endless":false,"potions_floor_spawned":[1,8,13,14,16,18],"killed_by":"Book of Stabbing","ascension_level":3}