{"gold_per_floor":[116,116,116,141,80,80,100,100,100,14,34,49,49,82,94,202,214,241,174,195,213,1,1,1],"floor_reached":24,"playtime":1517,"items_purged":[],"score":392,"play_id":"1676dbbb-8427-46d3-a20f-8f5c70d5044c","local_time":"20190202151353","is_ascension_mode":true,"campfire_choices":[{"data":"Blade Dance","floor":6.0,"key":"SMITH"},{"data":"Neutralize","floor":8.0,"key":"SMITH"},{"floor":15.0,"key":"REST"},{"floor":23,"key":"REST"}],"neow_cost":"NONE","seed_source_timestamp":1634791318110962,"circlet_count":0,"master_deck":["AscendersBane","Defend_G","Defend_G","Defend_G","Defend_G","Defend_G","Strike_G","Strike_G","Strike_G","Strike_G","Survivor","Neutralize+1","Dagger Throw","Blade Dance+1","Acrobatics","Glass Knife+1","Accuracy","Acrobatics","Dagger Throw+1","Adrenaline","Backflip","Tactician","Cloak And Dagger+1","Leg Sweep","Apotheosis"],"special_seed":0,"relics":["Ring of the Snake","Vajra","Golden Idol","Molten Egg 2","MawBank","White Beast Statue"],"potions_floor_usage":[16,16,20,21,21,24],"damage_taken":[{"damage":9.0,"enemies":"Jaw Worm","floor":1.0,"turns":8.0},{"damage":7.0,"enemies":"Small Slimes","floor":4.0,"turns":3.0},{"damage":0.0,"enemies":"2 Louse","floor":7.0,"turns":2.0},{"damage":9.0,"enemies":"Lots of Slimes","floor":11.0,"turns":3.0},{"damage":0.0,"enemies":"Red Slaver","floor":12.0,"turns":2.0},{"damage":8.0,"enemies":"Gremlin Nob","floor":14.0,"turns":3.0},{"damage":17,"enemies":"Hexaghost","floor":16,"turns":9},{"damage":13,"enemies":"Spheric Guardian","floor":18,"turns":4},{"damage":4,"enemies":"Shell Parasite","floor":20,"turns":7},{"damage":28,"enemies":"Snake Plant","floor":21,"turns":5},{"damage":37,"enemies":"Gremlin Leader","floor":24,"turns":6}],"seed_played":"-610958616174466655","potions_obtained":[{"floor":4.0,"key":"Weak Potion"},{"floor":12.0,"key":"Strength Potion"},{"floor":16,"key":"GamblersBrew"},{"floor":18,"key":"EssenceOfSteel"},{"floor":20,"key":"GamblersBrew"},{"floor":21,"key":"GamblersBrew"}],"is_trial":false,"path_per_floor":["M","?","?","M","?","R","M","R","T","$","M","M","?","E","R","B",null,"M","$","M","M","$","R","E"],"character_chosen":"THE_SILENT","items_purchased":["Glass Knife+1","Tactician","Apotheosis"],"campfire_rested":2,"item_purchase_floors":[10,19,22],"current_hp_per_floor":[50,50,43,36,36,36,36,36,36,36,27,27,27,19,38,21,55,42,42,38,10,10,29,0],"gold":1,"neow_bonus":"RANDOM_COMMON_RELIC","is_prod":false,"is_daily":false,"chose_seed":false,"campfire_upgraded":2,"win_rate":0,"timestamp":1549142033,"path_taken":["M","?","?","M","?","R","M","R","T","$","M","?","?","E","R","BOSS","M","?","M","?","$","R","E"],"build_version":"2019-01-23","purchased_purges":0,"victory":false,"max_hp_per_floor":[66,66,66,66,66,66,66,66,66,66,66,66,66,66,66,66,66,66,66,66,66,66,66,66],"card_choices":[{"not_picked":["Outmaneuver","Deadly Poison"],"picked":"Dagger Throw","floor":1.0},{"not_picked":["Expertise","Outmaneuver"],"picked":"Blade Dance","floor":4.0},{"not_picked":["Underhanded Strike","Quick Slash"],"picked":"Acrobatics","floor":7.0},{"not_picked":["Bane+1","Riddle With Holes+1","Poisoned Stab+1"],"picked":"SKIP","floor":11.0},{"not_picked":["Deflect","Underhanded Strike+1"],"picked":"Accuracy","floor":12.0},{"not_picked":["Heel Hook+1","Bouncing Flask"],"picked":"Dagger Throw+1","floor":14.0},{"not_picked":["Envenom","Grand Finale+1"],"picked":"Adrenaline","floor":16},{"not_picked":["Poisoned Stab+1","Acrobatics"],"picked":"Backflip","floor":18},{"not_picked":["Calculated Gamble+1","Escape Plan"],"picked":"Cloak And Dagger+1","floor":20},{"not_picked":["Poisoned Stab+1","PiercingWail"],"picked":"Leg Sweep","floor":21}],"player_experience":678452,"relics_obtained":[{"floor":9.0,"key":"Molten Egg 2"},{"floor":14.0,"key":"MawBank"}],"event_choices":[{"damage_healed":0.0,"max_hp_gain":0.0,"max_hp_loss":0.0,"gold_gain":0.0,"event_name":"Golden Idol","player_choice":"Take Wound","floor":2.0,"gold_loss":0.0,"damage_taken":0.0,"relics_obtained":["Golden Idol"],"cards_obtained":["Injury"]},{"cards_removed":["Injury"],"damage_healed":0.0,"max_hp_gain":0.0,"max_hp_loss":0.0,"gold_gain":0.0,"event_name":"Golden Wing","player_choice":"Card Removal","floor":3.0,"gold_loss":0.0,"damage_taken":7.0},{"damage_healed":0.0,"max_hp_gain":0.0,"max_hp_loss":0.0,"gold_gain":0.0,"event_name":"World of Goop","player_choice":"Left Gold","floor":5.0,"gold_loss":61.0,"damage_taken":0.0},{"damage_healed":0.0,"max_hp_gain":0.0,"max_hp_loss":0.0,"gold_gain":0.0,"cards_transformed":["Strike_G"],"event_name":"Transmorgrifier","player_choice":"Transformed","floor":13.0,"gold_loss":0.0,"damage_taken":0.0,"cards_obtained":["Acrobatics"]}],"is_beta":false,"boss_relics":[{"not_picked":["Velvet Choker","Pandora\u0027s Box"],"picked":"White Beast Statue"}],"items_purged_floors":[],"is_endless":false,"potions_floor_spawned":[4,12,16,18,20,21],"killed_by":"Gremlin Leader","ascension_level":20}