{"path_per_floor":["M","?","?","M","$","R","E","R","T","M","R","T","M","M","R","B",null,"M","M"],"character_chosen":"IRONCLAD","items_purchased":["Armaments"],"gold_per_floor":[111,111,111,124,24,24,62,62,115,138,138,138,158,172,172,300,300,324,337,337],"floor_reached":20,"campfire_rested":1,"playtime":1566,"item_purchase_floors":[5],"current_hp_per_floor":[80,80,80,80,80,80,55,55,55,55,55,55,55,46,70,55,80,49,22,22],"items_purged":["Injury"],"gold":337,"score":174,"play_id":"2d2d22ee-431e-448a-b52e-22e926782ddb","local_time":"20180614222415","is_prod":false,"is_daily":false,"chose_seed":false,"is_ascension_mode":false,"campfire_upgraded":3,"win_rate":0.0,"timestamp":1529007855,"campfire_choices":[{"data":"Armaments","floor":6,"key":"SMITH"},{"data":"Armaments","floor":8,"key":"SMITH"},{"data":"Burning Pact","floor":11,"key":"SMITH"},{"floor":15,"key":"REST"}],"path_taken":["M","?","?","M","$","R","E","R","T","M","R","?","M","M","R","BOSS","M","M","M"],"build_version":"2018-06-07v3","seed_source_timestamp":593542110997550,"purchased_purges":1,"victory":false,"master_deck":["Strike_R","Strike_R","Strike_R","Strike_R","Strike_R","Defend_R","Defend_R","Defend_R","Defend_R","Bash","Armaments+1","Intimidate","Armaments+1","Armaments+1","Cleave","Burning Pact+1","Pommel Strike","Second Wind","Demon Form","Dual Wield+1","Dropkick"],"max_hp_per_floor":[80,80,80,80,80,80,80,80,80,80,80,80,80,80,80,80,80,80,80,80],"relics":["Black Blood","Golden Idol","Bag of Preparation","Happy Flower","Oddly Smooth Stone"],"card_choices":[{"not_picked":["Clothesline","Cleave"],"picked":"Armaments","floor":0},{"not_picked":["Body Slam","Clash"],"picked":"Intimidate","floor":1},{"not_picked":["Twin Strike","Flex"],"picked":"Armaments","floor":4},{"not_picked":["Shrug It Off","Clothesline"],"picked":"Cleave","floor":7},{"not_picked":["Headbutt","Clash"],"picked":"Burning Pact","floor":10},{"not_picked":["Twin Strike","Cleave"],"picked":"Pommel Strike","floor":13},{"not_picked":["Headbutt","Sever Soul"],"picked":"Second Wind","floor":14},{"not_picked":["Barricade","Juggernaut"],"picked":"Demon Form","floor":16},{"not_picked":["Thunderclap","Combust"],"picked":"Dual Wield+1","floor":18},{"not_picked":["Combust","Flex"],"picked":"Dropkick","floor":19}],"player_experience":5153,"potions_floor_usage":[7,16,16,16,16,16],"damage_taken":[{"damage":2,"enemies":"Small Slimes","floor":1,"turns":4},{"damage":0,"enemies":"Cultist","floor":4,"turns":4},{"damage":31,"enemies":"Lagavulin","floor":7,"turns":10},{"damage":6,"enemies":"2 Louse","floor":10,"turns":3},{"damage":6,"enemies":"Blue Slaver","floor":13,"turns":4},{"damage":15,"enemies":"Large Slime","floor":14,"turns":6},{"damage":21,"enemies":"Slime Boss","floor":16,"turns":10},{"damage":41,"enemies":"3 Byrds","floor":18,"turns":7},{"damage":37,"enemies":"Shell Parasite","floor":19,"turns":7},{"damage":0,"enemies":"Centurion and Healer","floor":20,"turns":2}],"relics_obtained":[{"floor":7,"key":"Bag of Preparation"},{"floor":9,"key":"Happy Flower"},{"floor":12,"key":"Oddly Smooth Stone"}],"event_choices":[{"event_name":"Accursed Blacksmith","player_choice":"Forge","floor":2,"damage_taken":0},{"event_name":"Golden Idol","player_choice":"Take Wound","floor":3,"damage_taken":0}],"boss_relics":[{"not_picked":["Runic Dome","Runic Cube"],"picked":"Black Blood"}],"items_purged_floors":[5],"potions_floor_spawned":[4,7,14],"seed_played":"738835247087320168","killed_by":"Centurion and Healer","ascension_level":0,"potions_obtained":[{"floor":4,"key":"FearPotion"},{"floor":7,"key":"Fire Potion"},{"floor":14,"key":"EntropicBrew"}],"is_trial":false}