{"gold_per_floor":[366,44,60,80,98,114,114,439,469,49,68,68,68],"floor_reached":13,"playtime":872,"items_purged":["Normality"],"score":91,"play_id":"a62f42c9-a1f2-4558-b827-3c2cba43b5cf","local_time":"20190127093956","is_ascension_mode":true,"campfire_choices":[{"data":"True Grit","floor":7,"key":"SMITH"}],"neow_cost":"CURSE","seed_source_timestamp":627640283110231,"circlet_count":0,"master_deck":["Strike_R","Strike_R","Strike_R","Strike_R","Strike_R","Defend_R","Defend_R","Defend_R","Defend_R","Bash","Warcry","Power Through","True Grit+1","Second Wind","Pummel+1","Spot Weakness","Inflame","True Grit","Disarm"],"relics":["Burning Blood","Molten Egg 2","Old Coin","Tiny Chest","Calipers"],"potions_floor_usage":[8],"damage_taken":[{"damage":6,"enemies":"Cultist","floor":1,"turns":3},{"damage":25,"enemies":"Jaw Worm","floor":3,"turns":5},{"damage":4,"enemies":"Small Slimes","floor":4,"turns":4},{"damage":38,"enemies":"Gremlin Gang","floor":5,"turns":10},{"damage":18,"enemies":"Large Slime","floor":6,"turns":9},{"damage":16,"enemies":"3 Sentries","floor":8,"turns":18},{"damage":0,"enemies":"Looter","floor":11,"turns":3},{"damage":16,"enemies":"Lagavulin","floor":13,"turns":8}],"seed_played":"-7889472107180276627","potions_obtained":[{"floor":1,"key":"EssenceOfSteel"},{"floor":5,"key":"SteroidPotion"}],"is_trial":false,"path_per_floor":["M","$","M","M","M","M","R","E","T","$","M","?","E"],"character_chosen":"IRONCLAD","items_purchased":["Molten Egg 2","Inflame","True Grit","Calipers"],"campfire_rested":0,"item_purchase_floors":[2,10,10,10],"current_hp_per_floor":[80,80,61,63,31,19,19,9,9,9,15,15,0],"gold":68,"neow_bonus":"TWO_FIFTY_GOLD","is_prod":false,"is_daily":false,"chose_seed":false,"campfire_upgraded":1,"win_rate":0,"timestamp":1548599996,"path_taken":["M","$","M","M","M","?","R","E","T","?","M","?","E"],"build_version":"2019-01-23","purchased_purges":1,"victory":false,"max_hp_per_floor":[80,80,80,80,80,80,80,80,80,80,80,80,80],"card_choices":[{"not_picked":["Pommel Strike","Twin Strike"],"picked":"Warcry","floor":1},{"not_picked":["Combust","Carnage+1"],"picked":"Power Through","floor":3},{"not_picked":["Fire Breathing","Headbutt+1"],"picked":"True Grit","floor":4},{"not_picked":["Wild Strike+1","Headbutt+1"],"picked":"Second Wind","floor":5},{"not_picked":["Clash+1","Corruption"],"picked":"Pummel+1","floor":6},{"not_picked":["Warcry","Sever Soul+1"],"picked":"Spot Weakness","floor":8},{"not_picked":["Pommel Strike+1","Twin Strike+1"],"picked":"Disarm","floor":11}],"player_experience":120747,"relics_obtained":[{"floor":8,"key":"Old Coin"},{"floor":9,"key":"Tiny Chest"}],"event_choices":[{"damage_healed":0,"gold_gain":0,"player_choice":"Ignored","damage_taken":0,"max_hp_gain":0,"max_hp_loss":0,"event_name":"Liars Game","floor":12,"gold_loss":0}],"is_beta":false,"boss_relics":[],"items_purged_floors":[2],"is_endless":false,"potions_floor_spawned":[1,5],"killed_by":"Lagavulin","ascension_level":1}