{"gold_per_floor":[109,127,127,138,158,188,203,221,293,325,22,22,35,54,54,149,149,160,160,160,177,102,102,116,144,144,160,126,136,136,166,166,166],"floor_reached":33,"playtime":2175,"items_purged":[],"score":301,"play_id":"7e9c7065-0ab4-4b20-8343-4972b990a7c9","local_time":"20181130170702","is_ascension_mode":false,"campfire_choices":[{"floor":15,"key":"REST"},{"data":"Inflame","floor":23,"key":"SMITH"},{"floor":30,"key":"REST"},{"floor":32,"key":"REST"}],"neow_cost":"NONE","seed_source_timestamp":1366370468126549,"circlet_count":0,"master_deck":["Strike_R","Strike_R","Strike_R","Strike_R","Defend_R","Defend_R+1","Defend_R+1","Defend_R","Wild Strike","Warcry","Twin Strike","Twin Strike","Flex+1","Feel No Pain","Blood for Blood","Cleave+1","Bludgeon+1","Carnage+1","Inflame+1","Perfected Strike+1","Ghostly Armor","Reckless Charge+1","Ghostly Armor","Seeing Red","Flex","Wild Strike+1"],"relics":["Burning Blood","War Paint","Molten Egg 2","Oddly Smooth Stone","Red Skull","Anchor","Eternal Feather","Pocketwatch","Mercury Hourglass","Dream Catcher"],"potions_floor_usage":[4,5,10,21,24,33],"damage_taken":[{"damage":1,"enemies":"Cultist","floor":1,"turns":3},{"damage":5,"enemies":"Small Slimes","floor":2,"turns":5},{"damage":1,"enemies":"Jaw Worm","floor":4,"turns":4},{"damage":2,"enemies":"Lots of Slimes","floor":5,"turns":5},{"damage":38,"enemies":"3 Sentries","floor":6,"turns":10},{"damage":2,"enemies":"Looter","floor":7,"turns":3},{"damage":8,"enemies":"2 Fungi Beasts","floor":8,"turns":3},{"damage":37,"enemies":"Lagavulin","floor":10,"turns":6},{"damage":1,"enemies":"Exordium Thugs","floor":13,"turns":3},{"damage":0,"enemies":"Large Slime","floor":14,"turns":3},{"damage":58,"enemies":"Slime Boss","floor":16,"turns":7},{"damage":15,"enemies":"2 Thieves","floor":18,"turns":4},{"damage":15,"enemies":"Chosen","floor":21,"turns":5},{"damage":10,"enemies":"Snake Plant","floor":24,"turns":3},{"damage":63,"enemies":"Book of Stabbing","floor":25,"turns":6},{"damage":0,"enemies":"Cultist and Chosen","floor":27,"turns":4},{"damage":10,"enemies":"Sentry and Sphere","floor":29,"turns":3},{"damage":27,"enemies":"Slavers","floor":31,"turns":4},{"damage":93,"enemies":"Champ","floor":33,"turns":8}],"seed_played":"1446922013965168781","potions_obtained":[{"floor":1,"key":"SpeedPotion"},{"floor":4,"key":"Dexterity Potion"},{"floor":8,"key":"Explosive Potion"},{"floor":16,"key":"BloodPotion"},{"floor":18,"key":"SpeedPotion"},{"floor":25,"key":"FearPotion"}],"is_trial":false,"path_per_floor":["M","M","?","M","M","E","M","M","T","E","$","?","M","M","R","B",null,"M","?","?","M","?","R","M","E","T","M","$","M","R","E","R","B"],"character_chosen":"IRONCLAD","items_purchased":["Red Skull","Anchor","Ghostly Armor"],"campfire_rested":3,"item_purchase_floors":[11,11,28],"current_hp_per_floor":[88,88,88,88,88,56,60,58,58,27,27,27,32,38,64,12,88,79,79,79,78,78,87,83,26,26,32,32,28,66,45,86,0],"gold":166,"neow_bonus":"TEN_PERCENT_HP_BONUS","is_prod":false,"is_daily":false,"chose_seed":false,"campfire_upgraded":1,"win_rate":0,"timestamp":1543594022,"path_taken":["M","?","?","?","M","E","M","M","T","E","$","?","?","M","R","BOSS","M","?","?","?","?","R","M","E","T","M","?","M","R","E","R","BOSS"],"build_version":"2018-11-15","purchased_purges":0,"victory":false,"max_hp_per_floor":[88,88,88,88,88,88,88,88,88,88,88,88,88,88,88,88,88,88,88,88,88,88,88,88,88,88,88,88,88,88,88,88,88],"card_choices":[{"not_picked":["Battle Trance","Headbutt","Sword Boomerang"],"picked":"SKIP","floor":1},{"not_picked":["Rampage","Armaments"],"picked":"Wild Strike","floor":2},{"not_picked":["Shrug It Off","Clash"],"picked":"Twin Strike","floor":4},{"not_picked":["Shrug It Off","Sentinel"],"picked":"Twin Strike","floor":5},{"not_picked":["Whirlwind","Wild Strike"],"picked":"Flex","floor":6},{"not_picked":["Thunderclap","Rupture"],"picked":"Feel No Pain","floor":7},{"not_picked":["Seeing Red","Body Slam"],"picked":"Blood for Blood","floor":8},{"not_picked":["Disarm","Thunderclap+1","Second Wind"],"picked":"SKIP","floor":10},{"not_picked":["Evolve","Rupture","Anger+1"],"picked":"SKIP","floor":13},{"not_picked":["Rampage+1","Infernal Blade"],"picked":"Cleave+1","floor":14},{"not_picked":["Offering","Double Tap"],"picked":"Bludgeon+1","floor":16},{"not_picked":["Havoc","Sword Boomerang+1"],"picked":"Carnage+1","floor":18},{"not_picked":["Headbutt+1","Sword Boomerang+1"],"picked":"Inflame","floor":21},{"not_picked":["True Grit","Searing Blow+1"],"picked":"Perfected Strike+1","floor":24},{"not_picked":["True Grit","Thunderclap+1"],"picked":"Ghostly Armor","floor":25},{"not_picked":["Dark Embrace","Armaments"],"picked":"Reckless Charge+1","floor":27},{"not_picked":["Warcry+1","Battle Trance"],"picked":"Seeing Red","floor":29},{"not_picked":["Body Slam+1","Infernal Blade"],"picked":"Flex","floor":31},{"not_picked":["Twin Strike+1","Flame Barrier"],"picked":"Wild Strike+1","floor":32}],"player_experience":119018,"relics_obtained":[{"floor":6,"key":"War Paint"},{"floor":9,"key":"Molten Egg 2"},{"floor":10,"key":"Oddly Smooth Stone"},{"floor":25,"key":"Pocketwatch"},{"floor":26,"key":"Mercury Hourglass"},{"floor":31,"key":"Dream Catcher"}],"event_choices":[{"damage_healed":0,"gold_gain":0,"cards_transformed":["Bash"],"player_choice":"Transformed","damage_taken":0,"max_hp_gain":0,"max_hp_loss":0,"event_name":"Transmorgrifier","floor":3,"gold_loss":0,"cards_obtained":["Warcry"]},{"damage_healed":0,"gold_gain":0,"player_choice":"Forge","damage_taken":0,"max_hp_gain":0,"max_hp_loss":0,"event_name":"Accursed Blacksmith","floor":12,"gold_loss":0,"cards_upgraded":["Flex"]},{"damage_healed":0,"gold_gain":0,"player_choice":"Ignored","damage_taken":0,"max_hp_gain":0,"max_hp_loss":0,"event_name":"Vampires","floor":19,"gold_loss":0},{"damage_healed":0,"gold_gain":0,"player_choice":"Ignored","damage_taken":0,"max_hp_gain":0,"max_hp_loss":0,"event_name":"NoteForYourself","floor":20,"gold_loss":0},{"cards_removed":["Strike_R"],"damage_healed":0,"gold_gain":0,"player_choice":"Gave Gold","damage_taken":0,"max_hp_gain":0,"max_hp_loss":0,"event_name":"Beggar","floor":22,"gold_loss":75}],"is_beta":false,"boss_relics":[{"not_picked":["Astrolabe","Runic Cube"],"picked":"Eternal Feather"}],"items_purged_floors":[],"is_endless":false,"potions_floor_spawned":[1,4,8,16,18,25],"killed_by":"Champ","ascension_level":0}