{"gold_per_floor":[111,111,61,61,61,132,132,157,157,190,215,215,238,277,277,406,406,421,421,87,47,62,97,97,115,140,55,55],"floor_reached":28,"playtime":992,"items_purged":["Aggregate"],"score":335,"play_id":"eb87222f-1d3f-45f3-a215-5b7b9353c69f","local_time":"20190119014410","is_ascension_mode":true,"campfire_choices":[{"data":"Zap","floor":7,"key":"SMITH"},{"floor":12,"key":"REST"},{"floor":15,"key":"REST"},{"data":"White Noise","floor":24,"key":"SMITH"}],"neow_cost":"NONE","seed_source_timestamp":700876755800503,"circlet_count":0,"master_deck":["Zap+1","Dualcast+1","Coolheaded","Gash","Electrodynamics","Machine Learning","Chill","Rainbow","Conserve Battery","Static Discharge","Heatsinks","Electrodynamics","Redo+1","FTL","Tempest+1","White Noise+1","Beam Cell+1","Coolheaded+1"],"relics":["Cracked Core","NeowsBlessing","Golden Idol","Tiny Chest","Ice Cream","Orichalcum","StoneCalendar","Pandora\u0027s Box","Frozen Egg 2","Prayer Wheel","Bronze Scales","Art of War"],"potions_floor_usage":[10,23],"damage_taken":[{"damage":0,"enemies":"Small Slimes","floor":1,"turns":1},{"damage":0,"enemies":"Gremlin Nob","floor":6,"turns":1},{"damage":0,"enemies":"2 Louse","floor":8,"turns":1},{"damage":20,"enemies":"3 Sentries","floor":10,"turns":8},{"damage":5,"enemies":"Jaw Worm","floor":11,"turns":4},{"damage":7,"enemies":"Blue Slaver","floor":13,"turns":4},{"damage":25,"enemies":"Gremlin Nob","floor":14,"turns":5},{"damage":39,"enemies":"Hexaghost","floor":16,"turns":9},{"damage":3,"enemies":"Chosen","floor":18,"turns":4},{"damage":1,"enemies":"3 Byrds","floor":22,"turns":3},{"damage":26,"enemies":"Book of Stabbing","floor":23,"turns":4},{"damage":28,"enemies":"Snake Plant","floor":25,"turns":2},{"damage":30,"enemies":"Gremlin Leader","floor":28,"turns":2}],"seed_played":"4511836360065980051","potions_obtained":[{"floor":6,"key":"Explosive Potion"},{"floor":10,"key":"Swift Potion"},{"floor":16,"key":"Poison Potion"},{"floor":18,"key":"Ancient Potion"},{"floor":23,"key":"AttackPotion"}],"is_trial":false,"path_per_floor":["M","?","?","?","$","E","R","M","T","E","M","R","M","E","R","B",null,"M","?","$","?","M","E","R","M","T","?","E"],"character_chosen":"DEFECT","items_purchased":["Frozen Egg 2"],"campfire_rested":2,"item_purchase_floors":[20],"current_hp_per_floor":[75,57,57,62,62,62,62,62,62,42,37,61,54,29,53,14,80,77,77,77,77,76,50,50,22,22,22,0],"gold":55,"neow_bonus":"THREE_ENEMY_KILL","is_prod":false,"is_daily":false,"chose_seed":false,"campfire_upgraded":2,"win_rate":0,"timestamp":1547874850,"path_taken":["M","?","?","?","?","E","R","M","T","E","M","R","?","E","R","BOSS","M","?","$","?","M","E","R","?","T","?","E"],"build_version":"2019-01-17v2","purchased_purges":1,"victory":false,"max_hp_per_floor":[75,75,75,80,80,80,80,80,80,80,80,80,80,80,80,80,80,80,80,80,80,80,80,80,80,80,80,80],"card_choices":[{"not_picked":["Ball Lightning","Hologram","Barrage"],"picked":"SKIP","floor":1},{"not_picked":["Compile Driver","Reinforced Body"],"picked":"Coolheaded","floor":6},{"not_picked":["Ball Lightning","Hologram","Compile Driver"],"picked":"SKIP","floor":8},{"not_picked":["Barrage","Beam Cell","Leap"],"picked":"SKIP","floor":10},{"not_picked":["Compile Driver","Static Discharge","Streamline"],"picked":"SKIP","floor":11},{"not_picked":["Compile Driver","Chill"],"picked":"Gash","floor":13},{"not_picked":["Stack","BootSequence"],"picked":"Electrodynamics","floor":14},{"not_picked":["Creative AI","All For One"],"picked":"Machine Learning","floor":16},{"not_picked":["Streamline","Cold Snap"],"picked":"Redo+1","floor":18},{"not_picked":["Compile Driver","Sweeping Beam"],"picked":"Tempest+1","floor":22},{"not_picked":["Rebound","Gash"],"picked":"White Noise","floor":23},{"not_picked":["Stack+1","Thunder Strike"],"picked":"Beam Cell+1","floor":25},{"not_picked":["Coolheaded+1","Stack","Sweeping Beam"],"picked":"SKIP","floor":25},{"not_picked":["Stack","Sweeping Beam"],"picked":"Coolheaded+1","floor":25}],"player_experience":174248,"relics_obtained":[{"floor":6,"key":"Tiny Chest"},{"floor":9,"key":"Ice Cream"},{"floor":10,"key":"Orichalcum"},{"floor":14,"key":"StoneCalendar"},{"floor":23,"key":"Prayer Wheel"},{"floor":26,"key":"Bronze Scales"}],"event_choices":[{"damage_healed":0,"gold_gain":0,"player_choice":"Take Damage","damage_taken":18,"relics_obtained":["Golden Idol"],"max_hp_gain":0,"max_hp_loss":0,"event_name":"Golden Idol","floor":2,"gold_loss":0},{"cards_removed":["Defend_B"],"damage_healed":0,"gold_gain":0,"player_choice":"Card Removal","damage_taken":0,"max_hp_gain":0,"max_hp_loss":0,"event_name":"The Cleric","floor":3,"gold_loss":50},{"damage_healed":0,"gold_gain":0,"player_choice":"Donut","damage_taken":0,"max_hp_gain":5,"max_hp_loss":0,"event_name":"Big Fish","floor":4,"gold_loss":0},{"damage_healed":0,"gold_gain":0,"player_choice":"Read","damage_taken":0,"max_hp_gain":0,"max_hp_loss":0,"event_name":"The Library","floor":19,"gold_loss":0,"cards_obtained":["FTL"]},{"damage_healed":0,"gold_gain":0,"player_choice":"Upgrade","damage_taken":0,"max_hp_gain":0,"max_hp_loss":0,"event_name":"Designer","floor":21,"gold_loss":40,"cards_upgraded":["Dualcast"]},{"damage_healed":0,"gold_gain":0,"player_choice":"Obtained Relic","damage_taken":0,"relics_obtained":["Art of War"],"max_hp_gain":0,"max_hp_loss":0,"event_name":"Addict","floor":27,"gold_loss":85}],"is_beta":false,"boss_relics":[{"not_picked":["Eternal Feather","Coffee Dripper"],"picked":"Pandora\u0027s Box"}],"items_purged_floors":[20],"is_endless":false,"potions_floor_spawned":[6,10,16,18,23],"killed_by":"Gremlin Leader","ascension_level":4}