{"path_per_floor":["M","?","M","M","M","R","M","E","T","M","R","M","R","E","R","B",null,"M","$","M","M","M","R","E","M","T","T","?","M","R","M","R"],"character_chosen":"IRONCLAD","items_purchased":["Happy Flower","Panache"],"gold_per_floor":[109,109,128,138,157,157,167,197,197,210,210,222,222,252,252,352,352,371,44,59,70,83,83,114,128,128,128,128,146,146,165,165,165],"floor_reached":33,"campfire_rested":2,"playtime":2664,"item_purchase_floors":[19,19],"current_hp_per_floor":[78,62,61,67,61,61,51,36,36,45,69,71,71,40,64,16,80,70,70,64,61,56,56,47,42,42,42,42,43,43,50,50,0],"items_purged":[],"gold":165,"score":308,"play_id":"6f3052ee-888a-4ec6-ac8a-4830f991ffd4","local_time":"20180614211555","is_prod":false,"is_daily":false,"chose_seed":false,"is_ascension_mode":false,"campfire_upgraded":5,"win_rate":0.0,"timestamp":1529003755,"campfire_choices":[{"data":"Perfected Strike","floor":6,"key":"SMITH"},{"floor":11,"key":"REST"},{"data":"Whirlwind","floor":13,"key":"SMITH"},{"floor":15,"key":"REST"},{"data":"Armaments","floor":23,"key":"SMITH"},{"data":"Perfected Strike","floor":30,"key":"SMITH"},{"data":"Seeing Red","floor":32,"key":"SMITH"}],"path_taken":["M","?","M","M","M","R","M","E","T","?","R","M","R","E","R","BOSS","M","?","M","M","M","R","E","?","T","?","?","M","R","M","R","BOSS"],"build_version":"2018-06-07v3","seed_source_timestamp":588333886915194,"purchased_purges":0,"victory":false,"master_deck":["Defend_R","Defend_R","Defend_R","Defend_R","Bash+1","Ghostly Armor","Second Wind","Sword Boomerang","Perfected Strike+1","Sword Boomerang+1","Whirlwind+1","Perfected Strike+1","Searing Blow","Seeing Red+1","Bludgeon","Inflame+1","Panache","Clothesline","Sword Boomerang+1","Armaments+1","Feel No Pain+1","Carnage","Bite","Bite","Bite","Bite","Bite","Flex","Twin Strike"],"max_hp_per_floor":[80,80,80,80,80,80,80,80,80,80,80,80,80,80,80,80,80,80,80,80,80,80,80,80,80,80,80,56,56,56,56,56,56],"relics":["Burning Blood","Magic Flower","Pantograph","Kunai","Sozu","Happy Flower","Meat on the Bone","Letter Opener","Whetstone"],"card_choices":[{"not_picked":["Corruption","Bloodletting"],"picked":"Ghostly Armor","floor":1},{"not_picked":["Clothesline","Thunderclap"],"picked":"Second Wind","floor":3},{"not_picked":["Clothesline","Dropkick"],"picked":"Sword Boomerang","floor":4},{"not_picked":["Anger","Rupture"],"picked":"Perfected Strike","floor":5},{"not_picked":["Iron Wave","Battle Trance"],"picked":"Sword Boomerang","floor":7},{"not_picked":["Searing Blow","Impervious"],"picked":"Whirlwind","floor":8},{"not_picked":["Burning Pact","Clash"],"picked":"Perfected Strike","floor":10},{"not_picked":["Power Through","Warcry"],"picked":"Searing Blow","floor":12},{"not_picked":["Berserk","Clash"],"picked":"Seeing Red","floor":14},{"not_picked":["Fiend Fire","Barricade"],"picked":"Bludgeon","floor":16},{"not_picked":["Body Slam","True Grit+1"],"picked":"Inflame+1","floor":18},{"not_picked":["Warcry","Perfected Strike"],"picked":"Clothesline","floor":20},{"not_picked":["Dropkick+1","Body Slam+1"],"picked":"Sword Boomerang","floor":21},{"not_picked":["Dropkick+1","Pommel Strike"],"picked":"Armaments","floor":22},{"not_picked":["Shrug It Off","Rupture"],"picked":"Feel No Pain+1","floor":24},{"not_picked":["Searing Blow","Bloodletting+1"],"picked":"Carnage","floor":25},{"not_picked":["Dropkick+1","True Grit"],"picked":"Flex","floor":29},{"not_picked":["Clothesline","Body Slam"],"picked":"Twin Strike","floor":31}],"player_experience":0,"potions_floor_usage":[8,8,16,16,16,18],"damage_taken":[{"damage":8,"enemies":"Jaw Worm","floor":1,"turns":3},{"damage":7,"enemies":"2 Louse","floor":3,"turns":3},{"damage":0,"enemies":"Small Slimes","floor":4,"turns":3},{"damage":12,"enemies":"Exordium Thugs","floor":5,"turns":4},{"damage":16,"enemies":"Lots of Slimes","floor":7,"turns":5},{"damage":21,"enemies":"3 Sentries","floor":8,"turns":8},{"damage":0,"enemies":"Large Slime","floor":10,"turns":5},{"damage":7,"enemies":"3 Louse","floor":12,"turns":2},{"damage":40,"enemies":"Lagavulin","floor":14,"turns":6},{"damage":73,"enemies":"The Guardian","floor":16,"turns":8},{"damage":19,"enemies":"Spheric Guardian","floor":18,"turns":4},{"damage":15,"enemies":"Shell Parasite","floor":20,"turns":4},{"damage":12,"enemies":"Snake Plant","floor":21,"turns":3},{"damage":14,"enemies":"Snecko","floor":22,"turns":4},{"damage":18,"enemies":"Book of Stabbing","floor":24,"turns":4},{"damage":32,"enemies":"Centurion and Healer","floor":25,"turns":7},{"damage":40,"enemies":"Sentry and Sphere","floor":29,"turns":6},{"damage":13,"enemies":"Cultist and Chosen","floor":31,"turns":6},{"damage":73,"enemies":"Champ","floor":33,"turns":9}],"relics_obtained":[{"floor":8,"key":"Magic Flower"},{"floor":9,"key":"Pantograph"},{"floor":14,"key":"Kunai"},{"floor":24,"key":"Meat on the Bone"},{"floor":26,"key":"Letter Opener"},{"floor":27,"key":"Whetstone"}],"event_choices":[{"event_name":"Shining Light","player_choice":"Entered Light","floor":2,"damage_taken":0},{"event_name":"Vampires","player_choice":"Became a vampire","floor":28,"damage_taken":0}],"boss_relics":[{"not_picked":["Tiny House","Snecko Eye"],"picked":"Sozu"}],"items_purged_floors":[],"potions_floor_spawned":[1,4,5,10,14,16,18,20,22,25,31],"seed_played":"6233968017196302479","killed_by":"Champ","ascension_level":0,"potions_obtained":[{"floor":1,"key":"FearPotion"},{"floor":4,"key":"SneckoOil"},{"floor":5,"key":"Block Potion"},{"floor":10,"key":"Weak Potion"},{"floor":14,"key":"LiquidBronze"},{"floor":16,"key":"Ancient Potion"}],"is_trial":false}