{"gold_per_floor":[113,113,113,288,288,288,298,298,298,326,4,32,50,66,66,171,171,140,8,26,26,26,60,70,70],"floor_reached":25,"playtime":1366,"items_purged":[],"score":346,"play_id":"5bd3c49a-20cb-45ea-880b-3ab3f8aa1ef0","local_time":"20190114121320","is_ascension_mode":true,"campfire_choices":[{"data":"Neutralize","floor":6,"key":"SMITH"},{"floor":8,"key":"REST"},{"data":"Prepared","floor":15,"key":"SMITH"}],"neow_cost":"NONE","seed_source_timestamp":3241294408861417,"circlet_count":0,"master_deck":["Defend_G","Defend_G","Defend_G","Defend_G+1","Defend_G","Strike_G","Strike_G+1","Strike_G+1","Strike_G","Strike_G","Survivor+1","Neutralize+1","Doubt","Poisoned Stab","Phantasmal Killer","Infinite Blades","Prepared+1","Dodge and Roll","Caltrops","Adrenaline","Deadly Poison","Caltrops","Deadly Poison","After Image","Decay","Caltrops"],"relics":["Ring of the Snake","Whetstone","FaceOfCleric","Paper Crane","FossilizedHelix","Darkstone Periapt","Anchor","Coffee Dripper","Bronze Scales"],"potions_floor_usage":[12,12,16,18,24],"damage_taken":[{"damage":7,"enemies":"Small Slimes","floor":1,"turns":3},{"damage":0,"enemies":"2 Louse","floor":7,"turns":2},{"damage":16,"enemies":"Gremlin Nob","floor":10,"turns":5},{"damage":17,"enemies":"3 Sentries","floor":12,"turns":9},{"damage":0,"enemies":"Cultist","floor":13,"turns":3},{"damage":0,"enemies":"Looter","floor":14,"turns":3},{"damage":44,"enemies":"Slime Boss","floor":16,"turns":11},{"damage":1,"enemies":"2 Thieves","floor":18,"turns":5},{"damage":7,"enemies":"Shell Parasite","floor":20,"turns":5},{"damage":77,"enemies":"Gremlin Leader","floor":23,"turns":7},{"damage":0,"enemies":"Chosen and Byrds","floor":24,"turns":6},{"damage":31,"enemies":"3 Cultists","floor":25,"turns":4}],"seed_played":"-4889501243408725421","potions_obtained":[{"floor":1,"key":"Energy Potion"},{"floor":10,"key":"Regen Potion"},{"floor":12,"key":"GhostInAJar"},{"floor":14,"key":"SteroidPotion"},{"floor":20,"key":"Ancient Potion"},{"floor":24,"key":"Fruit Juice"}],"is_trial":false,"path_per_floor":["M","?","?","?","?","R","M","R","T","E","$","E","M","M","R","B",null,"M","$","M","?","?","E","M","M"],"character_chosen":"THE_SILENT","items_purchased":["Darkstone Periapt","Infinite Blades","Caltrops","Deadly Poison"],"campfire_rested":1,"item_purchase_floors":[11,11,19,19],"current_hp_per_floor":[56,61,46,46,46,46,47,69,69,54,54,53,54,55,55,12,64,64,64,58,83,89,13,19,0],"gold":70,"neow_bonus":"RANDOM_COMMON_RELIC","is_prod":false,"is_daily":false,"chose_seed":false,"campfire_upgraded":2,"win_rate":0,"timestamp":1547464400,"path_taken":["M","?","?","?","?","R","M","R","T","E","$","E","M","M","R","BOSS","M","$","M","?","?","E","M","M"],"build_version":"2019-01-10","purchased_purges":0,"victory":false,"max_hp_per_floor":[70,75,75,75,75,75,76,76,76,77,77,78,79,80,80,81,81,82,82,83,83,89,90,96,96],"card_choices":[{"not_picked":["Crippling Poison","Tactician","Acrobatics"],"picked":"SKIP","floor":1},{"not_picked":["Acrobatics","Cloak And Dagger"],"picked":"Poisoned Stab","floor":7},{"not_picked":["Setup","Acrobatics"],"picked":"Phantasmal Killer","floor":10},{"not_picked":["Tactician","Accuracy"],"picked":"Prepared","floor":12},{"not_picked":["Sucker Punch","Outmaneuver"],"picked":"Dodge and Roll","floor":13},{"not_picked":["Blur","Prepared"],"picked":"Caltrops","floor":14},{"not_picked":["Grand Finale","Venomology"],"picked":"Adrenaline","floor":16},{"not_picked":["Underhanded Strike","Bane"],"picked":"Deadly Poison","floor":18},{"not_picked":["Eviscerate+1","Blur"],"picked":"After Image","floor":20},{"not_picked":["Quick Slash","Eviscerate","Finisher"],"picked":"SKIP","floor":23},{"not_picked":["Bane+1","Outmaneuver+1"],"picked":"Caltrops","floor":24}],"player_experience":727914,"relics_obtained":[{"floor":9,"key":"Paper Crane"},{"floor":10,"key":"FossilizedHelix"},{"floor":12,"key":"Anchor"},{"floor":23,"key":"Bronze Scales"}],"event_choices":[{"damage_healed":0,"gold_gain":0,"player_choice":"Donut","damage_taken":0,"max_hp_gain":5,"max_hp_loss":0,"event_name":"Big Fish","floor":2,"gold_loss":0},{"damage_healed":0,"gold_gain":0,"player_choice":"Entered Light","damage_taken":15,"max_hp_gain":0,"max_hp_loss":0,"event_name":"Shining Light","floor":3,"gold_loss":0,"cards_upgraded":["Defend_G","Survivor"]},{"damage_healed":0,"gold_gain":175,"player_choice":"AGREE","damage_taken":0,"max_hp_gain":0,"max_hp_loss":0,"event_name":"Liars Game","floor":4,"gold_loss":0,"cards_obtained":["Doubt"]},{"damage_healed":0,"gold_gain":0,"player_choice":"Trade","damage_taken":0,"relics_obtained":["FaceOfCleric"],"max_hp_gain":0,"max_hp_loss":0,"event_name":"FaceTrader","floor":5,"gold_loss":0},{"damage_healed":27,"gold_gain":0,"player_choice":"Heal","damage_taken":0,"max_hp_gain":0,"max_hp_loss":0,"event_name":"The Library","floor":21,"gold_loss":0},{"damage_healed":0,"gold_gain":0,"player_choice":"Smashed Altar","damage_taken":0,"max_hp_gain":0,"max_hp_loss":0,"event_name":"Forgotten Altar","floor":22,"gold_loss":0,"cards_obtained":["Decay"]}],"is_beta":false,"boss_relics":[{"not_picked":["Snecko Eye","Runic Dome"],"picked":"Coffee Dripper"}],"items_purged_floors":[],"is_endless":false,"potions_floor_spawned":[1,10,12,14,20,24],"killed_by":"3 Cultists","ascension_level":8}