{"gold_per_floor":[114,64,44,44,61,61,92,112,136,167,117,117,133,151,151,256,256,270,270,270],"floor_reached":20,"playtime":861,"items_purged":["Strike_R"],"score":191,"play_id":"87569ea1-5c1e-431a-82cf-99546b1f8e78","local_time":"20190107210833","is_ascension_mode":true,"campfire_choices":[{"data":"Armaments","floor":6,"key":"SMITH"},{"data":"Reaper","floor":12,"key":"SMITH"},{"floor":15,"key":"REST"}],"neow_cost":"NONE","seed_source_timestamp":34683567613339,"circlet_count":0,"master_deck":["Strike_R","Defend_R","Defend_R","Bash","Iron Wave","Armaments+1","Reaper+1","Pommel Strike","Cleave","Fire Breathing","Immolate","Hemokinesis+1","Sentinel+1","Sentinel+1","Clash+1"],"relics":["Burning Blood","Bag of Marbles","Smiling Mask","Potion Belt","Astrolabe"],"potions_floor_usage":[],"damage_taken":[{"damage":2,"enemies":"Small Slimes","floor":1,"turns":4},{"damage":1,"enemies":"Jaw Worm","floor":5,"turns":5},{"damage":26,"enemies":"Lagavulin","floor":7,"turns":10},{"damage":1,"enemies":"Cultist","floor":8,"turns":4},{"damage":31,"enemies":"3 Sentries","floor":10,"turns":12},{"damage":42,"enemies":"Exordium Thugs","floor":13,"turns":7},{"damage":5,"enemies":"Gremlin Gang","floor":14,"turns":3},{"damage":57,"enemies":"The Guardian","floor":16,"turns":17},{"damage":18,"enemies":"2 Thieves","floor":18,"turns":5},{"damage":51,"enemies":"Chosen","floor":20,"turns":9}],"seed_played":"7693372797371483402","potions_obtained":[{"floor":1,"key":"BloodPotion"},{"floor":3,"key":"FearPotion"},{"floor":13,"key":"PowerPotion"},{"floor":16,"key":"BloodPotion"}],"is_trial":false,"path_per_floor":["M","?","?","$","M","R","E","M","T","E","$","R","M","M","R","B",null,"M","?","M"],"character_chosen":"IRONCLAD","items_purchased":[],"campfire_rested":1,"item_purchase_floors":[],"current_hp_per_floor":[88,88,88,88,88,88,68,79,79,68,68,68,46,52,78,27,88,76,76,30],"gold":270,"neow_bonus":"TEN_PERCENT_HP_BONUS","is_prod":false,"is_daily":false,"chose_seed":false,"campfire_upgraded":2,"win_rate":0,"timestamp":1546891713,"path_taken":["M","?","?","$","M","R","E","M","T","E","$","R","?","M","R","BOSS","M","?","?"],"build_version":"2019-01-03v4","purchased_purges":1,"victory":false,"max_hp_per_floor":[88,88,88,88,88,88,88,88,88,88,88,88,88,88,88,88,88,88,88,88],"card_choices":[{"not_picked":["Power Through","Entrench"],"picked":"Iron Wave","floor":1},{"not_picked":["Reckless Charge","Thunderclap"],"picked":"Armaments","floor":5},{"not_picked":["True Grit","Shockwave"],"picked":"Reaper","floor":7},{"not_picked":["Warcry","Corruption"],"picked":"Pommel Strike","floor":8},{"not_picked":["Seeing Red","Evolve"],"picked":"Cleave","floor":10},{"not_picked":["Sever Soul","Burning Pact"],"picked":"Fire Breathing","floor":13},{"not_picked":["Reckless Charge","Body Slam","Sentinel"],"picked":"SKIP","floor":14},{"not_picked":["Bludgeon","Impervious"],"picked":"Immolate","floor":16},{"not_picked":["Warcry+1","Iron Wave"],"picked":"Clash+1","floor":18}],"player_experience":139211,"relics_obtained":[{"floor":7,"key":"Bag of Marbles"},{"floor":9,"key":"Smiling Mask"},{"floor":10,"key":"Potion Belt"}],"event_choices":[{"cards_removed":["Strike_R"],"damage_healed":0,"gold_gain":0,"player_choice":"Card Removal","damage_taken":0,"max_hp_gain":0,"max_hp_loss":0,"event_name":"The Cleric","floor":2,"gold_loss":50},{"damage_healed":0,"gold_gain":0,"player_choice":"Bought 1 Potion","damage_taken":0,"max_hp_gain":0,"max_hp_loss":0,"event_name":"The Woman in Blue","floor":3,"gold_loss":0},{"cards_removed":["Defend_R"],"damage_healed":0,"gold_gain":0,"player_choice":"Purged","damage_taken":0,"max_hp_gain":0,"max_hp_loss":0,"event_name":"Purifier","floor":19,"gold_loss":0}],"is_beta":false,"boss_relics":[{"not_picked":["Sozu","Runic Cube"],"picked":"Astrolabe"}],"items_purged_floors":[11],"is_endless":false,"potions_floor_spawned":[1,13,16],"killed_by":"Chosen","ascension_level":1}