{"gold_per_floor":[119,119,119,137,312,312,292,317,317,317,317,317,342,357,357,457,457,468,468,468,468,478,513,438,464,510,529,579,579,589,621,621,721,721,735,735,735,745,745,745,756,756,828,845,745,745,779,794,794,794],"floor_reached":51,"playtime":1419,"items_purged":["Doubt","Strike_R+1"],"score":779,"play_id":"f9dded96-4d01-492f-b2c6-235cd36f1178","local_time":"20190130183728","is_ascension_mode":false,"campfire_choices":[{"data":"Hemokinesis","floor":6,"key":"SMITH"},{"data":"Shrug It Off","floor":11,"key":"SMITH"},{"data":"Carnage","floor":15,"key":"SMITH"},{"floor":32,"key":"REST"},{"data":"Bash","floor":40,"key":"SMITH"},{"floor":42,"key":"REST"},{"data":"Bludgeon","floor":49,"key":"SMITH"}],"neow_cost":"NONE","seed_source_timestamp":78017028740786,"circlet_count":0,"master_deck":["Strike_R+1","Strike_R+1","Defend_R+1","Defend_R+1","Defend_R+1","Bash+1","Disarm+1","Hemokinesis+1","Shrug It Off+1","Double Tap","Carnage+1","Double Tap","Shrug It Off","Uppercut+1","Necronomicurse","Feed","Dropkick+1","Shockwave+1","Bludgeon+1"],"relics":["Burning Blood","Juzu Bracelet","Odd Mushroom","Paper Frog","Nunchaku","Pen Nib","Snecko Eye","Boot","Ancient Tea Set","Kunai","Happy Flower","Necronomicon","Oddly Smooth Stone","Sozu","Pantograph","Du-Vu Doll"],"potions_floor_usage":[8,50,50,50],"damage_taken":[{"damage":1,"enemies":"Jaw Worm","floor":1,"turns":5},{"damage":2,"enemies":"2 Louse","floor":4,"turns":3},{"damage":12,"enemies":"The Mushroom Lair","floor":8,"turns":5},{"damage":29,"enemies":"Lagavulin","floor":13,"turns":6},{"damage":6,"enemies":"Cultist","floor":14,"turns":4},{"damage":22,"enemies":"Hexaghost","floor":16,"turns":9},{"damage":11,"enemies":"2 Thieves","floor":18,"turns":4},{"damage":8,"enemies":"Chosen","floor":22,"turns":4},{"damage":13,"enemies":"Book of Stabbing","floor":23,"turns":4},{"damage":13,"enemies":"Slavers","floor":25,"turns":5},{"damage":5,"enemies":"Shelled Parasite and Fungi","floor":27,"turns":2},{"damage":4,"enemies":"Snake Plant","floor":30,"turns":3},{"damage":4,"enemies":"Book of Stabbing","floor":31,"turns":3},{"damage":8,"enemies":"Champ","floor":33,"turns":5},{"damage":18,"enemies":"3 Shapes","floor":35,"turns":4},{"damage":0,"enemies":"Orb Walker","floor":38,"turns":2},{"damage":2,"enemies":"Maw","floor":41,"turns":4},{"damage":4,"enemies":"3 Darklings","floor":44,"turns":2},{"damage":22,"enemies":"Giant Head","floor":47,"turns":5},{"damage":15,"enemies":"Writhing Mass","floor":48,"turns":2},{"damage":40,"enemies":"Awakened One","floor":50,"turns":4}],"seed_played":"-8838417686909905261","potions_obtained":[{"floor":1,"key":"Ancient Potion"},{"floor":7,"key":"AttackPotion"},{"floor":13,"key":"SkillPotion"},{"floor":16,"key":"GamblersBrew"},{"floor":18,"key":"AttackPotion"},{"floor":31,"key":"PowerPotion"}],"is_trial":false,"path_per_floor":["M","?","?","M","?","R","?","?","T","?","R","?","E","M","R","B",null,"M","?","?","?","M","E","$","E","T","M","?","?","M","E","R","B",null,"M","?","?","M","?","R","M","R","T","M","$","?","E","M","R","B",null],"character_chosen":"IRONCLAD","items_purchased":[],"campfire_rested":2,"item_purchase_floors":[],"current_hp_per_floor":[80,77,77,80,80,80,80,74,74,74,74,74,51,51,51,35,80,75,75,60,60,58,51,51,44,44,45,45,29,31,33,58,56,85,73,73,73,79,79,79,84,84,84,84,84,84,71,62,62,53],"gold":794,"neow_bonus":"REMOVE_CARD","is_prod":false,"is_daily":false,"chose_seed":false,"campfire_upgraded":5,"win_rate":0,"timestamp":1548886048,"path_taken":["M","?","?","M","?","R","?","?","T","?","R","?","E","M","R","BOSS","M","?","?","?","M","E","?","E","T","M","?","?","M","E","R","BOSS","M","?","?","M","?","R","M","R","T","M","$","?","E","M","R","BOSS"],"build_version":"2019-01-23","purchased_purges":2,"victory":true,"max_hp_per_floor":[80,80,80,80,80,80,80,80,80,80,80,80,80,80,80,80,80,80,80,85,85,85,85,85,85,85,85,85,85,85,85,85,85,85,85,85,85,85,81,81,84,84,84,84,84,84,87,87,87,87],"card_choices":[{"not_picked":["Corruption","Havoc"],"picked":"Disarm","floor":1},{"not_picked":["Inflame","Armaments"],"picked":"Hemokinesis","floor":4},{"not_picked":["Wild Strike","Pommel Strike"],"picked":"Shrug It Off","floor":8},{"not_picked":["Heavy Blade","Reckless Charge","Thunderclap"],"picked":"SKIP","floor":13},{"not_picked":["Battle Trance","Headbutt"],"picked":"Carnage","floor":14},{"not_picked":["Barricade","Juggernaut"],"picked":"Double Tap","floor":16},{"not_picked":["Havoc","Armaments","Wild Strike"],"picked":"SKIP","floor":18},{"not_picked":["Sword Boomerang","Warcry"],"picked":"Shrug It Off","floor":22},{"not_picked":["Heavy Blade","Second Wind","Wild Strike"],"picked":"SKIP","floor":23},{"not_picked":["Dropkick","Havoc"],"picked":"Uppercut+1","floor":25},{"not_picked":["Flex","Entrench+1","Body Slam"],"picked":"SKIP","floor":27},{"not_picked":["Pommel Strike","Sentinel","Clash"],"picked":"SKIP","floor":30},{"not_picked":["Pummel","Combust+1","Limit Break"],"picked":"SKIP","floor":31},{"not_picked":["Fiend Fire","Berserk"],"picked":"Feed","floor":33},{"not_picked":["Body Slam+1","Flex+1","Twin Strike"],"picked":"SKIP","floor":35},{"not_picked":["Anger+1","Pommel Strike"],"picked":"Dropkick+1","floor":38},{"not_picked":["True Grit","Warcry+1","Infernal Blade"],"picked":"SKIP","floor":41},{"not_picked":["Body Slam","Headbutt","Thunderclap+1"],"picked":"SKIP","floor":44},{"not_picked":["Perfected Strike+1","Inflame"],"picked":"Shockwave+1","floor":47},{"not_picked":["Heavy Blade","Flex"],"picked":"Bludgeon","floor":48}],"player_experience":271887,"relics_obtained":[{"floor":8,"key":"Odd Mushroom"},{"floor":9,"key":"Paper Frog"},{"floor":13,"key":"Pen Nib"},{"floor":23,"key":"Ancient Tea Set"},{"floor":25,"key":"Kunai"},{"floor":26,"key":"Happy Flower"},{"floor":29,"key":"Necronomicon"},{"floor":31,"key":"Oddly Smooth Stone"},{"floor":43,"key":"Pantograph"},{"floor":47,"key":"Du-Vu Doll"}],"event_choices":[{"damage_healed":0,"gold_gain":0,"player_choice":"Success","damage_taken":3,"relics_obtained":["Juzu Bracelet"],"max_hp_gain":0,"max_hp_loss":0,"event_name":"Scrap Ooze","floor":2,"gold_loss":0},{"damage_healed":0,"gold_gain":0,"player_choice":"Upgraded","damage_taken":0,"max_hp_gain":0,"max_hp_loss":0,"event_name":"Upgrade Shrine","floor":3,"gold_loss":0,"cards_upgraded":["Disarm"]},{"damage_healed":0,"gold_gain":175,"player_choice":"AGREE","damage_taken":0,"max_hp_gain":0,"max_hp_loss":0,"event_name":"Liars Game","floor":5,"gold_loss":0,"cards_obtained":["Doubt"]},{"damage_healed":0,"gold_gain":0,"player_choice":"Bought 1 Potion","damage_taken":0,"max_hp_gain":0,"max_hp_loss":0,"event_name":"The Woman in Blue","floor":7,"gold_loss":0},{"damage_healed":0,"gold_gain":0,"player_choice":"Fought Mushrooms","damage_taken":0,"max_hp_gain":0,"max_hp_loss":0,"event_name":"Mushrooms","floor":8,"gold_loss":0},{"damage_healed":0,"gold_gain":0,"player_choice":"Gave Potion","damage_taken":0,"relics_obtained":["Nunchaku"],"max_hp_gain":0,"max_hp_loss":0,"event_name":"WeMeetAgain","floor":10,"gold_loss":0},{"cards_removed":["Strike_R"],"damage_healed":0,"gold_gain":0,"player_choice":"Took Card","damage_taken":0,"max_hp_gain":0,"max_hp_loss":0,"event_name":"NoteForYourself","floor":12,"gold_loss":0,"cards_obtained":["Double Tap"]},{"damage_healed":0,"gold_gain":0,"player_choice":"Opened","damage_taken":0,"relics_obtained":["Boot"],"max_hp_gain":0,"max_hp_loss":0,"event_name":"The Mausoleum","floor":19,"gold_loss":0,"cards_obtained":["Writhe"]},{"damage_healed":0,"gold_gain":0,"player_choice":"Shed Blood","damage_taken":20,"max_hp_gain":5,"max_hp_loss":0,"event_name":"Forgotten Altar","floor":20,"gold_loss":0},{"damage_healed":0,"gold_gain":0,"player_choice":"Simplicity","damage_taken":0,"max_hp_gain":0,"max_hp_loss":0,"event_name":"Back to Basics","floor":21,"gold_loss":0,"cards_upgraded":["Strike_R","Strike_R","Strike_R","Defend_R","Defend_R","Defend_R","Defend_R"]},{"damage_healed":0,"gold_gain":100,"player_choice":"Bet on Murderer","damage_taken":0,"max_hp_gain":0,"max_hp_loss":0,"event_name":"The Joust","floor":28,"gold_loss":50},{"damage_healed":0,"gold_gain":0,"player_choice":"Obtained Book","damage_taken":16,"max_hp_gain":0,"max_hp_loss":0,"event_name":"Cursed Tome","floor":29,"gold_loss":0},{"cards_removed":["Writhe"],"damage_healed":0,"gold_gain":0,"player_choice":"Removed Curses","damage_taken":0,"max_hp_gain":0,"max_hp_loss":0,"event_name":"Fountain of Cleansing","floor":36,"gold_loss":0},{"cards_removed":["Defend_R"],"damage_healed":0,"gold_gain":0,"player_choice":"Removed Skill","damage_taken":0,"max_hp_gain":0,"max_hp_loss":0,"event_name":"Falling","floor":37,"gold_loss":0},{"damage_healed":0,"gold_gain":0,"player_choice":"Max HP","damage_taken":0,"max_hp_gain":0,"max_hp_loss":4,"event_name":"Winding Halls","floor":39,"gold_loss":0},{"damage_healed":0,"gold_gain":0,"player_choice":"Ignored","damage_taken":0,"max_hp_gain":0,"max_hp_loss":0,"event_name":"Mysterious Sphere","floor":46,"gold_loss":0}],"is_beta":false,"boss_relics":[{"not_picked":["Orrery","Empty Cage"],"picked":"Snecko Eye"},{"not_picked":["Eternal Feather","Mark of Pain"],"picked":"Sozu"}],"items_purged_floors":[24,45],"is_endless":false,"potions_floor_spawned":[1,13,16,18,30,31,41,48],"ascension_level":0}