{"gold_per_floor":[111,111,111,122,122,7,23,23,49,83,101,101,50,77,77,181,181,192,192,205,205,222,222,257,257],"floor_reached":25,"playtime":1238,"items_purged":[],"score":254,"play_id":"509896d3-1d96-4b57-81a7-2e2a5a720a47","local_time":"20180717213514","is_ascension_mode":false,"campfire_choices":[{"floor":12,"key":"REST"},{"floor":15,"key":"REST"},{"floor":23,"key":"REST"}],"neow_cost":"NONE","seed_source_timestamp":209344806049468,"circlet_count":0,"master_deck":["Strike_R","Strike_R","Strike_R","Strike_R","Defend_R","Defend_R","Defend_R","Defend_R","Bash","Pommel Strike","Warcry","Shrug It Off","Flash of Steel+1","Perfected Strike+1","Thunderclap+1","Blood for Blood+1","Headbutt+1","Bloodletting","Barricade","Anger+1","Writhe","RitualDagger+1","Ghostly Armor","Double Tap"],"relics":["Black Blood","Molten Egg 2","Strawberry","Happy Flower","Lantern","Pear","Bag of Preparation"],"potions_floor_usage":[],"damage_taken":[{"damage":7,"enemies":"Jaw Worm","floor":1,"turns":7},{"damage":1,"enemies":"Cultist","floor":4,"turns":3},{"damage":0,"enemies":"2 Louse","floor":7,"turns":2},{"damage":17,"enemies":"3 Sentries","floor":10,"turns":7},{"damage":15,"enemies":"Exordium Wildlife","floor":11,"turns":4},{"damage":22,"enemies":"Lagavulin","floor":14,"turns":6},{"damage":57,"enemies":"The Guardian","floor":16,"turns":10},{"damage":19,"enemies":"3 Byrds","floor":18,"turns":6},{"damage":10,"enemies":"Spheric Guardian","floor":20,"turns":3},{"damage":37,"enemies":"Centurion and Healer","floor":22,"turns":4},{"damage":67,"enemies":"Book of Stabbing","floor":24,"turns":6},{"damage":29,"enemies":"Cultist and Chosen","floor":25,"turns":5}],"seed_played":"-5327403822408338652","potions_obtained":[{"floor":1,"key":"FearPotion"},{"floor":4,"key":"AttackPotion"},{"floor":7,"key":"AttackPotion"},{"floor":16,"key":"Fire Potion"}],"is_trial":false,"path_per_floor":["M","?","$","M","?","$","M","?","T","E","M","R","$","E","R","B",null,"M","?","M","?","M","R","E"],"character_chosen":"IRONCLAD","items_purchased":["Shrug It Off","Flash of Steel+1","Headbutt+1"],"campfire_rested":3,"item_purchase_floors":[6,6,13],"current_hp_per_floor":[79,79,79,80,80,80,80,80,87,76,67,87,87,71,87,36,87,78,88,88,82,55,84,27,0],"gold":257,"neow_bonus":"REMOVE_CARD","is_prod":false,"is_daily":false,"chose_seed":false,"campfire_upgraded":0,"win_rate":0.0,"timestamp":1531834514,"path_taken":["M","?","$","M","?","$","?","?","T","E","M","R","$","E","R","BOSS","M","?","?","?","M","R","E","M"],"build_version":"2018-07-12","purchased_purges":0,"victory":false,"max_hp_per_floor":[80,80,80,80,80,80,80,80,87,87,87,87,87,87,87,87,87,87,97,97,97,97,97,97,97],"card_choices":[{"not_picked":["Corruption","Hemokinesis"],"picked":"Pommel Strike","floor":1},{"not_picked":["Clash+1","Clothesline+1"],"picked":"Warcry","floor":4},{"not_picked":["Clash+1","True Grit"],"picked":"Perfected Strike+1","floor":7},{"not_picked":["Clash+1","Anger+1"],"picked":"Thunderclap+1","floor":10},{"not_picked":["Reckless Charge+1","Heavy Blade+1"],"picked":"Blood for Blood+1","floor":11},{"not_picked":["Rupture","Shockwave"],"picked":"Bloodletting","floor":14},{"not_picked":["Fiend Fire+1","Demon Form"],"picked":"Barricade","floor":16},{"not_picked":["Headbutt+1","Thunderclap+1"],"picked":"Anger+1","floor":18},{"not_picked":["Fire Breathing+1","Second Wind","Reckless Charge+1"],"picked":"SKIP","floor":20},{"not_picked":["Iron Wave+1","Shockwave+1"],"picked":"Ghostly Armor","floor":22},{"not_picked":["Bloodletting","Intimidate"],"picked":"Double Tap","floor":24}],"player_experience":15751,"relics_obtained":[{"floor":9,"key":"Strawberry"},{"floor":10,"key":"Happy Flower"},{"floor":14,"key":"Lantern"},{"floor":24,"key":"Bag of Preparation"}],"event_choices":[{"event_name":"Accursed Blacksmith","player_choice":"Rummage","floor":2,"damage_taken":0},{"event_name":"The Cleric","player_choice":"Leave","floor":5,"damage_taken":0},{"event_name":"Liars Game","player_choice":"disagreed","floor":8,"damage_taken":0},{"event_name":"The Mausoleum","player_choice":"Yes","floor":19,"damage_taken":0},{"event_name":"Nest","player_choice":"Joined the Cult","floor":21,"damage_taken":0}],"boss_relics":[{"not_picked":["Snecko Eye","Mark of Pain"],"picked":"Black Blood"}],"items_purged_floors":[],"is_endless":false,"potions_floor_spawned":[1,4,7,16],"killed_by":"Cultist and Chosen","ascension_level":0}