{"gold_per_floor":[117,127,5,15,34,68,68,84,135,135,9,43,43,59,59,163,163,174,190,204,217,1,1,36,54,105,105,105,35,35,50,50,148,148,165,165,176,176,186,186,186,212,237,249,281,310,337,27,27,27],"floor_reached":50,"playtime":2951,"items_purged":["Strike_R","Strike_R"],"score":531,"play_id":"62b7a043-28a2-496f-b417-a401e71a03f0","local_time":"20190202114424","is_ascension_mode":false,"campfire_choices":[{"data":"Double Tap","floor":7,"key":"SMITH"},{"data":"Combust","floor":10,"key":"SMITH"},{"data":"Armaments","floor":15,"key":"SMITH"},{"floor":23,"key":"REST"},{"floor":28,"key":"REST"},{"floor":32,"key":"REST"},{"floor":40,"key":"RECALL"},{"floor":44,"key":"REST"},{"floor":49,"key":"REST"}],"neow_cost":"NONE","seed_source_timestamp":229057419404825,"circlet_count":0,"master_deck":["Strike_R","Defend_R","Defend_R","Defend_R","Defend_R","Bash","Metallicize","Combust+1","Iron Wave","Rampage","Shrug It Off","Armaments+1","Double Tap+1","Fire Breathing","Pommel Strike","Metallicize","Shrug It Off","Flame Barrier","Immolate","Flame Barrier","Combust+1","Dual Wield","Apotheosis","Panacea","Pommel Strike","Mind Blast","Reaper","Spot Weakness+1","Iron Wave+1","Writhe","Headbutt+1","Headbutt+1","Inflame+1","Sword Boomerang+1","Bandage Up"],"relics":["Burning Blood","Vajra","The Courier","Philosopher\u0027s Stone","Omamori","Happy Flower","Necronomicon","Velvet Choker","Darkstone Periapt","MawBank"],"potions_floor_usage":[12,12,16,16,19,21,33,33,37,50,50,50],"damage_taken":[{"damage":5,"enemies":"Cultist","floor":1,"turns":4},{"damage":4,"enemies":"Small Slimes","floor":2,"turns":4},{"damage":9,"enemies":"Jaw Worm","floor":4,"turns":4},{"damage":7,"enemies":"2 Fungi Beasts","floor":5,"turns":4},{"damage":32,"enemies":"Gremlin Nob","floor":6,"turns":5},{"damage":7,"enemies":"Large Slime","floor":8,"turns":7},{"damage":29,"enemies":"Lagavulin","floor":12,"turns":6},{"damage":4,"enemies":"Gremlin Gang","floor":14,"turns":5},{"damage":41,"enemies":"Hexaghost","floor":16,"turns":10},{"damage":16,"enemies":"Shell Parasite","floor":18,"turns":5},{"damage":19,"enemies":"3 Byrds","floor":19,"turns":4},{"damage":7,"enemies":"Snake Plant","floor":20,"turns":4},{"damage":43,"enemies":"Chosen and Byrds","floor":21,"turns":6},{"damage":37,"enemies":"Book of Stabbing","floor":24,"turns":5},{"damage":8,"enemies":"Shelled Parasite and Fungi","floor":25,"turns":7},{"damage":0,"enemies":"Snecko","floor":31,"turns":3},{"damage":52,"enemies":"Champ","floor":33,"turns":12},{"damage":32,"enemies":"3 Darklings","floor":35,"turns":4},{"damage":15,"enemies":"3 Shapes","floor":37,"turns":5},{"damage":11,"enemies":"Sphere and 2 Shapes","floor":39,"turns":3},{"damage":63,"enemies":"Nemesis","floor":42,"turns":7},{"damage":14,"enemies":"Spire Growth","floor":45,"turns":5},{"damage":18,"enemies":"Maw","floor":46,"turns":5},{"damage":9,"enemies":"Sphere and 2 Shapes","floor":47,"turns":4},{"damage":113,"enemies":"Donu and Deca","floor":50,"turns":9}],"seed_played":"3526276575957078576","potions_obtained":[{"floor":2,"key":"FearPotion"},{"floor":5,"key":"Regen Potion"},{"floor":6,"key":"Regen Potion"},{"floor":12,"key":"Swift Potion"},{"floor":16,"key":"Block Potion"},{"floor":18,"key":"AttackPotion"},{"floor":19,"key":"SpeedPotion"},{"floor":31,"key":"Energy Potion"},{"floor":33,"key":"AttackPotion"},{"floor":35,"key":"LiquidBronze"},{"floor":46,"key":"Explosive Potion"}],"is_trial":false,"path_per_floor":["M","M","$","M","M","E","R","M","T","R","$","E","?","M","R","B",null,"M","M","M","M","$","R","E","M","T","?","R","$","?","M","R","B",null,"M","?","M","?","M","R","?","E","T","R","M","M","M","$","R","B"],"character_chosen":"IRONCLAD","items_purchased":["Iron Wave","Rampage","Pommel Strike","Apotheosis","Panacea","Mind Blast","Dexterity Potion","Bandage Up","EssenceOfSteel","GamblersBrew"],"campfire_rested":5,"item_purchase_floors":[3,3,11,22,22,29,48,48,48,48],"current_hp_per_floor":[88,88,88,85,84,58,58,57,57,57,57,49,49,51,51,31,88,78,65,64,27,27,53,22,20,20,4,30,30,30,36,62,16,88,74,74,66,88,83,83,83,56,56,82,74,62,59,59,85,0],"gold":27,"neow_bonus":"TEN_PERCENT_HP_BONUS","is_prod":false,"is_daily":false,"chose_seed":false,"campfire_upgraded":3,"win_rate":0,"timestamp":1549136664,"path_taken":["M","M","$","M","M","E","R","M","T","R","?","E","?","M","R","BOSS","M","?","M","M","$","R","E","M","T","?","R","$","?","M","R","BOSS","M","?","?","?","M","R","?","E","T","R","M","M","?","$","R","BOSS"],"build_version":"2019-01-23","purchased_purges":2,"victory":false,"max_hp_per_floor":[88,88,88,88,88,88,88,88,88,88,88,88,88,88,88,88,88,88,88,88,88,88,88,88,88,88,88,88,88,88,88,88,88,88,88,88,88,88,88,88,88,88,88,88,88,88,88,88,88,88],"card_choices":[{"not_picked":["Shrug It Off","Armaments"],"picked":"Metallicize","floor":1},{"not_picked":["Havoc","Power Through"],"picked":"Combust","floor":2},{"not_picked":["Flex","Rampage"],"picked":"Shrug It Off","floor":4},{"not_picked":["Wild Strike","Rampage"],"picked":"Armaments","floor":5},{"not_picked":["Thunderclap","Clothesline"],"picked":"Double Tap","floor":6},{"not_picked":["Havoc","Twin Strike"],"picked":"Fire Breathing","floor":8},{"not_picked":["Bloodletting","Havoc"],"picked":"Metallicize","floor":12},{"not_picked":["Flex","Warcry"],"picked":"Flame Barrier","floor":14},{"not_picked":["Limit Break","Exhume"],"picked":"Immolate","floor":16},{"not_picked":["Disarm","Sword Boomerang","Heavy Blade"],"picked":"SKIP","floor":18},{"not_picked":["Searing Blow","Twin Strike"],"picked":"Flame Barrier","floor":19},{"not_picked":["Flex+1","Disarm"],"picked":"Combust+1","floor":20},{"not_picked":["Carnage","Rage"],"picked":"Dual Wield","floor":21},{"not_picked":["Bludgeon","Heavy Blade"],"picked":"Pommel Strike","floor":24},{"not_picked":["Pommel Strike","Thunderclap","Perfected Strike"],"picked":"SKIP","floor":25},{"not_picked":["Shrug It Off","Second Wind","Cleave"],"picked":"SKIP","floor":31},{"not_picked":["Limit Break","Bludgeon"],"picked":"Reaper","floor":33},{"not_picked":["Anger+1","Heavy Blade+1"],"picked":"Spot Weakness+1","floor":35},{"not_picked":["Uppercut","Corruption+1"],"picked":"Iron Wave+1","floor":37},{"not_picked":["Warcry+1","Heavy Blade","Thunderclap"],"picked":"SKIP","floor":39},{"not_picked":["Shrug It Off","Warcry+1"],"picked":"Headbutt+1","floor":42},{"not_picked":["Havoc+1","Clash+1"],"picked":"Headbutt+1","floor":45},{"not_picked":["Wild Strike","Clash"],"picked":"Inflame+1","floor":46},{"not_picked":["Feed","Carnage"],"picked":"Sword Boomerang+1","floor":47}],"player_experience":157578,"relics_obtained":[{"floor":6,"key":"Vajra"},{"floor":12,"key":"The Courier"},{"floor":24,"key":"Omamori"},{"floor":26,"key":"Happy Flower"},{"floor":27,"key":"Necronomicon"},{"floor":42,"key":"Darkstone Periapt"},{"floor":43,"key":"MawBank"}],"event_choices":[{"damage_healed":0,"gold_gain":0,"player_choice":"1 cards matched","damage_taken":0,"max_hp_gain":0,"max_hp_loss":0,"event_name":"Match and Keep!","floor":13,"gold_loss":0,"cards_obtained":["Shrug It Off"]},{"damage_healed":0,"gold_gain":0,"player_choice":"Obtained Book","damage_taken":16,"max_hp_gain":0,"max_hp_loss":0,"event_name":"Cursed Tome","floor":27,"gold_loss":0},{"damage_healed":0,"gold_gain":0,"player_choice":"Smashed Altar","damage_taken":0,"max_hp_gain":0,"max_hp_loss":0,"event_name":"Forgotten Altar","floor":30,"gold_loss":0,"cards_obtained":["Decay"]},{"cards_removed":["Strike_R"],"damage_healed":0,"gold_gain":0,"player_choice":"Purged","damage_taken":0,"max_hp_gain":0,"max_hp_loss":0,"event_name":"Purifier","floor":36,"gold_loss":0},{"damage_healed":22,"gold_gain":0,"player_choice":"Writhe","damage_taken":0,"max_hp_gain":0,"max_hp_loss":0,"event_name":"Winding Halls","floor":38,"gold_loss":0,"cards_obtained":["Writhe"]},{"cards_removed":["Strike_R"],"damage_healed":0,"gold_gain":0,"player_choice":"Removed Attack","damage_taken":0,"max_hp_gain":0,"max_hp_loss":0,"event_name":"Falling","floor":41,"gold_loss":0}],"is_beta":false,"boss_relics":[{"not_picked":["Runic Cube","Lizard Tail"],"picked":"Philosopher\u0027s Stone"},{"not_picked":["Runic Dome","Cursed Key"],"picked":"Velvet Choker"}],"items_purged_floors":[11,48],"is_endless":false,"potions_floor_spawned":[2,5,6,12,16,18,19,31,33,35,46],"killed_by":"Donu and Deca","ascension_level":0}