{"path_per_floor":["M","M","M","T","?","R","E","M","T","$","M","$","R"],"character_chosen":"IRONCLAD","items_purchased":["Dramatic Entrance","Shrug It Off"],"gold_per_floor":[109,122,135,162,162,162,188,200,200,93,108,63,63,63],"floor_reached":14,"campfire_rested":0,"playtime":639,"item_purchase_floors":[10,12],"current_hp_per_floor":[80,80,80,80,80,80,50,45,45,45,45,45,45,0],"items_purged":[],"gold":63,"score":90,"play_id":"701b1f69-9cc1-44a7-a134-216dcb2bc50f","local_time":"20180616224456","is_prod":false,"is_daily":false,"chose_seed":false,"is_ascension_mode":false,"campfire_upgraded":2,"win_rate":0,"timestamp":1529181896,"campfire_choices":[{"data":"Armaments","floor":6.0,"key":"SMITH"},{"data":"Dramatic Entrance","floor":13,"key":"SMITH"}],"path_taken":["M","M","M","?","?","R","E","M","T","$","M","?","R","E"],"build_version":"2018-06-14v2","seed_source_timestamp":0,"purchased_purges":0,"victory":false,"master_deck":["Strike_R","Strike_R","Strike_R","Strike_R","Defend_R","Defend_R","Defend_R","Defend_R","Bash","Armaments+1","Heavy Blade","Seeing Red","Flame Barrier","Shrug It Off","Dramatic Entrance+1","Spot Weakness","Shrug It Off"],"max_hp_per_floor":[80,80,80,80,80,80,80,80,80,80,80,80,80,80],"special_seed":0,"relics":["Burning Blood","NeowsBlessing","Omamori","Pantograph","Dodecahedron"],"card_choices":[{"not_picked":["Headbutt","Searing Blow"],"picked":"Armaments","floor":1.0},{"not_picked":["Ghostly Armor","Rage"],"picked":"Heavy Blade","floor":2.0},{"not_picked":["Whirlwind","Evolve"],"picked":"Seeing Red","floor":3.0},{"not_picked":["Sever Soul","Perfected Strike"],"picked":"Flame Barrier","floor":7},{"not_picked":["Warcry","Havoc"],"picked":"Shrug It Off","floor":8},{"not_picked":["Cleave","Warcry"],"picked":"Spot Weakness","floor":11}],"player_experience":41546,"potions_floor_usage":[],"damage_taken":[{"damage":0.0,"enemies":"Cultist","floor":1.0,"turns":1.0},{"damage":0.0,"enemies":"Small Slimes","floor":2.0,"turns":1.0},{"damage":0.0,"enemies":"Jaw Worm","floor":3.0,"turns":1.0},{"damage":36,"enemies":"Lagavulin","floor":7,"turns":9},{"damage":11,"enemies":"2 Fungi Beasts","floor":8,"turns":7},{"damage":6,"enemies":"Gremlin Gang","floor":11,"turns":4},{"damage":77,"enemies":"Gremlin Nob","floor":14,"turns":5}],"relics_obtained":[{"floor":4.0,"key":"Omamori"},{"floor":7,"key":"Pantograph"},{"floor":9,"key":"Dodecahedron"}],"event_choices":[{"event_name":"Wheel of Change","player_choice":"Card Removal","floor":5.0,"damage_taken":0.0}],"boss_relics":[],"items_purged_floors":[],"is_endless":false,"potions_floor_spawned":[7,8,11],"seed_played":"-7769390663476581962","killed_by":"Gremlin Nob","ascension_level":0,"potions_obtained":[{"floor":7,"key":"Explosive Potion"},{"floor":8,"key":"Block Potion"},{"floor":11,"key":"FearPotion"}],"is_trial":false}