{"gold_per_floor":[109,284,300,300,325,357,357,357,357,357,371,371,405,405],"floor_reached":14,"playtime":1298,"items_purged":[],"score":101,"play_id":"9e3a50a2-7eb8-4db7-b6c2-e82f66dc3a2d","local_time":"20181226131500","is_ascension_mode":true,"campfire_choices":[{"floor":8,"key":"REST"},{"floor":10,"key":"RECALL"},{"floor":12,"key":"REST"}],"neow_cost":"TEN_PERCENT_HP_LOSS","seed_source_timestamp":397806477552026,"circlet_count":0,"master_deck":["Strike_B","Strike_B","Strike_B","Strike_B","Defend_B","Defend_B","Defend_B","Defend_B","Zap","Dualcast","Creative AI","Loop","Doubt","Fusion","Machine Learning","Self Repair","Coolheaded"],"relics":["Cracked Core","Bottled Flame","WingedGreaves","Nunchaku","Calipers"],"potions_floor_usage":[],"damage_taken":[{"damage":1,"enemies":"2 Louse","floor":1,"turns":3},{"damage":8,"enemies":"Small Slimes","floor":3,"turns":4},{"damage":51,"enemies":"3 Sentries","floor":6,"turns":10},{"damage":6,"enemies":"Jaw Worm","floor":11,"turns":5},{"damage":8,"enemies":"Lagavulin","floor":13,"turns":5},{"damage":37,"enemies":"3 Sentries","floor":14,"turns":6}],"seed_played":"-8767291976991857404","potions_obtained":[{"floor":6,"key":"FearPotion"}],"is_trial":false,"path_per_floor":["M","?","M","?","T","E","?","R","T","R","M","R","E","E"],"character_chosen":"DEFECT","items_purchased":[],"campfire_rested":2,"item_purchase_floors":[],"current_hp_per_floor":[67,67,59,64,64,13,1,22,22,22,16,37,36,0],"gold":405,"neow_bonus":"THREE_RARE_CARDS","is_prod":false,"is_daily":false,"chose_seed":false,"campfire_upgraded":0,"win_rate":0,"timestamp":1545842700,"path_taken":["M","?","M","?","?","E","?","R","T","R","M","R","E","E"],"build_version":"2018-12-20","purchased_purges":0,"victory":false,"max_hp_per_floor":[68,68,68,73,73,73,73,73,73,73,73,73,73,73],"card_choices":[{"not_picked":["Machine Learning","Seek"],"picked":"Creative AI","floor":0},{"not_picked":["Hologram","Rebound"],"picked":"Loop","floor":1},{"not_picked":["Ball Lightning","Meteor Strike"],"picked":"Fusion","floor":3},{"not_picked":["Darkness","Fusion"],"picked":"Machine Learning","floor":6},{"not_picked":["Beam Cell","Barrage"],"picked":"Self Repair","floor":11},{"not_picked":["Double Energy","Rebound"],"picked":"Coolheaded","floor":13}],"player_experience":40216,"relics_obtained":[{"floor":6,"key":"Bottled Flame"},{"floor":9,"key":"Nunchaku"},{"floor":13,"key":"Calipers"}],"event_choices":[{"damage_healed":0,"gold_gain":175,"player_choice":"AGREE","damage_taken":0,"max_hp_gain":0,"max_hp_loss":0,"event_name":"Liars Game","floor":2,"gold_loss":0,"cards_obtained":["Doubt"]},{"damage_healed":0,"gold_gain":0,"player_choice":"Donut","damage_taken":0,"max_hp_gain":5,"max_hp_loss":0,"event_name":"Big Fish","floor":4,"gold_loss":0},{"damage_healed":0,"gold_gain":0,"player_choice":"Success","damage_taken":12,"relics_obtained":["WingedGreaves"],"max_hp_gain":0,"max_hp_loss":0,"event_name":"Scrap Ooze","floor":7,"gold_loss":0}],"is_beta":false,"boss_relics":[],"items_purged_floors":[],"is_endless":false,"potions_floor_spawned":[6],"killed_by":"3 Sentries","ascension_level":1}