{"gold_per_floor":[116,130,96,115,115,115,148,166,193,193,204,223,236,168,168,266,266,286,20,39,55,154,154,168,168],"floor_reached":25,"playtime":1539,"items_purged":[],"score":207,"play_id":"cfe4cdad-7a87-4ce1-b416-2c39401f85ec","local_time":"20181216121246","is_ascension_mode":false,"campfire_choices":[{"data":"Defragment","floor":6,"key":"SMITH"},{"floor":10,"key":"REST"},{"floor":15,"key":"REST"},{"data":"Loop","floor":23,"key":"SMITH"}],"neow_cost":"NONE","seed_source_timestamp":176095746638161,"circlet_count":0,"master_deck":["Strike_B","Strike_B","Strike_B","Defend_B","Defend_B","Defend_B","Defend_B","Zap","Dualcast","Turbo","Defragment+1","Loop","Loop+1","White Noise","Leap","Ball Lightning","Glacier","Seek","Reboot","BootSequence","Self Repair","Storm","Hello World","Ball Lightning","Static Discharge"],"relics":["Cracked Core","NeowsBlessing","Potion Belt","Bronze Scales","Orrery","Cables"],"potions_floor_usage":[7,11,20,25],"damage_taken":[{"damage":0,"enemies":"Jaw Worm","floor":1,"turns":1},{"damage":0,"enemies":"Cultist","floor":2,"turns":1},{"damage":0,"enemies":"2 Louse","floor":4,"turns":1},{"damage":21,"enemies":"Lagavulin","floor":7,"turns":5},{"damage":24,"enemies":"Exordium Thugs","floor":8,"turns":4},{"damage":0,"enemies":"Lots of Slimes","floor":11,"turns":3},{"damage":0,"enemies":"Large Slime","floor":12,"turns":4},{"damage":1,"enemies":"2 Fungi Beasts","floor":13,"turns":3},{"damage":21,"enemies":"Slime Boss","floor":16,"turns":6},{"damage":15,"enemies":"Spheric Guardian","floor":18,"turns":4},{"damage":13,"enemies":"Shell Parasite","floor":20,"turns":5},{"damage":11,"enemies":"Cultist and Chosen","floor":21,"turns":5},{"damage":21,"enemies":"Snake Plant","floor":24,"turns":3},{"damage":50,"enemies":"Gremlin Leader","floor":25,"turns":5}],"seed_played":"883797726275416568","potions_obtained":[{"floor":1,"key":"Poison Potion"},{"floor":4,"key":"SpeedPotion"},{"floor":8,"key":"Fire Potion"},{"floor":11,"key":"Strength Potion"},{"floor":18,"key":"GamblersBrew"},{"floor":20,"key":"Ancient Potion"},{"floor":24,"key":"AttackPotion"}],"is_trial":false,"path_per_floor":["M","M","$","M","?","R","E","M","T","R","M","M","M","$","R","B",null,"M","$","M","M","?","R","M","E"],"character_chosen":"DEFECT","items_purchased":["Loop","Seek","Cables","Ball Lightning"],"campfire_rested":2,"item_purchase_floors":[3,14,19,19],"current_hp_per_floor":[75,75,75,75,75,75,54,30,30,52,52,52,51,51,73,52,75,67,67,61,57,57,57,43,0],"gold":168,"neow_bonus":"THREE_ENEMY_KILL","is_prod":false,"is_daily":false,"chose_seed":false,"campfire_upgraded":2,"win_rate":0,"timestamp":1544958766,"path_taken":["M","M","$","M","?","R","E","M","T","R","M","?","M","$","R","BOSS","M","$","M","M","?","R","M","E"],"build_version":"2018-12-13","purchased_purges":0,"victory":false,"max_hp_per_floor":[75,75,75,75,75,75,75,75,75,75,75,75,75,75,75,75,75,75,75,75,75,75,75,75,75],"card_choices":[{"not_picked":["Recycle","Gash"],"picked":"Turbo","floor":1},{"not_picked":["Ball Lightning","Compile Driver"],"picked":"Defragment","floor":2},{"not_picked":["All For One","Force Field"],"picked":"Loop","floor":4},{"not_picked":["Compile Driver","Steam Power"],"picked":"White Noise","floor":7},{"not_picked":["Coolheaded","Consume"],"picked":"Leap","floor":8},{"not_picked":["Beam Cell","Steam"],"picked":"Ball Lightning","floor":11},{"not_picked":["Sunder","Skim"],"picked":"Glacier","floor":12},{"not_picked":["Compile Driver","Sunder","Sweeping Beam"],"picked":"SKIP","floor":13},{"not_picked":["Thunder Strike","Hyperbeam"],"picked":"Reboot","floor":16},{"not_picked":["Leap","Fusion"],"picked":"BootSequence","floor":17},{"not_picked":["Recycle","Loop"],"picked":"Self Repair","floor":17},{"not_picked":["Beam Cell","Barrage"],"picked":"Storm","floor":17},{"not_picked":["Turbo","Compile Driver"],"picked":"Hello World","floor":17},{"not_picked":["Sweeping Beam","Rip and Tear+1","Gash"],"picked":"SKIP","floor":18},{"not_picked":["Turbo","Hologram"],"picked":"Static Discharge","floor":20},{"not_picked":["Redo","Meteor Strike","Undo+1"],"picked":"SKIP","floor":21},{"not_picked":["Barrage+1","Reprogram","Beam Cell"],"picked":"SKIP","floor":24}],"player_experience":190982,"relics_obtained":[{"floor":7,"key":"Potion Belt"},{"floor":9,"key":"Bronze Scales"}],"event_choices":[{"cards_removed":["Strike_B"],"damage_healed":0,"gold_gain":0,"player_choice":"Offered Basic","damage_taken":0,"max_hp_gain":0,"max_hp_loss":0,"event_name":"Bonfire Elementals","floor":5,"gold_loss":0},{"damage_healed":0,"gold_gain":99,"player_choice":"Stole From Cult","damage_taken":0,"max_hp_gain":0,"max_hp_loss":0,"event_name":"Nest","floor":22,"gold_loss":0}],"is_beta":false,"boss_relics":[{"not_picked":["Eternal Feather","Lizard Tail"],"picked":"Orrery"}],"items_purged_floors":[],"is_endless":false,"potions_floor_spawned":[1,4,8,11,18,20,24],"killed_by":"Gremlin Leader","ascension_level":0}