{"gold_per_floor":[117,130,149,161,161,195,195,226,278,60,235,235,246,278,278,383,383,401,426,426,440,440,471,488,519,519,3,20,35,68,41,41,141,141,155,174,174],"floor_reached":37,"playtime":5504,"items_purged":[],"score":573,"play_id":"30704cad-bd44-4522-aaad-dc3d3a67b049","local_time":"20181125192231","is_ascension_mode":true,"campfire_choices":[{"floor":7.0,"key":"REST"},{"floor":12.0,"key":"REST"},{"floor":15.0,"key":"REST"},{"floor":32.0,"key":"REST"}],"neow_cost":"NONE","seed_source_timestamp":0,"circlet_count":0,"master_deck":["Strike_R","Strike_R","Strike_R","Strike_R","Strike_R","Defend_R","Defend_R","Defend_R","Defend_R","Bash","Reaper","Clash","Thunderclap","Inflame","Entrench","Heavy Blade","Iron Wave","Whirlwind","Flex","Uppercut","Barricade+1","Thunderclap","Shrug It Off+1","Cleave+1","Inflame","Thunderclap","Flex","Flex","Bloodletting","Pommel Strike","Armaments+1","Shrug It Off","Iron Wave","Reaper","Entrench+1"],"special_seed":0,"relics":["Burning Blood","Lantern","Sundial","Bronze Scales","Happy Flower","Bag of Marbles","Velvet Choker","Red Mask","Spirit Poop","Centennial Puzzle","Vajra","Pantograph","Oddly Smooth Stone","Ancient Tea Set","Mark of Pain"],"potions_floor_usage":[37],"damage_taken":[{"damage":11.0,"enemies":"Cultist","floor":1.0,"turns":4.0},{"damage":6.0,"enemies":"Small Slimes","floor":2.0,"turns":3.0},{"damage":8.0,"enemies":"2 Louse","floor":3.0,"turns":2.0},{"damage":27.0,"enemies":"Lots of Slimes","floor":4.0,"turns":5.0},{"damage":27.0,"enemies":"Gremlin Nob","floor":6.0,"turns":4.0},{"damage":26.0,"enemies":"Lagavulin","floor":8.0,"turns":5.0},{"damage":25.0,"enemies":"2 Fungi Beasts","floor":13.0,"turns":4.0},{"damage":26.0,"enemies":"Gremlin Nob","floor":14.0,"turns":4.0},{"damage":20.0,"enemies":"Slime Boss","floor":16.0,"turns":8.0},{"damage":2.0,"enemies":"Chosen","floor":18.0,"turns":4.0},{"damage":7.0,"enemies":"Masked Bandits","floor":19.0,"turns":2.0},{"damage":20.0,"enemies":"Spheric Guardian","floor":21.0,"turns":4.0},{"damage":0.0,"enemies":"Slavers","floor":23.0,"turns":1.0},{"damage":11.0,"enemies":"Snake Plant","floor":24.0,"turns":4.0},{"damage":35.0,"enemies":"Book of Stabbing","floor":25.0,"turns":5.0},{"damage":6.0,"enemies":"Sentry and Sphere","floor":28.0,"turns":4.0},{"damage":13.0,"enemies":"Centurion and Healer","floor":29.0,"turns":2.0},{"damage":0.0,"enemies":"Gremlin Leader","floor":30.0,"turns":6.0},{"damage":15.0,"enemies":"Automaton","floor":33.0,"turns":10.0},{"damage":47.0,"enemies":"3 Darklings","floor":35.0,"turns":4.0},{"damage":41.0,"enemies":"3 Shapes","floor":36.0,"turns":2.0},{"damage":53,"enemies":"Writhing Mass","floor":37,"turns":5}],"seed_played":"3622928178830252116","potions_obtained":[{"floor":2.0,"key":"Swift Potion"},{"floor":3.0,"key":"Energy Potion"},{"floor":8.0,"key":"Explosive Potion"},{"floor":14.0,"key":"BloodPotion"},{"floor":16.0,"key":"BloodPotion"},{"floor":18.0,"key":"Explosive Potion"},{"floor":23.0,"key":"Dexterity Potion"},{"floor":29.0,"key":"Regen Potion"},{"floor":33.0,"key":"Strength Potion"}],"is_trial":false,"path_per_floor":["M","M","M","M","?","E","R","E","T","$","?","R","M","E","R","B",null,"M","?","?","M","?","E","M","E","T","$","M","M","E","$","R","B",null,"M","M","M"],"character_chosen":"IRONCLAD","items_purchased":["Happy Flower","Whirlwind","Pantograph","Oddly Smooth Stone","Flex","Bloodletting","Iron Wave"],"campfire_rested":4,"item_purchase_floors":[10,10,27,27,27,27,31],"current_hp_per_floor":[75,75,73,52,52,40,64,44,44,44,44,68,57,37,61,55,80,80,79,79,65,65,71,66,49,49,49,49,42,48,48,72,80,80,54,45,1],"gold":174,"neow_bonus":"ONE_RANDOM_RARE_CARD","is_prod":false,"is_daily":false,"chose_seed":false,"campfire_upgraded":0,"win_rate":0,"timestamp":1543202551,"path_taken":["M","?","M","M","?","E","R","E","T","$","?","R","M","E","R","BOSS","M","?","?","?","?","E","M","E","T","$","M","M","E","$","R","BOSS","M","M","?"],"build_version":"2018-11-15","purchased_purges":0,"victory":false,"max_hp_per_floor":[80,80,80,80,80,80,80,80,80,80,80,80,80,80,80,80,80,80,80,80,80,80,80,80,80,80,80,80,80,80,80,80,80,80,80,80,80],"card_choices":[{"not_picked":["Pommel Strike","Dual Wield"],"picked":"Clash","floor":1.0},{"not_picked":["Flame Barrier","Second Wind"],"picked":"Thunderclap","floor":2.0},{"not_picked":["Hemokinesis","Wild Strike"],"picked":"Inflame","floor":3.0},{"not_picked":["Ghostly Armor","Pummel"],"picked":"Entrench","floor":4.0},{"not_picked":["Rupture","Fire Breathing"],"picked":"Heavy Blade","floor":6.0},{"not_picked":["True Grit","Burning Pact"],"picked":"Iron Wave","floor":8.0},{"not_picked":["Limit Break","Twin Strike"],"picked":"Flex","floor":13.0},{"not_picked":["Body Slam","Battle Trance"],"picked":"Uppercut","floor":14.0},{"not_picked":["Offering","Double Tap"],"picked":"Barricade","floor":16.0},{"not_picked":["Headbutt","Shockwave"],"picked":"Thunderclap","floor":18.0},{"not_picked":["Clash","Sword Boomerang+1"],"picked":"Shrug It Off+1","floor":19.0},{"not_picked":["Thunderclap","Rage+1"],"picked":"Cleave+1","floor":21.0},{"not_picked":["Headbutt+1","Dual Wield"],"picked":"Inflame","floor":23.0},{"not_picked":["Armaments+1","Bloodletting+1"],"picked":"Thunderclap","floor":24.0},{"not_picked":["Limit Break","Dual Wield"],"picked":"Flex","floor":25.0},{"not_picked":["Searing Blow+1","Power Through+1"],"picked":"Pommel Strike","floor":28.0},{"not_picked":["Pummel","True Grit+1"],"picked":"Armaments+1","floor":29.0},{"not_picked":["True Grit+1","Heavy Blade"],"picked":"Shrug It Off","floor":30.0},{"not_picked":["Berserk","Dark Embrace"],"picked":"Reaper","floor":33.0},{"not_picked":["Wild Strike","Armaments+1"],"picked":"Entrench+1","floor":35.0},{"not_picked":["Twin Strike","Havoc","Burning Pact+1"],"picked":"SKIP","floor":36.0}],"player_experience":130342,"relics_obtained":[{"floor":6.0,"key":"Lantern"},{"floor":8.0,"key":"Sundial"},{"floor":9.0,"key":"Bronze Scales"},{"floor":14.0,"key":"Bag of Marbles"},{"floor":19.0,"key":"Red Mask"},{"floor":23.0,"key":"Centennial Puzzle"},{"floor":25.0,"key":"Vajra"},{"floor":30.0,"key":"Ancient Tea Set"}],"event_choices":[{"damage_healed":0.0,"max_hp_gain":0.0,"max_hp_loss":0.0,"gold_gain":0.0,"event_name":"Shining Light","player_choice":"Ignored","floor":5.0,"gold_loss":0.0,"damage_taken":0.0},{"damage_healed":0.0,"max_hp_gain":0.0,"max_hp_loss":0.0,"gold_gain":175.0,"event_name":"Liars Game","player_choice":"AGREE","floor":11.0,"gold_loss":0.0,"damage_taken":0.0,"cards_obtained":["Doubt"]},{"damage_healed":0.0,"max_hp_gain":0.0,"max_hp_loss":0.0,"gold_gain":0.0,"event_name":"Masked Bandits","player_choice":"Fought Bandits","floor":19.0,"gold_loss":0.0,"damage_taken":0.0},{"cards_removed":["Doubt"],"damage_healed":0.0,"max_hp_gain":0.0,"max_hp_loss":0.0,"gold_gain":0.0,"event_name":"Bonfire Elementals","player_choice":"Offered Curse","floor":20.0,"gold_loss":0.0,"damage_taken":0.0,"relics_obtained":["Spirit Poop"]},{"damage_healed":0.0,"max_hp_gain":0.0,"max_hp_loss":0.0,"gold_gain":0.0,"event_name":"Upgrade Shrine","player_choice":"Upgraded","floor":22.0,"gold_loss":0.0,"damage_taken":0.0,"cards_upgraded":["Barricade"]}],"is_beta":false,"boss_relics":[{"not_picked":["Eternal Feather","Empty Cage"],"picked":"Velvet Choker"},{"not_picked":["Sozu","Lizard Tail"],"picked":"Mark of Pain"}],"items_purged_floors":[],"is_endless":false,"potions_floor_spawned":[2,3,8,13,14,16,18,23,29,30,33],"killed_by":"Writhing Mass","ascension_level":2}