{"gold_per_floor":[117,127,52,68,68,98,98,98,166,193,206,220,251,293,305,412,424,456,488,20,35,53,80,80,94,94,114,134,49,67,67,67,67],"floor_reached":33,"playtime":1646,"items_purged":["Strike_R"],"score":306,"play_id":"9a8d766e-77ce-4a5c-8bf7-89685b121652","local_time":"20190105140833","is_ascension_mode":true,"campfire_choices":[{"floor":8,"key":"REST"},{"data":"Shockwave","floor":15,"key":"SMITH"},{"floor":24,"key":"REST"},{"data":"Ghostly Armor","floor":32,"key":"SMITH"}],"neow_cost":"NONE","seed_source_timestamp":10555082371489,"circlet_count":0,"master_deck":["Strike_R","Strike_R","Strike_R","Strike_R","Defend_R","Defend_R","Defend_R","Defend_R","Bash","Clothesline","Thunderclap","Cleave","Uppercut","Heavy Blade","Shockwave+1","Ghostly Armor+1","Hemokinesis","Impervious","Inflame+1","Thunderclap+1","Clash+1","Disarm+1","Warcry+1","Rage+1","Twin Strike+1","Shrug It Off+1","Shrug It Off+1"],"relics":["Burning Blood","Oddly Smooth Stone","Blue Candle","The Courier","MawBank","Bronze Scales","Mark of Pain","Frozen Eye","Question Card","Regal Pillow","Paper Frog","Du-Vu Doll","Juzu Bracelet"],"potions_floor_usage":[12,33],"damage_taken":[{"damage":5,"enemies":"Jaw Worm","floor":1,"turns":4},{"damage":2,"enemies":"Small Slimes","floor":2,"turns":3},{"damage":0,"enemies":"2 Louse","floor":4,"turns":3},{"damage":42,"enemies":"Lagavulin","floor":6,"turns":8},{"damage":14,"enemies":"Gremlin Nob","floor":10,"turns":4},{"damage":1,"enemies":"Large Slime","floor":11,"turns":6},{"damage":21,"enemies":"Gremlin Gang","floor":12,"turns":3},{"damage":18,"enemies":"3 Sentries","floor":13,"turns":9},{"damage":53,"enemies":"The Guardian","floor":16,"turns":16},{"damage":15,"enemies":"Chosen","floor":18,"turns":6},{"damage":21,"enemies":"Spheric Guardian","floor":19,"turns":5},{"damage":12,"enemies":"Cultist and Chosen","floor":21,"turns":6},{"damage":9,"enemies":"Centurion and Healer","floor":22,"turns":5},{"damage":40,"enemies":"Gremlin Leader","floor":23,"turns":6},{"damage":5,"enemies":"Snecko","floor":25,"turns":5},{"damage":0,"enemies":"Chosen and Byrds","floor":27,"turns":5},{"damage":13,"enemies":"Shelled Parasite and Fungi","floor":28,"turns":4},{"damage":7,"enemies":"3 Cultists","floor":30,"turns":6},{"damage":74,"enemies":"Collector","floor":33,"turns":7}],"seed_played":"-497485601539268361","potions_obtained":[{"floor":4,"key":"FairyPotion"},{"floor":10,"key":"EssenceOfSteel"},{"floor":16,"key":"Ancient Potion"},{"floor":19,"key":"SteroidPotion"},{"floor":23,"key":"Poison Potion"}],"is_trial":false,"path_per_floor":["M","M","$","M","$","E","?","R","T","E","M","M","E","?","R","B",null,"M","M","$","M","M","E","R","M","T","M","M","?","M","?","R","B"],"character_chosen":"IRONCLAD","items_purchased":["Frozen Eye","Question Card","Regal Pillow"],"campfire_rested":2,"item_purchase_floors":[20,20,20],"current_hp_per_floor":[88,88,88,88,88,52,52,78,78,70,75,60,48,48,48,11,88,79,64,64,58,55,21,62,63,63,69,62,62,61,61,61,0],"gold":67,"neow_bonus":"TEN_PERCENT_HP_BONUS","is_prod":false,"is_daily":false,"chose_seed":false,"campfire_upgraded":2,"win_rate":0,"timestamp":1546693713,"path_taken":["M","M","$","M","$","E","?","R","T","E","M","M","E","?","R","BOSS","M","M","$","M","M","E","R","M","T","M","M","?","M","?","R","BOSS"],"build_version":"2019-01-03v4","purchased_purges":1,"victory":false,"max_hp_per_floor":[88,88,88,88,88,88,88,88,88,88,88,88,88,88,88,88,88,88,88,88,88,88,88,88,88,88,88,88,88,88,88,88,88],"card_choices":[{"not_picked":["Warcry","Armaments"],"picked":"Clothesline","floor":1},{"not_picked":["True Grit","Heavy Blade"],"picked":"Thunderclap","floor":2},{"not_picked":["Headbutt","Twin Strike"],"picked":"Cleave","floor":4},{"not_picked":["Shockwave","Body Slam"],"picked":"Uppercut","floor":6},{"not_picked":["Pummel","Brutality"],"picked":"Heavy Blade","floor":10},{"not_picked":["Heavy Blade","Corruption"],"picked":"Shockwave","floor":11},{"not_picked":["Bloodletting","Armaments"],"picked":"Ghostly Armor","floor":12},{"not_picked":["Heavy Blade","Offering"],"picked":"Hemokinesis","floor":13},{"not_picked":["Brutality","Berserk"],"picked":"Impervious","floor":16},{"not_picked":["Burning Pact+1","Fire Breathing"],"picked":"Inflame+1","floor":18},{"not_picked":["Dual Wield","Pommel Strike"],"picked":"Thunderclap+1","floor":19},{"not_picked":["Evolve","Flex+1","Clothesline+1"],"picked":"Clash+1","floor":21},{"not_picked":["Feel No Pain","Dropkick","Havoc"],"picked":"Disarm+1","floor":22},{"not_picked":["Entrench","Barricade","Perfected Strike"],"picked":"Warcry+1","floor":23},{"not_picked":["Burning Pact","Clothesline","Flex"],"picked":"Rage+1","floor":25},{"not_picked":["Clash+1","Inflame","Dual Wield+1"],"picked":"Twin Strike+1","floor":27},{"not_picked":["Headbutt","Heavy Blade+1","Perfected Strike"],"picked":"Shrug It Off+1","floor":28},{"not_picked":["Flex","Juggernaut","Intimidate+1"],"picked":"Shrug It Off+1","floor":30}],"player_experience":111776,"relics_obtained":[{"floor":6,"key":"Oddly Smooth Stone"},{"floor":9,"key":"Blue Candle"},{"floor":10,"key":"The Courier"},{"floor":13,"key":"MawBank"},{"floor":23,"key":"Paper Frog"},{"floor":26,"key":"Du-Vu Doll"}],"event_choices":[{"damage_healed":0,"gold_gain":0,"player_choice":"Ignored","damage_taken":0,"max_hp_gain":0,"max_hp_loss":0,"event_name":"Liars Game","floor":7,"gold_loss":0},{"damage_healed":0,"gold_gain":30,"player_choice":"Searched \u00272\u0027 times","damage_taken":0,"relics_obtained":["Bronze Scales"],"max_hp_gain":0,"max_hp_loss":0,"event_name":"Dead Adventurer","floor":14,"gold_loss":0},{"damage_healed":0,"gold_gain":0,"player_choice":"Obtained Relic","damage_taken":0,"relics_obtained":["Juzu Bracelet"],"max_hp_gain":0,"max_hp_loss":0,"event_name":"Addict","floor":29,"gold_loss":85},{"damage_healed":0,"gold_gain":0,"player_choice":"Ignored","damage_taken":0,"max_hp_gain":0,"max_hp_loss":0,"event_name":"Beggar","floor":31,"gold_loss":0}],"is_beta":false,"boss_relics":[{"not_picked":["Ectoplasm","White Beast Statue"],"picked":"Mark of Pain"}],"items_purged_floors":[3],"is_endless":false,"potions_floor_spawned":[4,10,16,19,23,25,28],"killed_by":"Collector","ascension_level":1}