{"gold_per_floor":[115,40,59,234,250,250,284,284,307,307,324,342,342,6,6,101,101,115,115,115,128,128,128,140,140,192,226,151,151,151,71,71,167,217,229,229,55,66,83,83,109,109,133,158,178,194,194,194,194,194],"floor_reached":51,"playtime":2466,"items_purged":["Strike_G"],"score":1024,"play_id":"a0e57c0f-5315-47fd-97b9-4255cbb5ed9e","local_time":"20190115113152","is_ascension_mode":true,"campfire_choices":[{"data":"Neutralize","floor":6,"key":"SMITH"},{"data":"Dash","floor":8,"key":"SMITH"},{"data":"Cloak And Dagger","floor":10,"key":"SMITH"},{"floor":15,"key":"REST"},{"data":"Envenom","floor":23,"key":"SMITH"},{"data":"Accuracy","floor":25,"key":"SMITH"},{"floor":29,"key":"REST"},{"data":"Cloak And Dagger","floor":32,"key":"SMITH"},{"data":"Trip","floor":40,"key":"SMITH"},{"floor":47,"key":"REST"},{"data":"Accuracy","floor":49,"key":"SMITH"}],"neow_cost":"NONE","seed_source_timestamp":3324092540275310,"circlet_count":0,"master_deck":["Defend_G+1","Defend_G+1","Defend_G+1","Defend_G+1","Defend_G+1","Strike_G+1","Strike_G+1","Strike_G+1","Survivor","Neutralize+1","Dash+1","Cloak And Dagger+1","Backflip","Storm of Steel+1","Accuracy+1","Cloak And Dagger+1","Envenom+1","Necronomicurse","Riddle With Holes+1","Accuracy+1","Die Die Die","Blade Dance","Trip+1","Cloak And Dagger+1","Accuracy","Writhe"],"relics":["Ring of the Snake","Ancient Tea Set","Vajra","Strawberry","Juzu Bracelet","OrangePellets","Busted Crown","Necronomicon","Bag of Preparation","Snake Skull","Tiny House","Potion Belt","Art of War","Ornamental Fan"],"potions_floor_usage":[16,19,44,46,50,50,50],"damage_taken":[{"damage":0,"enemies":"Cultist","floor":1,"turns":4},{"damage":0,"enemies":"Jaw Worm","floor":3,"turns":3},{"damage":0,"enemies":"Small Slimes","floor":5,"turns":5},{"damage":47,"enemies":"Gremlin Nob","floor":7,"turns":7},{"damage":0,"enemies":"3 Louse","floor":11,"turns":3},{"damage":11,"enemies":"Lots of Slimes","floor":12,"turns":5},{"damage":19,"enemies":"Hexaghost","floor":16,"turns":12},{"damage":12,"enemies":"Shell Parasite","floor":18,"turns":6},{"damage":0,"enemies":"Masked Bandits","floor":19,"turns":2},{"damage":1,"enemies":"Chosen","floor":21,"turns":6},{"damage":6,"enemies":"Shelled Parasite and Fungi","floor":24,"turns":6},{"damage":15,"enemies":"Book of Stabbing","floor":27,"turns":4},{"damage":27,"enemies":"Collector","floor":33,"turns":7},{"damage":6,"enemies":"3 Darklings","floor":35,"turns":7},{"damage":5,"enemies":"3 Shapes","floor":38,"turns":6},{"damage":6,"enemies":"Spire Growth","floor":39,"turns":3},{"damage":0,"enemies":"Giant Head","floor":41,"turns":5},{"damage":8,"enemies":"Nemesis","floor":44,"turns":5},{"damage":3,"enemies":"4 Shapes","floor":45,"turns":4},{"damage":8,"enemies":"Writhing Mass","floor":46,"turns":4},{"damage":20,"enemies":"Donu and Deca","floor":50,"turns":7}],"seed_played":"-2078595080645469104","potions_obtained":[{"floor":7,"key":"SmokeBomb"},{"floor":12,"key":"LiquidBronze"},{"floor":24,"key":"SmokeBomb"},{"floor":27,"key":"Fire Potion"},{"floor":34,"key":"AttackPotion"},{"floor":39,"key":"Energy Potion"},{"floor":41,"key":"PowerPotion"},{"floor":46,"key":"SkillPotion"}],"is_trial":false,"path_per_floor":["M","$","M","?","M","R","E","R","T","R","M","M","T","$","R","B",null,"M","?","?","M","?","R","M","R","T","E","?","R","?","$","R","B",null,"M","?","$","M","M","R","E","?","T","E","M","M","R","?","R","B",null],"character_chosen":"THE_SILENT","items_purchased":["OrangePellets","Accuracy","Cloak And Dagger","Accuracy","Infinite Blades","Trip"],"campfire_rested":3,"item_purchase_floors":[14,14,14,31,37,37],"current_hp_per_floor":[63,63,63,63,63,63,16,16,23,23,23,12,12,12,35,16,62,50,50,50,49,33,33,27,27,27,12,12,35,35,35,35,8,65,59,59,59,54,48,48,48,48,48,40,37,29,53,74,74,54],"gold":194,"neow_bonus":"RANDOM_COMMON_RELIC","is_prod":false,"is_daily":false,"chose_seed":false,"campfire_upgraded":8,"win_rate":0,"timestamp":1547548312,"path_taken":["M","?","?","?","M","R","E","R","T","R","M","M","?","$","R","BOSS","M","?","?","M","?","R","M","R","T","E","?","R","?","$","R","BOSS","M","?","$","M","M","R","E","?","T","E","M","M","R","?","R","BOSS"],"build_version":"2019-01-10","purchased_purges":1,"victory":true,"max_hp_per_floor":[70,70,70,70,70,70,70,70,77,77,77,77,77,77,77,77,77,77,77,77,77,77,77,77,77,77,77,77,77,77,77,77,77,82,82,82,82,82,82,82,82,82,82,82,82,82,82,82,82,82],"card_choices":[{"not_picked":["Outmaneuver","Endless Agony"],"picked":"Dash","floor":1},{"not_picked":["Choke","Riddle With Holes","Slice"],"picked":"SKIP","floor":3},{"not_picked":["Underhanded Strike","Accuracy","Deflect"],"picked":"SKIP","floor":5},{"not_picked":["Slice","Dagger Throw"],"picked":"Cloak And Dagger","floor":7},{"not_picked":["Slice","Outmaneuver"],"picked":"Backflip","floor":11},{"not_picked":["Sucker Punch","Dagger Throw"],"picked":"Storm of Steel","floor":12},{"not_picked":["Glass Knife","Grand Finale"],"picked":"Envenom","floor":16},{"not_picked":["Slice"],"picked":"SKIP","floor":18},{"not_picked":["Dagger Throw"],"picked":"SKIP","floor":21},{"not_picked":[],"picked":"Riddle With Holes+1","floor":24},{"not_picked":["Dodge and Roll"],"picked":"SKIP","floor":27},{"not_picked":[],"picked":"Die Die Die","floor":33},{"not_picked":[],"picked":"Blade Dance","floor":35},{"not_picked":[],"picked":"Cloak And Dagger+1","floor":38},{"not_picked":["Slice"],"picked":"SKIP","floor":39},{"not_picked":["Terror+1"],"picked":"SKIP","floor":41},{"not_picked":["Heel Hook"],"picked":"SKIP","floor":44},{"not_picked":["Acrobatics"],"picked":"SKIP","floor":45},{"not_picked":[],"picked":"Accuracy","floor":46}],"player_experience":736373,"relics_obtained":[{"floor":7,"key":"Vajra"},{"floor":9,"key":"Strawberry"},{"floor":13,"key":"Juzu Bracelet"},{"floor":22,"key":"Necronomicon"},{"floor":26,"key":"Bag of Preparation"},{"floor":27,"key":"Snake Skull"},{"floor":41,"key":"Potion Belt"},{"floor":43,"key":"Art of War"},{"floor":44,"key":"Ornamental Fan"}],"event_choices":[{"damage_healed":0,"gold_gain":175,"player_choice":"AGREE","damage_taken":0,"max_hp_gain":0,"max_hp_loss":0,"event_name":"Liars Game","floor":4,"gold_loss":0,"cards_obtained":["Doubt"]},{"damage_healed":0,"gold_gain":0,"player_choice":"Fought Bandits","damage_taken":0,"max_hp_gain":0,"max_hp_loss":0,"event_name":"Masked Bandits","floor":19,"gold_loss":0},{"cards_removed":["Doubt"],"damage_healed":0,"gold_gain":0,"player_choice":"Removed Curses","damage_taken":0,"max_hp_gain":0,"max_hp_loss":0,"event_name":"Fountain of Cleansing","floor":20,"gold_loss":0},{"damage_healed":0,"gold_gain":0,"player_choice":"Obtained Book","damage_taken":16,"max_hp_gain":0,"max_hp_loss":0,"event_name":"Cursed Tome","floor":22,"gold_loss":0},{"cards_removed":["Strike_G"],"damage_healed":0,"gold_gain":0,"player_choice":"Gave Gold","damage_taken":0,"max_hp_gain":0,"max_hp_loss":0,"event_name":"Beggar","floor":28,"gold_loss":75},{"damage_healed":0,"gold_gain":0,"player_choice":"Simplicity","damage_taken":0,"max_hp_gain":0,"max_hp_loss":0,"event_name":"Back to Basics","floor":30,"gold_loss":0,"cards_upgraded":["Defend_G","Defend_G","Defend_G","Defend_G","Defend_G","Strike_G","Strike_G","Strike_G"]},{"damage_healed":0,"gold_gain":0,"player_choice":"Ignored","damage_taken":0,"max_hp_gain":0,"max_hp_loss":0,"event_name":"Tomb of Lord Red Mask","floor":36,"gold_loss":0},{"cards_removed":["Infinite Blades"],"damage_healed":0,"gold_gain":0,"player_choice":"Removed Power","damage_taken":0,"max_hp_gain":0,"max_hp_loss":0,"event_name":"Falling","floor":42,"gold_loss":0},{"damage_healed":21,"gold_gain":0,"player_choice":"Writhe","damage_taken":0,"max_hp_gain":0,"max_hp_loss":0,"event_name":"Winding Halls","floor":48,"gold_loss":0,"cards_obtained":["Writhe"]}],"is_beta":false,"boss_relics":[{"not_picked":["Ectoplasm","White Beast Statue"],"picked":"Busted Crown"},{"not_picked":["Lizard Tail","Orrery"],"picked":"Tiny House"}],"items_purged_floors":[2],"is_endless":false,"potions_floor_spawned":[7,12,24,27,35,39,41,46],"ascension_level":8}