{"gold_per_floor":[212,138,88,108,127,127,159,174,174,174,174,200,200,219,219,321,321,339,352,175,185,185],"floor_reached":22,"playtime":908,"items_purged":["Strike_R"],"score":255,"play_id":"aff4abd2-c754-4dd8-bcbb-b7fadef2d3c8","local_time":"20190118203916","is_ascension_mode":true,"campfire_choices":[{"data":"Whirlwind","floor":6.0,"key":"SMITH"},{"data":"Bash","floor":11.0,"key":"SMITH"},{"data":"Demon Form","floor":13.0,"key":"SMITH"},{"data":"True Grit","floor":15.0,"key":"SMITH"}],"neow_cost":"NONE","seed_source_timestamp":174781937176100,"circlet_count":0,"master_deck":["Defend_R","Defend_R","Defend_R","Defend_R","Bash+1","Whirlwind+1","Battle Trance","Demon Form+1","Warcry","True Grit+1","Pommel Strike","Shrug It Off","Double Tap","Body Slam","Shrug It Off","Flame Barrier","Pommel Strike+1"],"special_seed":0,"relics":["Burning Blood","Sundial","Bottled Flame","Letter Opener","Empty Cage"],"potions_floor_usage":[],"damage_taken":[{"damage":1.0,"enemies":"Cultist","floor":1.0,"turns":4.0},{"damage":14.0,"enemies":"Jaw Worm","floor":4.0,"turns":4.0},{"damage":0.0,"enemies":"2 Louse","floor":5.0,"turns":1.0},{"damage":25.0,"enemies":"Lagavulin","floor":7.0,"turns":6.0},{"damage":21.0,"enemies":"Exordium Thugs","floor":8.0,"turns":4.0},{"damage":25.0,"enemies":"3 Sentries","floor":12.0,"turns":5.0},{"damage":0.0,"enemies":"Lots of Slimes","floor":14.0,"turns":1.0},{"damage":6.0,"enemies":"Slime Boss","floor":16.0,"turns":7.0},{"damage":17.0,"enemies":"Shell Parasite","floor":18.0,"turns":4.0},{"damage":28.0,"enemies":"Spheric Guardian","floor":19.0,"turns":6.0},{"damage":22,"enemies":"Snecko","floor":21,"turns":6},{"damage":19,"enemies":"Snake Plant","floor":22,"turns":2}],"seed_played":"-8028419113241723544","potions_obtained":[{"floor":4.0,"key":"GamblersBrew"},{"floor":5.0,"key":"AttackPotion"},{"floor":7.0,"key":"Swift Potion"},{"floor":16.0,"key":"Dexterity Potion"},{"floor":19.0,"key":"Dexterity Potion"}],"is_trial":false,"path_per_floor":["M","$","?","M","M","R","E","M","T","?","R","E","R","M","R","B",null,"M","M","$","M","M"],"character_chosen":"IRONCLAD","items_purchased":["Whirlwind","Shrug It Off","Flame Barrier"],"campfire_rested":0,"item_purchase_floors":[2,20,20],"current_hp_per_floor":[77,77,77,69,75,75,56,41,41,41,41,22,22,28,28,28,67,56,34,34,18,0],"gold":185,"neow_bonus":"HUNDRED_GOLD","is_prod":false,"is_daily":false,"chose_seed":false,"campfire_upgraded":4,"win_rate":0,"timestamp":1547843956,"path_taken":["M","?","?","M","M","R","E","M","T","?","R","E","R","?","R","BOSS","M","?","$","M","M"],"build_version":"2019-01-17v2","purchased_purges":1,"victory":false,"max_hp_per_floor":[80,80,80,80,80,80,80,80,80,80,80,80,80,80,80,80,80,80,80,80,80,80],"card_choices":[{"not_picked":["Thunderclap","Rupture","Havoc"],"picked":"SKIP","floor":1.0},{"not_picked":["Spot Weakness","Anger"],"picked":"Battle Trance","floor":4.0},{"not_picked":["Reckless Charge","Havoc"],"picked":"Demon Form","floor":5.0},{"not_picked":["Perfected Strike","Wild Strike"],"picked":"Warcry","floor":7.0},{"not_picked":["Twin Strike","Heavy Blade"],"picked":"True Grit","floor":8.0},{"not_picked":["Sword Boomerang","True Grit","Rampage"],"picked":"SKIP","floor":12.0},{"not_picked":["Headbutt","Iron Wave"],"picked":"Shrug It Off","floor":14.0},{"not_picked":["Exhume","Limit Break"],"picked":"Double Tap","floor":16.0},{"not_picked":["Warcry","Flex"],"picked":"Body Slam","floor":18.0},{"not_picked":["Flex+1","Seeing Red","Havoc"],"picked":"SKIP","floor":19.0},{"not_picked":["Thunderclap","Clash"],"picked":"Pommel Strike+1","floor":21}],"player_experience":120930,"relics_obtained":[{"floor":7.0,"key":"Sundial"},{"floor":9.0,"key":"Bottled Flame"},{"floor":12.0,"key":"Letter Opener"}],"event_choices":[{"cards_removed":["Strike_R"],"damage_healed":0.0,"max_hp_gain":0.0,"max_hp_loss":0.0,"gold_gain":0.0,"event_name":"The Cleric","player_choice":"Card Removal","floor":3.0,"gold_loss":50.0,"damage_taken":0.0},{"damage_healed":0.0,"max_hp_gain":0.0,"max_hp_loss":0.0,"gold_gain":0.0,"cards_transformed":["Strike_R"],"event_name":"Transmorgrifier","player_choice":"Transformed","floor":10.0,"gold_loss":0.0,"damage_taken":0.0,"cards_obtained":["Pommel Strike"]}],"is_beta":false,"boss_relics":[{"not_picked":["Lizard Tail","Calling Bell"],"picked":"Empty Cage"}],"items_purged_floors":[20],"is_endless":false,"potions_floor_spawned":[4,5,7,16,18,19],"killed_by":"Snake Plant","ascension_level":6}