{"gold_per_floor":[114,134,145,320,340,366,366,398,398,431,431,441,441,476,476,476],"floor_reached":16,"playtime":1022,"items_purged":[],"score":137,"play_id":"8a32a2c0-571a-403e-8b8b-cb6d5f500b88","local_time":"20190201200427","is_ascension_mode":true,"campfire_choices":[{"data":"Fusion","floor":15,"key":"SMITH"}],"neow_cost":"TEN_PERCENT_HP_LOSS","seed_source_timestamp":237537301304455,"circlet_count":0,"master_deck":["Strike_B","Strike_B","Strike_B","Strike_B","Defend_B","Defend_B","Defend_B","Defend_B","Zap","Dualcast","Electrodynamics","Auto Shields","Rebound","Conserve Battery","Doubt","Multi-Cast","Glacier","Ball Lightning","Cold Snap","Fusion+1","White Noise"],"relics":["Cracked Core","Bottled Tornado","Meat on the Bone","Symbiotic Virus","Frozen Egg 2","Sundial","Golden Idol","Gremlin Horn"],"potions_floor_usage":[5,10,14,16],"damage_taken":[{"damage":0,"enemies":"Small Slimes","floor":1,"turns":4},{"damage":0,"enemies":"Jaw Worm","floor":2,"turns":3},{"damage":0,"enemies":"2 Louse","floor":3,"turns":1},{"damage":3,"enemies":"Blue Slaver","floor":5,"turns":3},{"damage":11,"enemies":"Lagavulin","floor":6,"turns":6},{"damage":29,"enemies":"Gremlin Nob","floor":8,"turns":4},{"damage":7,"enemies":"Lagavulin","floor":10,"turns":6},{"damage":0,"enemies":"Red Slaver","floor":12,"turns":4},{"damage":4,"enemies":"3 Sentries","floor":14,"turns":3},{"damage":37,"enemies":"The Guardian","floor":16,"turns":13}],"seed_played":"-7789964714680935245","potions_obtained":[{"floor":2,"key":"Explosive Potion"},{"floor":3,"key":"EssenceOfSteel"},{"floor":8,"key":"Swift Potion"},{"floor":10,"key":"Energy Potion"}],"is_trial":false,"path_per_floor":["M","M","M","?","M","E","?","E","T","E","?","M","?","E","R","B"],"character_chosen":"DEFECT","items_purchased":[],"campfire_rested":0,"item_purchase_floors":[],"current_hp_per_floor":[68,68,68,68,65,54,36,19,19,24,24,36,36,32,32,0],"gold":476,"neow_bonus":"THREE_RARE_CARDS","is_prod":false,"is_daily":false,"chose_seed":false,"campfire_upgraded":1,"win_rate":0,"timestamp":1549019067,"path_taken":["M","M","M","?","M","E","?","E","T","E","?","M","?","E","R","BOSS"],"build_version":"2019-01-23","purchased_purges":0,"victory":false,"max_hp_per_floor":[68,68,68,68,68,68,68,68,68,68,68,68,63,63,63,63],"card_choices":[{"not_picked":["Thunder Strike","Core Surge"],"picked":"Electrodynamics","floor":0},{"not_picked":["Streamline","Hello World"],"picked":"Auto Shields","floor":1},{"not_picked":["Compile Driver","Sweeping Beam"],"picked":"Rebound","floor":2},{"not_picked":["Turbo","Barrage"],"picked":"Conserve Battery","floor":3},{"not_picked":["Rebound","Storm"],"picked":"Multi-Cast","floor":5},{"not_picked":["Turbo","Auto Shields"],"picked":"Glacier","floor":6},{"not_picked":["Stack","Gash"],"picked":"Ball Lightning","floor":8},{"not_picked":["Compile Driver","Beam Cell"],"picked":"Cold Snap","floor":10},{"not_picked":["Barrage","Genetic Algorithm"],"picked":"Fusion","floor":12},{"not_picked":["Amplify","Chill"],"picked":"White Noise","floor":14}],"player_experience":153258,"relics_obtained":[{"floor":6,"key":"Bottled Tornado"},{"floor":8,"key":"Symbiotic Virus"},{"floor":9,"key":"Frozen Egg 2"},{"floor":10,"key":"Sundial"},{"floor":14,"key":"Gremlin Horn"}],"event_choices":[{"damage_healed":0,"gold_gain":175,"player_choice":"AGREE","damage_taken":0,"max_hp_gain":0,"max_hp_loss":0,"event_name":"Liars Game","floor":4,"gold_loss":0,"cards_obtained":["Doubt"]},{"damage_healed":0,"gold_gain":0,"player_choice":"Success","damage_taken":18,"relics_obtained":["Meat on the Bone"],"max_hp_gain":0,"max_hp_loss":0,"event_name":"Scrap Ooze","floor":7,"gold_loss":0},{"damage_healed":0,"gold_gain":0,"player_choice":"Ignored","damage_taken":0,"max_hp_gain":0,"max_hp_loss":0,"event_name":"Shining Light","floor":11,"gold_loss":0},{"damage_healed":0,"gold_gain":0,"player_choice":"Lose Max HP","damage_taken":0,"relics_obtained":["Golden Idol"],"max_hp_gain":0,"max_hp_loss":5,"event_name":"Golden Idol","floor":13,"gold_loss":0}],"is_beta":false,"boss_relics":[],"items_purged_floors":[],"is_endless":false,"potions_floor_spawned":[2,3,8,10],"killed_by":"The Guardian","ascension_level":1}