{"gold_per_floor":[115,67,79,79,99,124,199,199,199,217,217,26,52,70,70,174,174,190,206,305,321,341,341,391,391,417,431,449,449,475,493,493,588,588,603,52,0,999,1010,1010,1010],"floor_reached":41,"playtime":1887,"items_purged":["Strike_B"],"score":511,"play_id":"b9eaf04a-0d25-4606-a3c7-9294295b34dc","local_time":"20190123221107","is_ascension_mode":true,"campfire_choices":[{"floor":8.0,"key":"REST"},{"floor":11.0,"key":"REST"},{"data":"Rainbow","floor":15.0,"key":"SMITH"},{"data":"Sunder","floor":23.0,"key":"SMITH"},{"data":"Glacier","floor":25.0,"key":"SMITH"},{"floor":29.0,"key":"REST"},{"data":"Loop","floor":32.0,"key":"SMITH"},{"data":"Go for the Eyes","floor":40.0,"key":"SMITH"}],"neow_cost":"NONE","seed_source_timestamp":0,"circlet_count":0,"master_deck":["Defend_B+1","Defend_B+1","Defend_B","Defend_B","Zap","Dualcast","Sunder+1","Conserve Battery","Beam Cell","Rainbow+1","Loop+1","Auto Shields","Go for the Eyes+1","Electrodynamics","Glacier+1","Parasite","Multi-Cast","Glacier+1","Normality","Normality","Conserve Battery+1"],"special_seed":0,"relics":["Busted Crown","Pantograph","Kunai","Oddly Smooth Stone","War Paint","Cursed Key","Pen Nib","Mummified Hand","Empty Cage","Ice Cream","DollysMirror","Red Mask"],"potions_floor_usage":[41],"damage_taken":[{"damage":0.0,"enemies":"Small Slimes","floor":1.0,"turns":3.0},{"damage":0.0,"enemies":"Jaw Worm","floor":3.0,"turns":3.0},{"damage":0.0,"enemies":"Cultist","floor":5.0,"turns":3.0},{"damage":32.0,"enemies":"Gremlin Nob","floor":6.0,"turns":4.0},{"damage":7.0,"enemies":"Exordium Wildlife","floor":10.0,"turns":2.0},{"damage":4.0,"enemies":"Lagavulin","floor":13.0,"turns":6.0},{"damage":5.0,"enemies":"Looter","floor":14.0,"turns":3.0},{"damage":18.0,"enemies":"The Guardian","floor":16.0,"turns":10.0},{"damage":0.0,"enemies":"Spheric Guardian","floor":18.0,"turns":3.0},{"damage":0.0,"enemies":"Chosen","floor":19.0,"turns":4.0},{"damage":18.0,"enemies":"Shelled Parasite and Fungi","floor":21.0,"turns":8.0},{"damage":0.0,"enemies":"Snecko","floor":22.0,"turns":4.0},{"damage":5.0,"enemies":"Chosen and Byrds","floor":27.0,"turns":6.0},{"damage":6.0,"enemies":"Shelled Parasite and Fungi","floor":28.0,"turns":3.0},{"damage":8.0,"enemies":"Gremlin Leader","floor":30.0,"turns":7.0},{"damage":8.0,"enemies":"Centurion and Healer","floor":31.0,"turns":8.0},{"damage":67.0,"enemies":"Automaton","floor":33.0,"turns":15.0},{"damage":3.0,"enemies":"Orb Walker","floor":35.0,"turns":4.0},{"damage":0.0,"enemies":"3 Darklings","floor":39.0,"turns":12.0},{"damage":108,"enemies":"Giant Head","floor":41,"turns":11}],"seed_played":"5158539498172070954","potions_obtained":[{"floor":1.0,"key":"SteroidPotion"},{"floor":3.0,"key":"Weak Potion"},{"floor":6.0,"key":"Regen Potion"},{"floor":14.0,"key":"SkillPotion"},{"floor":21.0,"key":"Block Potion"},{"floor":22.0,"key":"GamblersBrew"},{"floor":28.0,"key":"FairyPotion"}],"is_trial":false,"path_per_floor":["M","$","M","?","M","E","?","R","T","M","R","$","E","M","R","B",null,"M","M","?","M","M","R","?","R","T","M","M","R","E","M","R","B",null,"M","$","?","?","M","R","E"],"character_chosen":"DEFECT","items_purchased":["Conserve Battery","Oddly Smooth Stone","Loop","Ice Cream","DollysMirror"],"campfire_rested":3,"item_purchase_floors":[2,12,12,36,36],"current_hp_per_floor":[75,75,75,75,75,43,32,54,54,47,69,69,65,60,60,57,75,75,75,75,57,57,57,57,57,57,52,46,68,60,52,52,8,75,72,72,72,72,72,72,0],"gold":1010,"neow_bonus":"BOSS_RELIC","is_prod":false,"is_daily":false,"chose_seed":false,"campfire_upgraded":5,"win_rate":0,"timestamp":1548299467,"path_taken":["M","$","M","?","M","E","?","R","T","M","R","?","E","?","R","BOSS","M","?","?","M","M","R","?","R","T","M","?","R","E","M","R","BOSS","M","$","?","?","M","R","E"],"build_version":"2019-01-23","purchased_purges":1,"victory":false,"max_hp_per_floor":[75,75,75,75,75,75,75,75,75,75,75,75,75,75,75,75,75,75,75,75,75,75,75,75,75,75,75,75,75,75,75,75,75,75,75,75,75,75,75,75,75],"card_choices":[{"not_picked":[],"picked":"Sunder","floor":1.0},{"not_picked":[],"picked":"Beam Cell","floor":3.0},{"not_picked":["Doom and Gloom"],"picked":"SKIP","floor":5.0},{"not_picked":["Barrage"],"picked":"SKIP","floor":6.0},{"not_picked":["Beam Cell"],"picked":"SKIP","floor":10.0},{"not_picked":[],"picked":"Auto Shields","floor":13.0},{"not_picked":[],"picked":"Go for the Eyes","floor":14.0},{"not_picked":[],"picked":"Electrodynamics","floor":16.0},{"not_picked":["Hologram"],"picked":"SKIP","floor":18.0},{"not_picked":[],"picked":"Glacier","floor":19.0},{"not_picked":["BootSequence"],"picked":"SKIP","floor":21.0},{"not_picked":["Ball Lightning"],"picked":"SKIP","floor":22.0},{"not_picked":["Leap"],"picked":"SKIP","floor":27.0},{"not_picked":["Go for the Eyes"],"picked":"SKIP","floor":28.0},{"not_picked":["Scrape+1"],"picked":"SKIP","floor":30.0},{"not_picked":["Beam Cell"],"picked":"SKIP","floor":31.0},{"not_picked":[],"picked":"Multi-Cast","floor":33.0},{"not_picked":["Darkness+1"],"picked":"SKIP","floor":35.0},{"not_picked":[],"picked":"Conserve Battery+1","floor":39.0}],"player_experience":115451,"relics_obtained":[{"floor":6.0,"key":"Pantograph"},{"floor":9.0,"key":"Kunai"},{"floor":13.0,"key":"War Paint"},{"floor":26.0,"key":"Pen Nib"},{"floor":30.0,"key":"Mummified Hand"}],"event_choices":[{"damage_healed":0.0,"max_hp_gain":0.0,"max_hp_loss":0.0,"gold_gain":0.0,"cards_transformed":["Strike_B"],"event_name":"Living Wall","player_choice":"Change","floor":4.0,"gold_loss":0.0,"damage_taken":0.0,"cards_obtained":["Rainbow"]},{"damage_healed":0.0,"max_hp_gain":0.0,"max_hp_loss":0.0,"gold_gain":75.0,"event_name":"World of Goop","player_choice":"Gather Gold","floor":7.0,"gold_loss":0.0,"damage_taken":11.0},{"damage_healed":0.0,"max_hp_gain":0.0,"max_hp_loss":0.0,"gold_gain":99.0,"event_name":"Nest","player_choice":"Stole From Cult","floor":20.0,"gold_loss":0.0,"damage_taken":0.0},{"damage_healed":0.0,"max_hp_gain":0.0,"max_hp_loss":0.0,"gold_gain":100.0,"event_name":"The Joust","player_choice":"Bet on Murderer","floor":24.0,"gold_loss":50.0,"damage_taken":0.0},{"damage_healed":0.0,"max_hp_gain":0.0,"max_hp_loss":0.0,"gold_gain":0.0,"event_name":"Tomb of Lord Red Mask","player_choice":"Paid","floor":37.0,"gold_loss":52.0,"damage_taken":0.0,"relics_obtained":["Red Mask"]},{"damage_healed":0.0,"max_hp_gain":0.0,"max_hp_loss":0.0,"gold_gain":999.0,"event_name":"MindBloom","player_choice":"Gold","floor":38.0,"gold_loss":0.0,"damage_taken":0.0,"cards_obtained":["Normality","Normality"]}],"is_beta":false,"boss_relics":[{"not_picked":["Runic Pyramid","Snecko Eye"],"picked":"Cursed Key"},{"not_picked":["Nuclear Battery","Orrery"],"picked":"Empty Cage"}],"items_purged_floors":[36],"is_endless":false,"potions_floor_spawned":[1,3,6,14,16,19,21,22,28,33,39],"killed_by":"Giant Head","ascension_level":3}