{"gold_per_floor":[112,112,112,127,153,188,200,229,268,313,325,357,383,428,440,550,562,587,599,611,637,649,661,673,713,751,782,809,463,463,478,478,478],"floor_reached":33,"playtime":1110,"items_purged":["Sweeping Beam"],"score":413,"play_id":"1dc63e8e-8143-4140-a9da-696dfa1707c4","local_time":"20190119035948","is_ascension_mode":true,"campfire_choices":[{"data":"Zap","floor":7,"key":"SMITH"},{"floor":15,"key":"REST"},{"data":"Biased Cognition","floor":23,"key":"SMITH"},{"floor":30,"key":"REST"},{"floor":32,"key":"REST"}],"neow_cost":"NONE","seed_source_timestamp":708896719211408,"circlet_count":0,"master_deck":["Defend_B+1","Defend_B+1","Defend_B","Zap+1","Dualcast","Gash","Conserve Battery","FTL","Biased Cognition+1","White Noise","Go for the Eyes+1","Bite","Bite","Bite","Bite","Bite","Defragment","White Noise","Fission","Loop","Defragment+1"],"relics":["Cracked Core","NeowsBlessing","DataDisk","MawBank","Bronze Scales","StoneCalendar","Dream Catcher","Orrery","MutagenicStrength","Pen Nib","Bag of Preparation"],"potions_floor_usage":[14,25,25,27],"damage_taken":[{"damage":0,"enemies":"Jaw Worm","floor":1,"turns":1},{"damage":0,"enemies":"Cultist","floor":4,"turns":1},{"damage":0,"enemies":"Gremlin Nob","floor":6,"turns":1},{"damage":0,"enemies":"2 Louse","floor":8,"turns":2},{"damage":27,"enemies":"3 Sentries","floor":10,"turns":6},{"damage":0,"enemies":"Looter","floor":12,"turns":2},{"damage":0,"enemies":"Blue Slaver","floor":13,"turns":2},{"damage":17,"enemies":"Lagavulin","floor":14,"turns":6},{"damage":18,"enemies":"Slime Boss","floor":16,"turns":7},{"damage":4,"enemies":"Spheric Guardian","floor":18,"turns":3},{"damage":4,"enemies":"Chosen","floor":21,"turns":3},{"damage":47,"enemies":"Slavers","floor":25,"turns":3},{"damage":5,"enemies":"3 Cultists","floor":27,"turns":4},{"damage":8,"enemies":"Snecko","floor":28,"turns":4},{"damage":24,"enemies":"Centurion and Healer","floor":31,"turns":6},{"damage":82,"enemies":"Collector","floor":33,"turns":6}],"seed_played":"-7458665480026606696","potions_obtained":[{"floor":4,"key":"Weak Potion"},{"floor":8,"key":"Ancient Potion"},{"floor":13,"key":"LiquidBronze"},{"floor":14,"key":"Swift Potion"},{"floor":25,"key":"SteroidPotion"},{"floor":31,"key":"SmokeBomb"}],"is_trial":false,"path_per_floor":["M","?","?","M","T","E","R","M","T","E","?","M","M","E","R","B",null,"M","?","?","M","$","R","?","E","T","M","M","$","R","M","R","B"],"character_chosen":"DEFECT","items_purchased":["Defragment","White Noise","Fission"],"campfire_rested":3,"item_purchase_floors":[29,29,29],"current_hp_per_floor":[75,60,53,53,53,53,53,53,53,26,51,51,51,34,56,38,66,62,52,52,52,52,52,52,11,11,20,20,20,35,29,44,0],"gold":478,"neow_bonus":"THREE_ENEMY_KILL","is_prod":false,"is_daily":false,"chose_seed":false,"campfire_upgraded":2,"win_rate":0,"timestamp":1547882988,"path_taken":["M","?","?","M","?","E","R","?","T","E","?","M","M","E","R","BOSS","M","?","?","M","$","R","?","E","T","M","?","$","R","M","R","BOSS"],"build_version":"2019-01-17v2","purchased_purges":1,"victory":false,"max_hp_per_floor":[75,75,75,75,75,75,75,75,75,75,75,75,75,75,75,75,75,75,52,52,52,52,52,52,52,52,52,52,52,52,52,52,52],"card_choices":[{"not_picked":["Compile Driver","Hello World","Cold Snap"],"picked":"SKIP","floor":1},{"not_picked":["Reinforced Body","Rebound","Streamline"],"picked":"SKIP","floor":4},{"not_picked":["Doom and Gloom","Darkness","Turbo"],"picked":"SKIP","floor":6},{"not_picked":["Cold Snap","Conserve Battery"],"picked":"Gash","floor":8},{"not_picked":["Reboot","Compile Driver","Hologram"],"picked":"SKIP","floor":10},{"not_picked":["Steam","Go for the Eyes"],"picked":"Conserve Battery","floor":12},{"not_picked":["Force Field","Ball Lightning"],"picked":"Sweeping Beam","floor":13},{"not_picked":["Reinforced Body","Reprogram"],"picked":"FTL","floor":14},{"not_picked":["Buffer","All For One"],"picked":"Biased Cognition","floor":16},{"not_picked":["Reinforced Body","Steam"],"picked":"White Noise","floor":17},{"not_picked":["Reinforced Body","Double Energy"],"picked":"Go for the Eyes+1","floor":18},{"not_picked":["Chill","Fusion","Hologram"],"picked":"SKIP","floor":21},{"not_picked":["Skim","Cold Snap","Storm"],"picked":"SKIP","floor":25},{"not_picked":["Sweeping Beam+1","Streamline+1","Redo+1"],"picked":"SKIP","floor":27},{"not_picked":["Compile Driver","Stack","Tempest"],"picked":"SKIP","floor":28},{"not_picked":["Doom and Gloom","Reboot"],"picked":"Loop","floor":30},{"not_picked":["Genetic Algorithm","Auto Shields","Leap+1"],"picked":"SKIP","floor":31},{"not_picked":["Streamline","Chaos"],"picked":"Defragment+1","floor":32}],"player_experience":181680,"relics_obtained":[{"floor":5,"key":"DataDisk"},{"floor":6,"key":"MawBank"},{"floor":9,"key":"Bronze Scales"},{"floor":10,"key":"StoneCalendar"},{"floor":14,"key":"Dream Catcher"},{"floor":25,"key":"Pen Nib"},{"floor":26,"key":"Bag of Preparation"}],"event_choices":[{"damage_healed":0,"gold_gain":0,"player_choice":"Entered Light","damage_taken":15,"max_hp_gain":0,"max_hp_loss":0,"event_name":"Shining Light","floor":2,"gold_loss":0,"cards_upgraded":["Defend_B","Defend_B"]},{"cards_removed":["Strike_B"],"damage_healed":0,"gold_gain":0,"player_choice":"Card Removal","damage_taken":7,"max_hp_gain":0,"max_hp_loss":0,"event_name":"Golden Wing","floor":3,"gold_loss":0},{"damage_healed":25,"gold_gain":0,"player_choice":"Banana","damage_taken":0,"max_hp_gain":0,"max_hp_loss":0,"event_name":"Big Fish","floor":11,"gold_loss":0},{"damage_healed":0,"gold_gain":0,"player_choice":"Became a vampire","damage_taken":0,"max_hp_gain":0,"max_hp_loss":23,"event_name":"Vampires","floor":19,"gold_loss":0,"cards_obtained":["Bite","Bite","Bite","Bite","Bite"]},{"damage_healed":0,"gold_gain":0,"player_choice":"Inject Mutagens","damage_taken":0,"relics_obtained":["MutagenicStrength"],"max_hp_gain":0,"max_hp_loss":0,"event_name":"Drug Dealer","floor":20,"gold_loss":0},{"cards_removed":["Defend_B"],"damage_healed":0,"gold_gain":0,"player_choice":"Purged","damage_taken":0,"max_hp_gain":0,"max_hp_loss":0,"event_name":"Purifier","floor":24,"gold_loss":0}],"is_beta":false,"boss_relics":[{"not_picked":["FrozenCore","Inserter"],"picked":"Orrery"}],"items_purged_floors":[29],"is_endless":false,"potions_floor_spawned":[4,8,13,14,21,25,31],"killed_by":"Collector","ascension_level":5}