{"gold_per_floor":[110,285,285,285,305,330,348,36,61,61,126,155,155,175,175,272,272,292,292,292,28,44,44,55,87,87,87],"floor_reached":27,"playtime":2058,"items_purged":["Decay","Doubt"],"score":239,"play_id":"84a93752-d7c2-4ed8-bb4c-3dfd502bb067","local_time":"20190101172535","is_ascension_mode":false,"campfire_choices":[{"data":"Capacitor","floor":10,"key":"SMITH"},{"floor":15,"key":"REST"},{"data":"Echo Form","floor":23,"key":"SMITH"}],"neow_cost":"TEN_PERCENT_HP_LOSS","seed_source_timestamp":330105886048560,"circlet_count":0,"master_deck":["Strike_B","Strike_B+1","Strike_B","Strike_B","Defend_B","Defend_B","Defend_B","Defend_B","Zap","Dualcast","Mind Blast","Blind","Redo","Glacier","Cold Snap","Sweeping Beam","Blizzard+1","Capacitor+1","Bandage Up","Consume","Capacitor","Machine Learning","Echo Form+1","Darkness","RitualDagger","Thinking Ahead","Ball Lightning","Rebound","Redo"],"relics":["Cracked Core","Bronze Scales","Strawberry","Centennial Puzzle","Blood Vial","Whetstone","Velvet Choker","Mummified Hand","Gremlin Horn"],"potions_floor_usage":[18],"damage_taken":[{"damage":0,"enemies":"Small Slimes","floor":1,"turns":2},{"damage":3,"enemies":"Jaw Worm","floor":5,"turns":3},{"damage":28,"enemies":"3 Sentries","floor":6,"turns":10},{"damage":2,"enemies":"Cultist","floor":7,"turns":3},{"damage":17,"enemies":"3 Sentries","floor":11,"turns":8},{"damage":19,"enemies":"Gremlin Nob","floor":12,"turns":4},{"damage":9,"enemies":"Exordium Thugs","floor":14,"turns":5},{"damage":14,"enemies":"Hexaghost","floor":16,"turns":11},{"damage":17,"enemies":"2 Thieves","floor":18,"turns":4},{"damage":15,"enemies":"Shell Parasite","floor":22,"turns":7},{"damage":28,"enemies":"Shelled Parasite and Fungi","floor":24,"turns":9},{"damage":30,"enemies":"Book of Stabbing","floor":25,"turns":6},{"damage":8,"enemies":"Centurion and Healer","floor":27,"turns":1}],"seed_played":"-2586023096930592488","potions_obtained":[{"floor":1,"key":"Weak Potion"},{"floor":7,"key":"Swift Potion"},{"floor":12,"key":"PowerPotion"},{"floor":13,"key":"Fruit Juice"},{"floor":25,"key":"SpeedPotion"}],"is_trial":false,"path_per_floor":["M","?","T","?","M","E","M","$","T","R","?","E","?","M","R","B",null,"M","?","?","$","M","R","M","E","T","M"],"character_chosen":"DEFECT","items_purchased":["Blizzard","Capacitor","Bandage Up","Thinking Ahead"],"campfire_rested":1,"item_purchase_floors":[8,8,8,21],"current_hp_per_floor":[68,68,68,68,65,44,42,42,42,42,29,16,16,13,35,27,75,67,67,61,61,52,52,30,6,6,0],"gold":87,"neow_bonus":"RANDOM_COLORLESS_2","is_prod":false,"is_daily":false,"chose_seed":false,"campfire_upgraded":2,"win_rate":0.0,"timestamp":1546381535,"path_taken":["M","?","?","?","?","E","M","?","T","R","?","E","?","M","R","BOSS","M","?","?","?","M","R","M","E","T","M"],"build_version":"2018-12-20","purchased_purges":2,"victory":false,"max_hp_per_floor":[68,68,68,68,68,75,75,75,75,75,75,75,75,75,75,75,75,80,80,80,80,80,80,80,80,80,80],"card_choices":[{"not_picked":["BootSequence","Streamline"],"picked":"Redo","floor":1},{"not_picked":["Leap","Conserve Battery"],"picked":"Glacier","floor":5},{"not_picked":["Skim","Hologram"],"picked":"Cold Snap","floor":6},{"not_picked":["Force Field","Redo"],"picked":"Sweeping Beam","floor":7},{"not_picked":["Melter","Genetic Algorithm"],"picked":"Consume","floor":11},{"not_picked":["Compile Driver","Leap"],"picked":"Capacitor","floor":12},{"not_picked":["Blizzard","Skim"],"picked":"Machine Learning","floor":14},{"not_picked":["Electrodynamics","Multi-Cast"],"picked":"Echo Form","floor":16},{"not_picked":["Blizzard","Heatsinks+1"],"picked":"Darkness","floor":18},{"not_picked":["Leap","Redo"],"picked":"Ball Lightning","floor":22},{"not_picked":["Doom and Gloom","Blizzard+1"],"picked":"Rebound","floor":24},{"not_picked":["Steam","Rebound+1"],"picked":"Redo","floor":25}],"player_experience":7844,"relics_obtained":[{"floor":3,"key":"Bronze Scales"},{"floor":6,"key":"Strawberry"},{"floor":9,"key":"Centennial Puzzle"},{"floor":11,"key":"Blood Vial"},{"floor":12,"key":"Whetstone"},{"floor":25,"key":"Mummified Hand"},{"floor":26,"key":"Gremlin Horn"}],"event_choices":[{"damage_healed":0,"gold_gain":175,"player_choice":"AGREE","damage_taken":0,"max_hp_gain":0,"max_hp_loss":0,"event_name":"Liars Game","floor":2,"gold_loss":0,"cards_obtained":["Doubt"]},{"damage_healed":0,"gold_gain":0,"player_choice":"Cursed","damage_taken":0,"max_hp_gain":0,"max_hp_loss":0,"event_name":"Wheel of Change","floor":4,"gold_loss":0,"cards_obtained":["Decay"]},{"damage_healed":0,"gold_gain":0,"player_choice":"Searched \u00271\u0027 times","damage_taken":0,"max_hp_gain":0,"max_hp_loss":0,"event_name":"Dead Adventurer","floor":11,"gold_loss":0},{"damage_healed":0,"gold_gain":0,"player_choice":"Got Potions","damage_taken":0,"max_hp_gain":0,"max_hp_loss":0,"event_name":"Lab","floor":13,"gold_loss":0},{"damage_healed":0,"gold_gain":0,"player_choice":"Ignored","damage_taken":0,"max_hp_gain":0,"max_hp_loss":0,"event_name":"Ghosts","floor":19,"gold_loss":0},{"damage_healed":0,"gold_gain":0,"player_choice":"Joined the Cult","damage_taken":6,"max_hp_gain":0,"max_hp_loss":0,"event_name":"Nest","floor":20,"gold_loss":0,"cards_obtained":["RitualDagger"]}],"is_beta":false,"boss_relics":[{"not_picked":["Empty Cage","Nuclear Battery"],"picked":"Velvet Choker"}],"items_purged_floors":[8,21],"is_endless":false,"potions_floor_spawned":[1,7,12,25],"killed_by":"Centurion and Healer","ascension_level":0}