{"gold_per_floor":[113,113,4,179,179,214,229,49,49,61,61,112,142,152,152,253,303,322,322,342,357,12,12,12,45,75,75,75,91,91,121,121,220,220,237,237,45,63,163,197,197,215,239,239,239,271,283,109,109,109],"floor_reached":50,"playtime":1926,"items_purged":["Dualcast","Zap"],"score":596,"play_id":"5ba840c8-6a39-48c2-ae3a-9a2325489ea8","local_time":"20190112142036","is_ascension_mode":false,"campfire_choices":[{"floor":15,"key":"REST"},{"data":"Chill","floor":24,"key":"SMITH"},{"data":"J.A.X.","floor":27,"key":"SMITH"},{"data":"Self Repair","floor":30,"key":"SMITH"},{"data":"Self Repair","floor":32,"key":"SMITH"},{"floor":41,"key":"REST"},{"floor":44,"key":"REST"},{"data":"Madness","floor":49,"key":"SMITH"}],"neow_cost":"PERCENT_DAMAGE","seed_source_timestamp":178989084407660,"circlet_count":0,"master_deck":["Strike_B+1","Strike_B","Strike_B","Strike_B+1","Defend_B","Defend_B","Defend_B","Defend_B","Beam Cell","Self Repair+1","Steam","Apotheosis+1","Self Repair+1","Coolheaded","Blizzard+1","Core Surge+1","Chill+1","Rip and Tear+1","Coolheaded","J.A.X.+1","Cold Snap+1","Sweeping Beam+1","Streamline+1","Gash+1","Madness","Madness+1","Coolheaded","Rip and Tear+1","Capacitor","Rebound+1","Steam+1","Rebound+1"],"relics":["Cracked Core","Ginger","Gremlin Horn","Molten Egg 2","Bag of Preparation","Whetstone","Tiny House","Letter Opener","Centennial Puzzle","Tiny Chest","Darkstone Periapt","Philosopher\u0027s Stone","Runic Capacitor","Nunchaku","Bottled Lightning","Art of War","Orichalcum","Juzu Bracelet"],"potions_floor_usage":[6,11,16,25,25,33,39,46,50,50],"damage_taken":[{"damage":2,"enemies":"Cultist","floor":1,"turns":5},{"damage":41,"enemies":"Lagavulin","floor":6,"turns":7},{"damage":17,"enemies":"Small Slimes","floor":7,"turns":4},{"damage":1,"enemies":"Jaw Worm","floor":10,"turns":5},{"damage":0,"enemies":"Exordium Wildlife","floor":11,"turns":1},{"damage":8,"enemies":"Gremlin Nob","floor":13,"turns":4},{"damage":6,"enemies":"2 Fungi Beasts","floor":14,"turns":4},{"damage":56,"enemies":"The Guardian","floor":16,"turns":16},{"damage":4,"enemies":"3 Byrds","floor":18,"turns":5},{"damage":15,"enemies":"Chosen","floor":20,"turns":5},{"damage":25,"enemies":"3 Cultists","floor":21,"turns":4},{"damage":18,"enemies":"Book of Stabbing","floor":25,"turns":5},{"damage":4,"enemies":"Chosen and Byrds","floor":29,"turns":4},{"damage":6,"enemies":"Gremlin Leader","floor":31,"turns":3},{"damage":41,"enemies":"Collector","floor":33,"turns":9},{"damage":9,"enemies":"3 Darklings","floor":35,"turns":3},{"damage":0,"enemies":"3 Shapes","floor":38,"turns":3},{"damage":6,"enemies":"Mind Bloom Boss Battle","floor":39,"turns":7},{"damage":35,"enemies":"Giant Head","floor":40,"turns":8},{"damage":32,"enemies":"Jaw Worm Horde","floor":42,"turns":4},{"damage":8,"enemies":"Reptomancer","floor":46,"turns":4},{"damage":8,"enemies":"Spire Growth","floor":47,"turns":4},{"damage":85,"enemies":"Time Eater","floor":50,"turns":6}],"seed_played":"-5135512519529579906","potions_obtained":[{"floor":1,"key":"SpeedPotion"},{"floor":6,"key":"SmokeBomb"},{"floor":13,"key":"Swift Potion"},{"floor":14,"key":"Strength Potion"},{"floor":20,"key":"SkillPotion"},{"floor":31,"key":"Energy Potion"},{"floor":38,"key":"Weak Potion"},{"floor":42,"key":"Energy Potion"},{"floor":46,"key":"Explosive Potion"},{"floor":47,"key":"Strength Potion"}],"is_trial":false,"path_per_floor":["M","T","$","?","?","E","M","$","T","M","M","T","E","M","R","B",null,"M","?","M","M","$","?","R","E","T","R","?","M","R","E","R","B",null,"M","?","$","M","?","E","R","M","T","R","?","E","M","$","R","B"],"character_chosen":"DEFECT","items_purchased":["Self Repair","Apotheosis","Letter Opener","Runic Capacitor","Juzu Bracelet","Rebound+1"],"campfire_rested":3,"item_purchase_floors":[3,8,22,37,48,48],"current_hp_per_floor":[52,52,52,52,52,18,8,8,8,14,14,14,26,40,62,26,80,80,80,80,69,69,69,69,71,71,71,71,80,80,80,80,59,80,80,70,70,80,80,65,80,68,68,80,80,80,80,80,80,0],"gold":109,"neow_bonus":"ONE_RARE_RELIC","is_prod":false,"is_daily":false,"chose_seed":false,"campfire_upgraded":5,"win_rate":0.0,"timestamp":1547299236,"path_taken":["M","?","$","?","?","E","?","$","T","M","?","?","E","M","R","BOSS","M","?","M","M","$","?","R","E","T","R","?","M","R","E","R","BOSS","M","?","$","M","?","E","R","M","T","R","?","E","M","$","R","BOSS"],"build_version":"2019-01-10","purchased_purges":2,"victory":false,"max_hp_per_floor":[75,75,75,75,75,75,75,75,75,75,75,75,75,75,75,75,80,80,80,80,80,80,80,80,80,80,80,80,80,80,80,80,80,80,80,80,80,80,80,80,80,80,80,80,80,80,80,80,80,80],"card_choices":[{"not_picked":["Reinforced Body","FTL"],"picked":"Beam Cell","floor":1},{"not_picked":["Storm","Recycle","Fission"],"picked":"SKIP","floor":6},{"not_picked":["Rebound","Redo"],"picked":"Steam","floor":7},{"not_picked":["Steam Power","Barrage+1"],"picked":"Self Repair","floor":10},{"not_picked":["Auto Shields","Stack"],"picked":"Coolheaded","floor":13},{"not_picked":["Tempest","Rip and Tear+1"],"picked":"Blizzard+1","floor":14},{"not_picked":["Seek","Fission"],"picked":"Core Surge+1","floor":16},{"not_picked":["Redo","Leap"],"picked":"Chill","floor":17},{"not_picked":["Rebound+1","Tempest"],"picked":"Rip and Tear+1","floor":18},{"not_picked":["Chaos","Self Repair"],"picked":"Coolheaded","floor":20},{"not_picked":["Turbo","Consume","Darkness"],"picked":"SKIP","floor":21},{"not_picked":["Undo","Darkness"],"picked":"Cold Snap+1","floor":25},{"not_picked":["Go for the Eyes+1","Hello World"],"picked":"Sweeping Beam+1","floor":29},{"not_picked":["Reboot","Heatsinks"],"picked":"Streamline+1","floor":31},{"not_picked":["Turbo","Beam Cell+1"],"picked":"Gash+1","floor":35},{"not_picked":["Stack","Rip and Tear+1"],"picked":"Coolheaded","floor":38},{"not_picked":["Steam","Steam Power+1"],"picked":"Rip and Tear+1","floor":39},{"not_picked":["Leap+1","Fusion+1"],"picked":"Capacitor","floor":40},{"not_picked":["Ball Lightning+1","Storm","Conserve Battery"],"picked":"SKIP","floor":42},{"not_picked":["Undo","Stack+1"],"picked":"Rebound+1","floor":46},{"not_picked":["BootSequence+1","Recycle+1"],"picked":"Steam+1","floor":47}],"player_experience":395664,"relics_obtained":[{"floor":6,"key":"Gremlin Horn"},{"floor":9,"key":"Molten Egg 2"},{"floor":12,"key":"Bag of Preparation"},{"floor":13,"key":"Whetstone"},{"floor":25,"key":"Centennial Puzzle"},{"floor":26,"key":"Tiny Chest"},{"floor":31,"key":"Darkstone Periapt"},{"floor":39,"key":"Nunchaku"},{"floor":40,"key":"Bottled Lightning"},{"floor":43,"key":"Art of War"},{"floor":46,"key":"Orichalcum"}],"event_choices":[{"damage_healed":0,"gold_gain":175,"player_choice":"AGREE","damage_taken":0,"max_hp_gain":0,"max_hp_loss":0,"event_name":"Liars Game","floor":4,"gold_loss":0,"cards_obtained":["Doubt"]},{"cards_removed":["Doubt"],"damage_healed":0,"gold_gain":0,"player_choice":"Purged","damage_taken":0,"max_hp_gain":0,"max_hp_loss":0,"event_name":"Purifier","floor":5,"gold_loss":0},{"damage_healed":0,"gold_gain":0,"player_choice":"Ignored","damage_taken":0,"max_hp_gain":0,"max_hp_loss":0,"event_name":"Vampires","floor":19,"gold_loss":0},{"damage_healed":0,"gold_gain":0,"player_choice":"Obtain J.A.X.","damage_taken":0,"max_hp_gain":0,"max_hp_loss":0,"event_name":"Drug Dealer","floor":23,"gold_loss":0,"cards_obtained":["J.A.X."]},{"damage_healed":0,"gold_gain":0,"player_choice":"Ignored","damage_taken":0,"max_hp_gain":0,"max_hp_loss":0,"event_name":"Beggar","floor":28,"gold_loss":0},{"damage_healed":0,"gold_gain":0,"player_choice":"Embrace Madness","damage_taken":10,"max_hp_gain":0,"max_hp_loss":0,"event_name":"Winding Halls","floor":36,"gold_loss":0,"cards_obtained":["Madness","Madness"]},{"damage_healed":0,"gold_gain":0,"player_choice":"Fight","damage_taken":0,"max_hp_gain":0,"max_hp_loss":0,"event_name":"MindBloom","floor":39,"gold_loss":0},{"damage_healed":0,"gold_gain":0,"player_choice":"Bought 0 Potions","damage_taken":0,"max_hp_gain":0,"max_hp_loss":0,"event_name":"The Woman in Blue","floor":45,"gold_loss":0}],"is_beta":false,"boss_relics":[{"not_picked":["Empty Cage","Fusion Hammer"],"picked":"Tiny House"},{"not_picked":["Runic Pyramid","Eternal Feather"],"picked":"Philosopher\u0027s Stone"}],"items_purged_floors":[3,22],"is_endless":false,"potions_floor_spawned":[1,6,11,13,14,20,31,38,42,46,47],"killed_by":"Time Eater","ascension_level":0}