{"gold_per_floor":[113,130,144,161,86,121,121,132,132,32,32,32,43,74,74,74],"floor_reached":16,"playtime":1019,"items_purged":["Strike_G","Strike_G"],"score":137,"play_id":"e40e6aa9-9f08-40f3-a82d-a6af0c0f9d63","local_time":"20180729125147","is_ascension_mode":false,"campfire_choices":[{"floor":7,"key":"REST"},{"floor":11,"key":"REST"},{"data":"Survivor","floor":15,"key":"SMITH"}],"neow_cost":"","seed_source_timestamp":95769524912503,"circlet_count":0,"master_deck":["Defend_G","Defend_G","Defend_G","Defend_G","Defend_G","Strike_G","Strike_G","Survivor+1","Neutralize","Acrobatics","Dagger Throw","Backstab","Reflex","Deflect","Prepared"],"relics":["Ring of the Snake","Ornamental Fan","Shuriken","Bird Faced Urn"],"potions_floor_usage":[14,14,16],"damage_taken":[{"damage":1,"enemies":"Cultist","floor":1,"turns":4},{"damage":0,"enemies":"Small Slimes","floor":2,"turns":3},{"damage":0,"enemies":"2 Louse","floor":3,"turns":2},{"damage":0,"enemies":"Blue Slaver","floor":4,"turns":5},{"damage":36,"enemies":"Lagavulin","floor":6,"turns":10},{"damage":0,"enemies":"3 Louse","floor":8,"turns":5},{"damage":2,"enemies":"Lots of Slimes","floor":13,"turns":7},{"damage":0,"enemies":"Gremlin Nob","floor":14,"turns":1},{"damage":72,"enemies":"Hexaghost","floor":16,"turns":15}],"seed_played":"2103585793612259482","potions_obtained":[{"floor":1,"key":"AttackPotion"},{"floor":8,"key":"AttackPotion"},{"floor":13,"key":"SpeedPotion"}],"is_trial":false,"path_per_floor":["M","M","M","M","$","E","R","M","T","$","R","?","M","E","R"],"character_chosen":"THE_SILENT","items_purchased":[],"campfire_rested":2,"item_purchase_floors":[],"current_hp_per_floor":[69,69,69,69,69,33,54,54,54,54,70,70,68,68,68,0],"gold":74,"neow_bonus":"","is_prod":false,"is_daily":false,"chose_seed":false,"campfire_upgraded":1,"win_rate":0.0,"timestamp":1532839907,"path_taken":["M","M","?","M","$","E","R","M","T","$","R","?","M","E","R","BOSS"],"build_version":"2018-07-26","purchased_purges":2,"victory":false,"max_hp_per_floor":[70,70,70,70,70,70,70,70,70,70,70,70,70,70,70,70],"card_choices":[{"not_picked":["PiercingWail","Dagger Throw"],"picked":"Acrobatics","floor":1},{"not_picked":["Slice","Outmaneuver"],"picked":"Dagger Throw","floor":2},{"not_picked":["After Image","Quick Slash"],"picked":"Backstab","floor":3},{"not_picked":["PiercingWail","Dagger Throw","Deadly Poison"],"picked":"SKIP","floor":4},{"not_picked":["Catalyst","Glass Knife"],"picked":"Reflex","floor":6},{"not_picked":["Dodge and Roll","Outmaneuver"],"picked":"Deflect","floor":8},{"not_picked":["Dodge and Roll","Outmaneuver"],"picked":"Prepared","floor":13},{"not_picked":["Outmaneuver","PiercingWail","Eviscerate"],"picked":"SKIP","floor":14}],"player_experience":106943,"relics_obtained":[{"floor":6,"key":"Ornamental Fan"},{"floor":9,"key":"Shuriken"},{"floor":14,"key":"Bird Faced Urn"}],"event_choices":[{"event_name":"Living Wall","player_choice":"Forget","floor":12,"damage_taken":0}],"is_beta":false,"boss_relics":[],"items_purged_floors":[5,10],"is_endless":false,"potions_floor_spawned":[1,8,13],"killed_by":"Hexaghost","ascension_level":0}