{"gold_per_floor":[111,111,111,130,141,169,169,169,215,245,245,264,264],"floor_reached":13,"playtime":491,"items_purged":[],"score":112,"play_id":"876a7e66-be33-43b6-8ede-c2b3774ce50f","local_time":"20190111164604","is_ascension_mode":true,"campfire_choices":[{"floor":7,"key":"RECALL"},{"data":"Armaments","floor":11,"key":"SMITH"}],"neow_cost":"NONE","seed_source_timestamp":3775128671900,"circlet_count":0,"master_deck":["Strike_R","Strike_R","Strike_R","Strike_R","Strike_R","Defend_R","Defend_R","Defend_R","Defend_R","Bash+1","Armaments+1","Sword Boomerang","Flame Barrier","Shockwave","Burning Pact","Shrug It Off"],"relics":["Burning Blood","NeowsBlessing","Dream Catcher","Anchor","Kunai"],"potions_floor_usage":[13,13],"damage_taken":[{"damage":0,"enemies":"2 Louse","floor":1,"turns":1},{"damage":0,"enemies":"Cultist","floor":4,"turns":1},{"damage":0,"enemies":"Jaw Worm","floor":5,"turns":1},{"damage":34,"enemies":"Lagavulin","floor":6,"turns":9},{"damage":52,"enemies":"3 Sentries","floor":10,"turns":11},{"damage":26,"enemies":"Gremlin Gang","floor":12,"turns":8},{"damage":23,"enemies":"Gremlin Nob","floor":13,"turns":4}],"seed_played":"4998245382003989715","potions_obtained":[{"floor":4,"key":"SpeedPotion"},{"floor":12,"key":"Explosive Potion"}],"is_trial":false,"path_per_floor":["M","?","$","M","M","E","R","?","T","E","R","M","E"],"character_chosen":"IRONCLAD","items_purchased":[],"campfire_rested":0,"item_purchase_floors":[],"current_hp_per_floor":[80,80,80,80,80,52,52,80,80,34,34,14,0],"gold":264,"neow_bonus":"THREE_ENEMY_KILL","is_prod":false,"is_daily":false,"chose_seed":false,"campfire_upgraded":1,"win_rate":0,"timestamp":1547225164,"path_taken":["M","?","$","M","?","E","R","?","T","E","R","?","E"],"build_version":"2019-01-10","purchased_purges":0,"victory":false,"max_hp_per_floor":[80,80,80,80,80,80,80,80,80,80,80,80,80],"card_choices":[{"not_picked":["Flex","Clothesline"],"picked":"Armaments","floor":1},{"not_picked":["Havoc","Heavy Blade"],"picked":"Sword Boomerang","floor":4},{"not_picked":["Metallicize","Entrench"],"picked":"Flame Barrier","floor":5},{"not_picked":["Pommel Strike","Sword Boomerang"],"picked":"Shockwave","floor":6},{"not_picked":["Rampage","Ghostly Armor"],"picked":"Burning Pact","floor":10},{"not_picked":["Ghostly Armor","Wild Strike"],"picked":"Shrug It Off","floor":12}],"player_experience":83754,"relics_obtained":[{"floor":6,"key":"Dream Catcher"},{"floor":9,"key":"Anchor"},{"floor":10,"key":"Kunai"}],"event_choices":[{"damage_healed":0,"gold_gain":0,"player_choice":"Forge","damage_taken":0,"max_hp_gain":0,"max_hp_loss":0,"event_name":"Accursed Blacksmith","floor":2,"gold_loss":0,"cards_upgraded":["Bash"]},{"damage_healed":28,"gold_gain":0,"player_choice":"Full Heal","damage_taken":0,"max_hp_gain":0,"max_hp_loss":0,"event_name":"Wheel of Change","floor":8,"gold_loss":0}],"is_beta":false,"boss_relics":[],"items_purged_floors":[],"is_endless":false,"potions_floor_spawned":[4,12],"killed_by":"Gremlin Nob","ascension_level":4}