{"gold_per_floor":[110,110,129,129,129,164,164,179,204,221,253,267,283,303,303,407,407,427,446,456,106,116,116,151,164,233,233,251,251,30,58,58,163,163,179,179,179,191,208,233,233,245,245,245,259,259],"floor_reached":46,"playtime":2176,"items_purged":["Searing Blow"],"score":581,"play_id":"c4963bca-6d96-4bb4-8d28-4d18f4525843","local_time":"20190202153248","is_ascension_mode":false,"campfire_choices":[{"data":"Sentinel","floor":7,"key":"SMITH"},{"data":"Uppercut","floor":15,"key":"SMITH"},{"floor":23,"key":"REST"},{"floor":29,"key":"REST"},{"floor":32,"key":"REST"},{"floor":41,"key":"REST"},{"floor":44,"key":"REST"}],"neow_cost":"NONE","seed_source_timestamp":851128717353000,"circlet_count":0,"master_deck":["Strike_R+1","Strike_R","Strike_R","Strike_R","Defend_R","Defend_R","Defend_R+1","Defend_R","Bash","Uppercut+1","Sentinel+1","Reaper","Clothesline","Blood for Blood","Demon Form","Ghostly Armor","Juggernaut","Heavy Blade","Double Tap","True Grit","Shrug It Off","Power Through","Apotheosis","Infernal Blade","Brutality","Juggernaut","Cleave+1","Rupture","Infernal Blade+1","Combust+1","Shockwave","Infernal Blade+1","Rampage+1","Blood for Blood+1","Heavy Blade+1"],"relics":["Burning Blood","NeowsBlessing","Blood Vial","Happy Flower","Red Skull","Mark of Pain","PreservedInsect","Dream Catcher","Bottled Flame","Oddly Smooth Stone","Orrery","Potion Belt","Pear"],"potions_floor_usage":[11,16,16,20,22,22,24,33,33,40,42],"damage_taken":[{"damage":0,"enemies":"Jaw Worm","floor":1,"turns":1},{"damage":0,"enemies":"2 Louse","floor":3,"turns":1},{"damage":0,"enemies":"Gremlin Nob","floor":6,"turns":1},{"damage":0,"enemies":"Small Slimes","floor":8,"turns":3},{"damage":32,"enemies":"Exordium Thugs","floor":10,"turns":6},{"damage":17,"enemies":"3 Sentries","floor":11,"turns":8},{"damage":10,"enemies":"Looter","floor":12,"turns":4},{"damage":9,"enemies":"3 Louse","floor":13,"turns":4},{"damage":2,"enemies":"Blue Slaver","floor":14,"turns":5},{"damage":47,"enemies":"The Guardian","floor":16,"turns":9},{"damage":41,"enemies":"Spheric Guardian","floor":18,"turns":6},{"damage":35,"enemies":"3 Byrds","floor":19,"turns":6},{"damage":24,"enemies":"Centurion and Healer","floor":20,"turns":7},{"damage":18,"enemies":"Chosen and Byrds","floor":22,"turns":8},{"damage":48,"enemies":"Slavers","floor":24,"turns":5},{"damage":32,"enemies":"3 Cultists","floor":25,"turns":5},{"damage":6,"enemies":"Snecko","floor":28,"turns":4},{"damage":39,"enemies":"Gremlin Leader","floor":31,"turns":4},{"damage":56,"enemies":"Collector","floor":33,"turns":11},{"damage":25,"enemies":"Orb Walker","floor":35,"turns":5},{"damage":46,"enemies":"3 Darklings","floor":38,"turns":5},{"damage":22,"enemies":"Sphere and 2 Shapes","floor":39,"turns":8},{"damage":26,"enemies":"Giant Head","floor":40,"turns":6},{"damage":51,"enemies":"Spire Growth","floor":42,"turns":5},{"damage":31,"enemies":"Writhing Mass","floor":45,"turns":5},{"damage":35,"enemies":"Jaw Worm Horde","floor":46,"turns":3}],"seed_played":"1958029996679634214","potions_obtained":[{"floor":3,"key":"SteroidPotion"},{"floor":6,"key":"SkillPotion"},{"floor":8,"key":"AttackPotion"},{"floor":11,"key":"SpeedPotion"},{"floor":16,"key":"FairyPotion"},{"floor":20,"key":"Regen Potion"},{"floor":22,"key":"Dexterity Potion"},{"floor":28,"key":"Weak Potion"},{"floor":33,"key":"SpeedPotion"},{"floor":37,"key":"FairyPotion"},{"floor":39,"key":"SkillPotion"},{"floor":40,"key":"FearPotion"}],"is_trial":false,"path_per_floor":["M","?","M","?","?","E","R","M","T","M","E","M","M","M","R","B",null,"M","M","M","$","M","R","E","M","T","?","M","R","$","E","R","B",null,"M","?","?","M","M","E","R","M","T","R","M","M"],"character_chosen":"IRONCLAD","items_purchased":["BloodPotion","PreservedInsect","Heavy Blade","Apotheosis","Dexterity Potion"],"campfire_rested":5,"item_purchase_floors":[21,21,21,30,30],"current_hp_per_floor":[80,64,70,70,75,81,81,85,85,63,65,63,66,72,72,61,85,50,29,37,37,56,81,41,43,43,43,45,70,70,51,76,84,85,66,66,66,40,26,8,33,14,24,52,29,0],"gold":259,"neow_bonus":"THREE_ENEMY_KILL","is_prod":false,"is_daily":false,"chose_seed":false,"campfire_upgraded":2,"win_rate":0,"timestamp":1549150368,"path_taken":["M","?","M","?","?","E","R","M","T","M","E","M","?","M","R","BOSS","M","M","M","$","M","R","E","M","T","?","M","R","$","E","R","BOSS","M","?","?","M","M","E","R","M","T","R","?","M"],"build_version":"2019-01-23","purchased_purges":1,"victory":false,"max_hp_per_floor":[80,80,80,80,85,85,85,85,85,85,85,85,85,85,85,85,85,85,85,85,85,85,85,85,85,85,85,85,85,85,85,85,85,85,85,85,85,85,85,85,85,85,95,95,95,95],"card_choices":[{"not_picked":["Flex","Pummel"],"picked":"Uppercut","floor":1},{"not_picked":["Clash","True Grit"],"picked":"Sentinel","floor":3},{"not_picked":["Sever Soul","Flex"],"picked":"Clothesline","floor":6},{"not_picked":["Reckless Charge","Headbutt"],"picked":"Blood for Blood","floor":8},{"not_picked":["Flex","Wild Strike","Warcry"],"picked":"SKIP","floor":10},{"not_picked":["Rampage","Wild Strike"],"picked":"Demon Form","floor":11},{"not_picked":["Anger","Armaments","Spot Weakness"],"picked":"SKIP","floor":12},{"not_picked":["Warcry","Perfected Strike"],"picked":"Searing Blow","floor":13},{"not_picked":["Body Slam","Inflame"],"picked":"Ghostly Armor","floor":14},{"not_picked":["Immolate","Exhume"],"picked":"Juggernaut","floor":16},{"not_picked":["Inflame+1","Twin Strike+1","Iron Wave"],"picked":"SKIP","floor":18},{"not_picked":["Sword Boomerang","Anger","Clash+1"],"picked":"SKIP","floor":19},{"not_picked":["Searing Blow","Corruption","Hemokinesis"],"picked":"SKIP","floor":20},{"not_picked":["Anger+1","Iron Wave","Body Slam"],"picked":"SKIP","floor":22},{"not_picked":["Wild Strike","Armaments"],"picked":"Double Tap","floor":24},{"not_picked":["Armaments","Whirlwind"],"picked":"True Grit","floor":25},{"not_picked":["Reckless Charge","Twin Strike+1"],"picked":"Shrug It Off","floor":28},{"not_picked":["Thunderclap","Sword Boomerang"],"picked":"Power Through","floor":29},{"not_picked":["Sword Boomerang+1","Entrench"],"picked":"Infernal Blade","floor":31},{"not_picked":["Intimidate","Warcry"],"picked":"Brutality","floor":32},{"not_picked":["Brutality","Feed"],"picked":"Juggernaut","floor":33},{"not_picked":["Wild Strike","Reckless Charge"],"picked":"Cleave+1","floor":34},{"not_picked":["True Grit","Pommel Strike"],"picked":"Rupture","floor":34},{"not_picked":["Thunderclap+1","Hemokinesis"],"picked":"Infernal Blade+1","floor":34},{"not_picked":["Shrug It Off","Thunderclap"],"picked":"Combust+1","floor":34},{"not_picked":["Warcry+1","Wild Strike"],"picked":"Shockwave","floor":34},{"not_picked":["Thunderclap+1","Armaments+1","Headbutt+1"],"picked":"SKIP","floor":35},{"not_picked":["Whirlwind","Pommel Strike","Carnage"],"picked":"SKIP","floor":38},{"not_picked":["Thunderclap","Armaments","Wild Strike"],"picked":"SKIP","floor":39},{"not_picked":["Shockwave+1","Juggernaut"],"picked":"Infernal Blade+1","floor":40},{"not_picked":["Thunderclap","Iron Wave+1"],"picked":"Rampage+1","floor":41},{"not_picked":["Twin Strike","Anger+1","Warcry"],"picked":"SKIP","floor":42},{"not_picked":["Perfected Strike+1","Flex+1"],"picked":"Blood for Blood+1","floor":44},{"not_picked":["Thunderclap+1","Power Through"],"picked":"Heavy Blade+1","floor":45}],"player_experience":95671,"relics_obtained":[{"floor":6,"key":"Blood Vial"},{"floor":9,"key":"Happy Flower"},{"floor":11,"key":"Red Skull"},{"floor":24,"key":"Dream Catcher"},{"floor":26,"key":"Bottled Flame"},{"floor":31,"key":"Oddly Smooth Stone"},{"floor":40,"key":"Potion Belt"},{"floor":43,"key":"Pear"}],"event_choices":[{"damage_healed":0,"gold_gain":0,"player_choice":"Entered Light","damage_taken":16,"max_hp_gain":0,"max_hp_loss":0,"event_name":"Shining Light","floor":2,"gold_loss":0,"cards_upgraded":["Defend_R","Strike_R"]},{"damage_healed":0,"gold_gain":0,"cards_transformed":["Strike_R"],"player_choice":"Change","damage_taken":0,"max_hp_gain":0,"max_hp_loss":0,"event_name":"Living Wall","floor":4,"gold_loss":0,"cards_obtained":["Reaper"]},{"damage_healed":0,"gold_gain":0,"player_choice":"Donut","damage_taken":0,"max_hp_gain":5,"max_hp_loss":0,"event_name":"Big Fish","floor":5,"gold_loss":0},{"damage_healed":0,"gold_gain":0,"player_choice":"Ignored","damage_taken":0,"max_hp_gain":0,"max_hp_loss":0,"event_name":"The Mausoleum","floor":27,"gold_loss":0},{"damage_healed":0,"gold_gain":0,"player_choice":"Ignored","damage_taken":0,"max_hp_gain":0,"max_hp_loss":0,"event_name":"Tomb of Lord Red Mask","floor":36,"gold_loss":0},{"damage_healed":0,"gold_gain":0,"player_choice":"Got Potions","damage_taken":0,"max_hp_gain":0,"max_hp_loss":0,"event_name":"Lab","floor":37,"gold_loss":0}],"is_beta":false,"boss_relics":[{"not_picked":["White Beast Statue","Calling Bell"],"picked":"Mark of Pain"},{"not_picked":["Black Star","Cursed Key"],"picked":"Orrery"}],"items_purged_floors":[21],"is_endless":false,"potions_floor_spawned":[3,6,8,11,13,16,20,22,28,33,38,39,40],"killed_by":"Jaw Worm Horde","ascension_level":0}