{"gold_per_floor":[110,60,60,71,84,110,110,110,110,135,135,60,72,87,87,186,186,198,215,215,228,87,87,99,99,125,143,143,168,168],"floor_reached":30,"playtime":1391,"items_purged":["Strike_R"],"score":365,"play_id":"64874cc7-1acb-40b3-8f23-e90a907cd6b5","local_time":"20190119192415","is_ascension_mode":true,"campfire_choices":[{"data":"Shockwave","floor":7,"key":"SMITH"},{"data":"Infernal Blade","floor":11,"key":"SMITH"},{"data":"Armaments","floor":15,"key":"SMITH"},{"data":"Fiend Fire","floor":23,"key":"SMITH"},{"floor":25,"key":"REST"},{"data":"Corruption","floor":28,"key":"SMITH"}],"neow_cost":"NONE","seed_source_timestamp":256342066896300,"circlet_count":0,"master_deck":["Strike_R","Strike_R","Defend_R","Defend_R","Defend_R","Defend_R","Bash","Juggernaut","Infernal Blade+1","Shockwave+1","Iron Wave","Second Wind","Shrug It Off","Armaments+1","Double Tap","Corruption+1","Writhe","Clothesline+1","Fiend Fire+1","Seeing Red+1"],"relics":["Burning Blood","Pantograph","Ornamental Fan","Charon\u0027s Ashes","Philosopher\u0027s Stone","Blue Candle","Bronze Scales","Smiling Mask"],"potions_floor_usage":[8,16,29,30],"damage_taken":[{"damage":7,"enemies":"Small Slimes","floor":1,"turns":4},{"damage":7,"enemies":"Jaw Worm","floor":4,"turns":4},{"damage":0,"enemies":"Cultist","floor":5,"turns":3},{"damage":45,"enemies":"3 Sentries","floor":6,"turns":9},{"damage":0,"enemies":"Gremlin Nob","floor":8,"turns":2},{"damage":20,"enemies":"3 Sentries","floor":10,"turns":6},{"damage":0,"enemies":"2 Fungi Beasts","floor":13,"turns":2},{"damage":3,"enemies":"Blue Slaver","floor":14,"turns":3},{"damage":39,"enemies":"Slime Boss","floor":16,"turns":11},{"damage":20,"enemies":"3 Byrds","floor":18,"turns":7},{"damage":24,"enemies":"Spheric Guardian","floor":19,"turns":4},{"damage":16,"enemies":"3 Cultists","floor":21,"turns":5},{"damage":22,"enemies":"Snake Plant","floor":24,"turns":3},{"damage":1,"enemies":"Snecko","floor":27,"turns":3},{"damage":37,"enemies":"Book of Stabbing","floor":29,"turns":4},{"damage":10,"enemies":"Chosen and Byrds","floor":30,"turns":1}],"seed_played":"8296471320437264123","potions_obtained":[{"floor":1,"key":"SmokeBomb"},{"floor":5,"key":"EssenceOfSteel"},{"floor":6,"key":"SpeedPotion"},{"floor":10,"key":"SpeedPotion"},{"floor":14,"key":"AttackPotion"},{"floor":18,"key":"Energy Potion"},{"floor":29,"key":"SteroidPotion"}],"is_trial":false,"path_per_floor":["M","?","?","M","M","E","R","E","T","E","R","$","M","M","R","B",null,"M","M","?","M","$","R","M","R","T","M","R","E","M"],"character_chosen":"IRONCLAD","items_purchased":["Fiend Fire"],"campfire_rested":1,"item_purchase_floors":[22],"current_hp_per_floor":[71,71,71,70,76,37,37,43,43,29,29,29,35,38,38,30,68,54,36,36,26,26,26,10,34,34,39,39,8,0],"gold":168,"neow_bonus":"ONE_RANDOM_RARE_CARD","is_prod":false,"is_daily":false,"chose_seed":false,"campfire_upgraded":5,"win_rate":0,"timestamp":1547925855,"path_taken":["M","?","?","M","M","E","R","E","T","E","R","?","M","?","R","BOSS","M","M","?","M","$","R","M","R","T","M","R","E","M"],"build_version":"2019-01-17v2","purchased_purges":1,"victory":false,"max_hp_per_floor":[80,80,80,80,80,80,80,80,80,80,80,80,80,80,80,80,80,80,80,80,80,80,80,80,80,80,80,80,80,80],"card_choices":[{"not_picked":["Bloodletting","Combust","Heavy Blade"],"picked":"SKIP","floor":1},{"not_picked":["Bloodletting","Combust","Heavy Blade"],"picked":"SKIP","floor":1},{"not_picked":["Sentinel","Fire Breathing"],"picked":"Shockwave","floor":4},{"not_picked":["Rampage","Warcry"],"picked":"Iron Wave","floor":5},{"not_picked":["Headbutt","Flex"],"picked":"Second Wind","floor":6},{"not_picked":["Perfected Strike","Rage","Power Through"],"picked":"SKIP","floor":10},{"not_picked":["Battle Trance","Cleave"],"picked":"Shrug It Off","floor":13},{"not_picked":["Twin Strike","Dual Wield"],"picked":"Armaments","floor":14},{"not_picked":["Exhume","Limit Break"],"picked":"Double Tap","floor":16},{"not_picked":["Armaments","Twin Strike"],"picked":"Corruption","floor":18},{"not_picked":["Combust","Thunderclap","Clash"],"picked":"SKIP","floor":19},{"not_picked":["Twin Strike","Perfected Strike"],"picked":"Clothesline+1","floor":21},{"not_picked":["Armaments","Twin Strike+1"],"picked":"Seeing Red+1","floor":24},{"not_picked":["Headbutt+1","Hemokinesis","Infernal Blade"],"picked":"SKIP","floor":27},{"not_picked":["Berserk","Double Tap","Fire Breathing"],"picked":"SKIP","floor":29}],"player_experience":128516,"relics_obtained":[{"floor":6,"key":"Pantograph"},{"floor":9,"key":"Ornamental Fan"},{"floor":10,"key":"Charon\u0027s Ashes"},{"floor":26,"key":"Bronze Scales"},{"floor":29,"key":"Smiling Mask"}],"event_choices":[{"cards_removed":["Strike_R"],"damage_healed":0,"gold_gain":0,"player_choice":"Card Removal","damage_taken":0,"max_hp_gain":0,"max_hp_loss":0,"event_name":"The Cleric","floor":2,"gold_loss":50},{"damage_healed":0,"gold_gain":0,"cards_transformed":["Strike_R"],"player_choice":"Change","damage_taken":0,"max_hp_gain":0,"max_hp_loss":0,"event_name":"Living Wall","floor":3,"gold_loss":0,"cards_obtained":["Infernal Blade"]},{"damage_healed":0,"gold_gain":0,"player_choice":"Opened","damage_taken":0,"relics_obtained":["Blue Candle"],"max_hp_gain":0,"max_hp_loss":0,"event_name":"The Mausoleum","floor":20,"gold_loss":0,"cards_obtained":["Writhe"]}],"is_beta":false,"boss_relics":[{"not_picked":["Coffee Dripper","Astrolabe"],"picked":"Philosopher\u0027s Stone"}],"items_purged_floors":[12],"is_endless":false,"potions_floor_spawned":[1,5,6,10,14,18,24,29],"killed_by":"Chosen and Byrds","ascension_level":7}