{"gold_per_floor":[112,112,131,131,181,181,212,212,212,276,309,324,324,344,344,443,443,453,503,570,639,657,657,670,735,783,554,554,569,569,583,583,583],"floor_reached":33,"playtime":2125,"items_purged":[],"score":311,"play_id":"172dd06b-ed13-4071-b149-dde50f299299","local_time":"20180717223004","is_ascension_mode":false,"campfire_choices":[{"floor":6,"key":"REST"},{"floor":8,"key":"REST"},{"floor":13,"key":"REST"},{"data":"Buffer","floor":15,"key":"SMITH"},{"floor":23,"key":"REST"},{"floor":28,"key":"REST"},{"data":"Secret Technique","floor":30,"key":"SMITH"},{"data":"Conserve Battery","floor":32,"key":"SMITH"}],"neow_cost":"NONE","seed_source_timestamp":211745327861587,"circlet_count":0,"master_deck":["Strike_B+1","Strike_B","Strike_B","Strike_B","Defend_B","Defend_B","Defend_B","Defend_B","Zap+1","Dualcast","All For One","Conserve Battery+1","Rebound","Fission","Sweeping Beam","Redo","Auto Shields","Buffer+1","Machine Learning","Self Repair","Stack","Sweeping Beam","Redo","Leap","Streamline","Genetic Algorithm","Chill","Rip and Tear","Chaos+1","Double Energy","Secret Technique+1","Ball Lightning","Melter","Reprogram+1"],"relics":["Cracked Core","SsserpentHead","Mercury Hourglass","Bronze Scales","Mummified Hand","Orrery","Dream Catcher"],"potions_floor_usage":[33],"damage_taken":[{"damage":0,"enemies":"Small Slimes","floor":1,"turns":3},{"damage":1,"enemies":"Cultist","floor":3,"turns":4},{"damage":14,"enemies":"Gremlin Nob","floor":7,"turns":4},{"damage":0,"enemies":"2 Louse","floor":10,"turns":1},{"damage":14,"enemies":"Lagavulin","floor":11,"turns":5},{"damage":5,"enemies":"Lots of Slimes","floor":12,"turns":1},{"damage":0,"enemies":"Blue Slaver","floor":14,"turns":3},{"damage":0,"enemies":"Slime Boss","floor":16,"turns":7},{"damage":9,"enemies":"2 Thieves","floor":18,"turns":4},{"damage":5,"enemies":"Spheric Guardian","floor":20,"turns":3},{"damage":6,"enemies":"Snecko","floor":21,"turns":4},{"damage":4,"enemies":"Chosen and Byrds","floor":22,"turns":5},{"damage":23,"enemies":"Snake Plant","floor":24,"turns":4},{"damage":12,"enemies":"Cultist and Chosen","floor":25,"turns":6},{"damage":13,"enemies":"Centurion and Healer","floor":29,"turns":5},{"damage":3,"enemies":"Snake Plant","floor":31,"turns":3},{"damage":104,"enemies":"Collector","floor":33,"turns":13}],"seed_played":"-7374201531300279323","potions_obtained":[{"floor":1,"key":"Dexterity Potion"},{"floor":18,"key":"Weak Potion"},{"floor":19,"key":"Swift Potion"},{"floor":20,"key":"Regen Potion"},{"floor":31,"key":"Explosive Potion"}],"is_trial":false,"path_per_floor":["M","?","M","?","?","R","E","R","T","M","E","M","R","M","R","B",null,"M","?","M","M","M","R","M","M","T","$","R","M","R","M","R"],"character_chosen":"DEFECT","items_purchased":["Double Energy","Secret Technique"],"campfire_rested":5,"item_purchase_floors":[27,27],"current_hp_per_floor":[75,60,59,59,59,75,61,75,75,75,61,56,75,75,75,75,75,66,66,68,62,58,75,59,54,54,54,75,69,69,73,73,0],"gold":583,"neow_bonus":"ONE_RANDOM_RARE_CARD","is_prod":false,"is_daily":false,"chose_seed":false,"campfire_upgraded":3,"win_rate":0.0,"timestamp":1531837804,"path_taken":["M","?","?","?","?","R","E","R","T","?","E","M","R","M","R","BOSS","M","?","?","?","M","R","M","?","T","$","R","M","R","M","R","BOSS"],"build_version":"2018-07-12","purchased_purges":0,"victory":false,"max_hp_per_floor":[75,75,75,75,75,75,75,75,75,75,75,75,75,75,75,75,75,75,75,75,75,75,75,75,75,75,75,75,75,75,75,75,75],"card_choices":[{"not_picked":["Double Energy","Leap"],"picked":"Conserve Battery","floor":1},{"not_picked":["Genetic Algorithm","Compile Driver"],"picked":"Rebound","floor":3},{"not_picked":["Beam Cell","Darkness"],"picked":"Fission","floor":7},{"not_picked":["Cold Snap","Conserve Battery"],"picked":"Sweeping Beam","floor":10},{"not_picked":["Blizzard","Compile Driver"],"picked":"Redo","floor":11},{"not_picked":["Go for the Eyes","Chill"],"picked":"Auto Shields","floor":12},{"not_picked":["Steam","Tempest"],"picked":"Buffer","floor":14},{"not_picked":["Buffer","Echo Form"],"picked":"Machine Learning","floor":16},{"not_picked":["Coolheaded","Reinforced Body"],"picked":"Self Repair","floor":17},{"not_picked":["Ball Lightning","Sweeping Beam"],"picked":"Stack","floor":17},{"not_picked":["Gash","Hologram"],"picked":"Sweeping Beam","floor":17},{"not_picked":["Coolheaded","Beam Cell"],"picked":"Redo","floor":17},{"not_picked":["White Noise","Go for the Eyes"],"picked":"Leap","floor":17},{"not_picked":["Sweeping Beam+1","Hologram+1"],"picked":"Streamline","floor":18},{"not_picked":["Auto Shields","Steam"],"picked":"Genetic Algorithm","floor":20},{"not_picked":["Go for the Eyes+1","Undo"],"picked":"Chill","floor":21},{"not_picked":["Machine Learning","Beam Cell"],"picked":"Rip and Tear","floor":22},{"not_picked":["Coolheaded","Rebound"],"picked":"Chaos+1","floor":24},{"not_picked":["Go for the Eyes","Blizzard","Beam Cell+1"],"picked":"SKIP","floor":25},{"not_picked":["Hologram","Compile Driver"],"picked":"Ball Lightning","floor":28},{"not_picked":["Reprogram","Steam"],"picked":"Melter","floor":29},{"not_picked":["Steam","Beam Cell"],"picked":"Reprogram+1","floor":31}],"player_experience":18115,"relics_obtained":[{"floor":7,"key":"Mercury Hourglass"},{"floor":9,"key":"Bronze Scales"},{"floor":11,"key":"Mummified Hand"},{"floor":26,"key":"Dream Catcher"}],"event_choices":[{"event_name":"Shining Light","player_choice":"Entered Light","floor":2,"damage_taken":0},{"event_name":"FaceTrader","player_choice":"Trade","floor":4,"damage_taken":0},{"event_name":"Match and Keep!","player_choice":"0 cards matched","floor":5,"damage_taken":0},{"event_name":"The Lab","player_choice":"Got Potions","floor":19,"damage_taken":0}],"boss_relics":[{"not_picked":["Cursed Key","Inserter"],"picked":"Orrery"}],"items_purged_floors":[],"is_endless":false,"potions_floor_spawned":[1,18,20,24,31],"killed_by":"Collector","ascension_level":0}