{"gold_per_floor":[114,126,126,126,140,140,157,157,181,199,199,232,232,158,158,257,257,269,14,27,45,144,144,161,161,213,246,256,256,20,20],"floor_reached":31,"playtime":977,"items_purged":[],"score":255,"play_id":"2dc531ed-5451-4249-9de0-228057cd8da7","local_time":"20180731001621","is_ascension_mode":false,"campfire_choices":[{"data":"Zap","floor":6,"key":"SMITH"},{"data":"Streamline","floor":8,"key":"SMITH"},{"floor":11,"key":"REST"},{"data":"Loop","floor":15,"key":"SMITH"},{"floor":23,"key":"REST"},{"floor":25,"key":"REST"}],"neow_cost":"NONE","seed_source_timestamp":776775314159442,"circlet_count":0,"master_deck":["Strike_B","Strike_B","Strike_B","Strike_B","Defend_B","Defend_B","Defend_B","Defend_B","Zap+1","Dualcast","Streamline+1","Static Discharge+1","Beam Cell","Ball Lightning","Ball Lightning","Echo Form","Loop+1","Capacitor","Stack+1","Stack","Stack","Streamline+1","Self Repair"],"relics":["Cracked Core","Orichalcum","Dream Catcher","Ancient Tea Set","Inserter","Bottled Tornado","Juzu Bracelet","Letter Opener","Anchor"],"potions_floor_usage":[27,27],"damage_taken":[{"damage":9,"enemies":"2 Louse","floor":1,"turns":3},{"damage":1,"enemies":"Cultist","floor":2,"turns":4},{"damage":0,"enemies":"Small Slimes","floor":5,"turns":3},{"damage":10,"enemies":"2 Fungi Beasts","floor":7,"turns":4},{"damage":7,"enemies":"Blue Slaver","floor":10,"turns":2},{"damage":8,"enemies":"Gremlin Nob","floor":12,"turns":3},{"damage":15,"enemies":"The Guardian","floor":16,"turns":6},{"damage":9,"enemies":"Chosen","floor":18,"turns":4},{"damage":15,"enemies":"Shell Parasite","floor":20,"turns":4},{"damage":20,"enemies":"Centurion and Healer","floor":21,"turns":6},{"damage":14,"enemies":"Cultist and Chosen","floor":24,"turns":5},{"damage":50,"enemies":"Gremlin Leader","floor":27,"turns":7},{"damage":21,"enemies":"Chosen and Byrds","floor":28,"turns":5},{"damage":2,"enemies":"Sentry and Sphere","floor":31,"turns":2}],"seed_played":"8284847046085398394","potions_obtained":[{"floor":2,"key":"Dexterity Potion"},{"floor":5,"key":"Fire Potion"},{"floor":18,"key":"SkillPotion"},{"floor":27,"key":"SmokeBomb"},{"floor":28,"key":"Block Potion"}],"is_trial":false,"path_per_floor":["M","M","?","?","M","R","M","R","T","M","R","E","?","$","R","B",null,"M","$","M","M","?","R","M","R","T","E","M","?","$"],"character_chosen":"DEFECT","items_purchased":["Loop","Bottled Tornado","Anchor","Self Repair"],"campfire_rested":3,"item_purchase_floors":[14,19,30,30],"current_hp_per_floor":[73,72,82,64,64,64,54,54,54,47,71,63,63,63,63,48,82,73,73,58,38,38,62,48,72,72,22,1,1,1,0],"gold":20,"neow_bonus":"TEN_PERCENT_HP_BONUS","is_prod":false,"is_daily":false,"chose_seed":false,"campfire_upgraded":3,"win_rate":0.0,"timestamp":1532988981,"path_taken":["M","M","?","?","M","R","?","R","T","M","R","E","?","$","R","BOSS","M","$","M","M","?","R","M","R","T","E","M","?","?","M"],"build_version":"2018-07-26","purchased_purges":0,"victory":false,"max_hp_per_floor":[82,82,82,82,82,82,82,82,82,82,82,82,82,82,82,82,82,82,82,82,82,82,82,82,82,82,82,82,82,82,82],"card_choices":[{"not_picked":["Turbo","Fusion"],"picked":"Streamline","floor":1},{"not_picked":["Stack","Rebound"],"picked":"White Noise","floor":2},{"not_picked":["Hyperbeam","Beam Cell"],"picked":"Static Discharge","floor":5},{"not_picked":["Blizzard","Redo"],"picked":"Beam Cell","floor":7},{"not_picked":["Steam","Sweeping Beam"],"picked":"Ball Lightning","floor":10},{"not_picked":["Go for the Eyes","Hologram"],"picked":"Ball Lightning","floor":11},{"not_picked":["Coolheaded","Hello World"],"picked":"Echo Form","floor":12},{"not_picked":["Double Energy","Force Field"],"picked":"Capacitor","floor":18},{"not_picked":["Coolheaded","Scrape","Compile Driver"],"picked":"SKIP","floor":20},{"not_picked":["Recycle","Stack","Compile Driver"],"picked":"SKIP","floor":21},{"not_picked":["Hello World","Tempest"],"picked":"Stack+1","floor":23},{"not_picked":["Hologram+1","FTL+1"],"picked":"Stack","floor":24},{"not_picked":["All For One","Rebound"],"picked":"Stack","floor":27},{"not_picked":["Genetic Algorithm","Cold Snap"],"picked":"Streamline+1","floor":28}],"player_experience":232486,"relics_obtained":[{"floor":9,"key":"Dream Catcher"},{"floor":12,"key":"Ancient Tea Set"},{"floor":26,"key":"Juzu Bracelet"},{"floor":27,"key":"Letter Opener"}],"event_choices":[{"event_name":"Bonfire Elementals","player_choice":"UNCOMMON","floor":3,"damage_taken":0},{"event_name":"Scrap Ooze","player_choice":"success","floor":4,"damage_taken":18},{"event_name":"Transmorgrifier","player_choice":"Skipped","floor":13,"damage_taken":0},{"event_name":"Nest","player_choice":"Stole From Cult","floor":22,"damage_taken":0},{"event_name":"Accursed Blacksmith","player_choice":"Forge","floor":29,"damage_taken":0}],"is_beta":false,"boss_relics":[{"not_picked":["Velvet Choker","Tiny House"],"picked":"Inserter"}],"items_purged_floors":[],"is_endless":false,"potions_floor_spawned":[2,5,18,24,27,28],"killed_by":"Sentry and Sphere","ascension_level":0}