{"gold_per_floor":[112,112,126,126,139,170,170,188,260,82,97,97,97,110,110,213,213,230,230,230,256,256,256,282,282,337,352,352,352,352,362,362,362],"floor_reached":33,"playtime":959,"items_purged":[],"score":263,"play_id":"455315a9-1d05-4b5a-82b2-536168423924","local_time":"20180730224534","is_ascension_mode":false,"campfire_choices":[{"floor":7,"key":"REST"},{"data":"Apotheosis","floor":13,"key":"SMITH"},{"floor":15,"key":"REST"},{"data":"Leap","floor":23,"key":"SMITH"},{"floor":25,"key":"REST"},{"floor":28,"key":"REST"},{"floor":30,"key":"REST"},{"floor":32,"key":"REST"}],"neow_cost":"NONE","seed_source_timestamp":771348665176504,"circlet_count":0,"master_deck":["Strike_B+1","Strike_B","Strike_B","Strike_B","Defend_B","Defend_B+1","Defend_B","Defend_B","Zap+1","Dualcast","Rip and Tear","Conserve Battery","Conserve Battery","Lockon","Apotheosis+1","Barrage","Electrodynamics+1","Leap+1","Fission","Go for the Eyes+1"],"relics":["Cracked Core","Unceasing Top","Juzu Bracelet","Frozen Egg 2","Boot","StoneCalendar","Bag of Preparation"],"potions_floor_usage":[6,33],"damage_taken":[{"damage":7,"enemies":"Small Slimes","floor":1,"turns":4},{"damage":0,"enemies":"Cultist","floor":3,"turns":3},{"damage":1,"enemies":"Jaw Worm","floor":5,"turns":2},{"damage":17,"enemies":"Lagavulin","floor":6,"turns":6},{"damage":1,"enemies":"Exordium Wildlife","floor":8,"turns":4},{"damage":1,"enemies":"3 Louse","floor":11,"turns":3},{"damage":3,"enemies":"Lots of Slimes","floor":14,"turns":4},{"damage":40,"enemies":"Hexaghost","floor":16,"turns":11},{"damage":10,"enemies":"3 Byrds","floor":18,"turns":3},{"damage":35,"enemies":"Book of Stabbing","floor":24,"turns":6},{"damage":17,"enemies":"Spheric Guardian","floor":27,"turns":4},{"damage":26,"enemies":"Snake Plant","floor":31,"turns":5},{"damage":78,"enemies":"Champ","floor":33,"turns":15}],"seed_played":"-5716560638795084735","potions_obtained":[{"floor":1,"key":"FearPotion"},{"floor":5,"key":"Regen Potion"},{"floor":8,"key":"Ancient Potion"},{"floor":16,"key":"SteroidPotion"},{"floor":27,"key":"Strength Potion"}],"is_trial":false,"path_per_floor":["M","?","M","?","M","E","R","M","T","$","M","?","R","M","R","B",null,"M","?","$","T","?","R","E","R","T","M","R","?","R","M","R"],"character_chosen":"DEFECT","items_purchased":["Apotheosis"],"campfire_rested":6,"item_purchase_floors":[10],"current_hp_per_floor":[68,35,35,20,19,17,39,38,38,38,37,37,37,34,56,16,75,65,65,65,65,65,65,30,52,52,35,57,57,75,49,71,0],"gold":362,"neow_bonus":"UPGRADE_CARD","is_prod":false,"is_daily":false,"chose_seed":false,"campfire_upgraded":2,"win_rate":0.0,"timestamp":1532983534,"path_taken":["M","?","M","?","M","E","R","M","T","$","M","?","R","M","R","BOSS","M","?","$","?","?","R","E","R","T","M","R","?","R","M","R","BOSS"],"build_version":"2018-07-26","purchased_purges":0,"victory":false,"max_hp_per_floor":[75,75,75,75,75,75,75,75,75,75,75,75,75,75,75,75,75,75,75,75,75,75,75,75,75,75,75,75,75,75,75,75,75],"card_choices":[{"not_picked":["Blizzard","Melter"],"picked":"Rip and Tear","floor":1},{"not_picked":["Tempest","Sunder"],"picked":"Conserve Battery","floor":3},{"not_picked":["Undo","Turbo"],"picked":"Conserve Battery","floor":5},{"not_picked":["Doom and Gloom","Coolheaded","Heatsinks"],"picked":"SKIP","floor":6},{"not_picked":["Gash","Stack"],"picked":"Lockon","floor":8},{"not_picked":["Streamline","Coolheaded","Stack"],"picked":"SKIP","floor":11},{"not_picked":["Melter","Skim"],"picked":"Barrage","floor":14},{"not_picked":["Rainbow","Meteor Strike"],"picked":"Electrodynamics+1","floor":16},{"not_picked":["Melter","Gash"],"picked":"Leap","floor":18},{"not_picked":["Barrage","Go for the Eyes"],"picked":"Fission","floor":24},{"not_picked":["Force Field","Rebound"],"picked":"Go for the Eyes+1","floor":27},{"not_picked":["Recycle+1","Gash","Streamline"],"picked":"SKIP","floor":31}],"player_experience":230737,"relics_obtained":[{"floor":6,"key":"Juzu Bracelet"},{"floor":9,"key":"Frozen Egg 2"},{"floor":21,"key":"Boot"},{"floor":24,"key":"StoneCalendar"},{"floor":26,"key":"Bag of Preparation"}],"event_choices":[{"event_name":"Scrap Ooze","player_choice":"success","floor":2,"damage_taken":33},{"event_name":"Shining Light","player_choice":"Entered Light","floor":4,"damage_taken":0},{"event_name":"Golden Idol","player_choice":"Ignored","floor":12,"damage_taken":0},{"event_name":"N\u0027loth","player_choice":"Ignored","floor":19,"damage_taken":0},{"event_name":"Purifier","player_choice":"Skipped","floor":22,"damage_taken":0},{"event_name":"Addict","player_choice":"Ignored","floor":29,"damage_taken":0}],"is_beta":false,"boss_relics":[{"not_picked":["Nuclear Battery","FrozenCore","Snecko Eye"]}],"items_purged_floors":[],"is_endless":false,"potions_floor_spawned":[1,5,8,16,24,27],"killed_by":"Champ","ascension_level":0}