{"gold_per_floor":[115,115,134,150,75,75,75,105,105,118,118,132,163,174,174,274,274,286,286,309,259,278,311,311,331,331,45,45,57,69,69],"floor_reached":31,"playtime":1039,"items_purged":["Strike_R","Writhe","Defend_R"],"score":257,"play_id":"0c89ab2f-c1cb-4825-bd7f-27412e9a0d8b","local_time":"20190126201940","is_ascension_mode":false,"campfire_choices":[{"floor":6,"key":"DIG"},{"floor":11,"key":"DIG"},{"floor":15,"key":"REST"},{"floor":24,"key":"REST"}],"neow_cost":"NONE","seed_source_timestamp":613621973886035,"circlet_count":0,"master_deck":["Strike_R","Strike_R","Strike_R","Strike_R","Defend_R","Defend_R","Defend_R","Bash"],"relics":["Burning Blood","NeowsBlessing","Shovel","Self Forming Clay","Incense Burner","Happy Flower","Shuriken","Oddly Smooth Stone","Smiling Mask","Sozu","Bag of Preparation","Lantern","Boot","The Courier","Unceasing Top","Orichalcum"],"potions_floor_usage":[13,16,22,29,31],"damage_taken":[{"damage":0,"enemies":"Jaw Worm","floor":1,"turns":1},{"damage":0,"enemies":"Cultist","floor":3,"turns":1},{"damage":0,"enemies":"Small Slimes","floor":4,"turns":1},{"damage":11,"enemies":"Exordium Thugs","floor":10,"turns":4},{"damage":3,"enemies":"Red Slaver","floor":12,"turns":5},{"damage":63,"enemies":"3 Sentries","floor":13,"turns":12},{"damage":16,"enemies":"Lots of Slimes","floor":14,"turns":5},{"damage":32,"enemies":"Slime Boss","floor":16,"turns":11},{"damage":22,"enemies":"Shell Parasite","floor":18,"turns":6},{"damage":14,"enemies":"2 Thieves","floor":22,"turns":4},{"damage":29,"enemies":"Slavers","floor":23,"turns":10},{"damage":45,"enemies":"Sentry and Sphere","floor":25,"turns":9},{"damage":8,"enemies":"Centurion and Healer","floor":29,"turns":7},{"damage":24,"enemies":"Snecko","floor":30,"turns":5},{"damage":10,"enemies":"Book of Stabbing","floor":31,"turns":4}],"seed_played":"3518458998906907305","potions_obtained":[{"floor":3,"key":"Regen Potion"},{"floor":10,"key":"AttackPotion"},{"floor":13,"key":"Swift Potion"},{"floor":14,"key":"Dexterity Potion"},{"floor":16,"key":"Regen Potion"}],"is_trial":false,"path_per_floor":["M","?","M","M","$","R","?","?","T","M","R","M","E","M","R","B",null,"M","?","T","$","M","E","R","M","T","$","?","M","M","E"],"character_chosen":"IRONCLAD","items_purchased":["Unceasing Top"],"campfire_rested":2,"item_purchase_floors":[27],"current_hp_per_floor":[80,80,80,80,80,80,77,77,77,72,72,75,30,20,44,18,80,64,64,64,64,56,33,57,18,18,18,18,30,12,2],"gold":69,"neow_bonus":"THREE_ENEMY_KILL","is_prod":false,"is_daily":false,"chose_seed":false,"campfire_upgraded":0,"win_rate":0,"timestamp":1548546580,"path_taken":["M","?","M","?","$","R","?","?","T","M","R","M","E","M","R","BOSS","M","?","?","$","?","E","R","M","T","$","?","?","M","E"],"build_version":"2019-01-23","purchased_purges":3,"victory":false,"max_hp_per_floor":[80,80,80,80,80,80,80,80,80,80,80,80,80,80,80,80,80,80,80,80,80,80,80,80,80,80,80,80,80,80,80],"card_choices":[{"not_picked":["Wild Strike","True Grit","Clothesline"],"picked":"SKIP","floor":1},{"not_picked":["Sever Soul","Hemokinesis","Ghostly Armor"],"picked":"SKIP","floor":3},{"not_picked":["Cleave","Thunderclap","True Grit"],"picked":"SKIP","floor":4},{"not_picked":["Inflame","Metallicize","Sword Boomerang"],"picked":"SKIP","floor":10},{"not_picked":["Armaments","Warcry","Burning Pact"],"picked":"SKIP","floor":12},{"not_picked":["Whirlwind","Bloodletting","Perfected Strike"],"picked":"SKIP","floor":13},{"not_picked":["True Grit","Rage","Burning Pact"],"picked":"SKIP","floor":14},{"not_picked":["Twin Strike","Flex","Entrench+1"],"picked":"SKIP","floor":18},{"not_picked":["True Grit+1","Double Tap","Perfected Strike"],"picked":"SKIP","floor":22},{"not_picked":["Clash+1","Infernal Blade","Clothesline"],"picked":"SKIP","floor":23},{"not_picked":["Warcry+1","Cleave","Evolve"],"picked":"SKIP","floor":25},{"not_picked":["Entrench","Dropkick","Twin Strike"],"picked":"SKIP","floor":29},{"not_picked":["Body Slam","Twin Strike","Clothesline+1"],"picked":"SKIP","floor":30}],"player_experience":234473,"relics_obtained":[{"floor":2,"key":"Shovel"},{"floor":6,"key":"Self Forming Clay"},{"floor":9,"key":"Shuriken"},{"floor":11,"key":"Oddly Smooth Stone"},{"floor":13,"key":"Smiling Mask"},{"floor":20,"key":"Lantern"},{"floor":23,"key":"Boot"},{"floor":26,"key":"The Courier"},{"floor":28,"key":"Orichalcum"}],"event_choices":[{"damage_healed":0,"gold_gain":0,"player_choice":"Relic","damage_taken":0,"max_hp_gain":0,"max_hp_loss":0,"event_name":"Wheel of Change","floor":2,"gold_loss":0},{"damage_healed":0,"gold_gain":0,"player_choice":"Success","damage_taken":3,"relics_obtained":["Incense Burner"],"max_hp_gain":0,"max_hp_loss":0,"event_name":"Scrap Ooze","floor":7,"gold_loss":0},{"damage_healed":0,"gold_gain":30,"player_choice":"Searched \u00273\u0027 times","damage_taken":0,"relics_obtained":["Happy Flower"],"max_hp_gain":0,"max_hp_loss":0,"event_name":"Dead Adventurer","floor":8,"gold_loss":0},{"damage_healed":0,"gold_gain":0,"player_choice":"Opened","damage_taken":0,"relics_obtained":["Bag of Preparation"],"max_hp_gain":0,"max_hp_loss":0,"event_name":"The Mausoleum","floor":19,"gold_loss":0,"cards_obtained":["Writhe"]},{"damage_healed":0,"gold_gain":0,"player_choice":"Relic","damage_taken":0,"max_hp_gain":0,"max_hp_loss":0,"event_name":"Wheel of Change","floor":28,"gold_loss":0}],"is_beta":false,"boss_relics":[{"not_picked":["Mark of Pain","Philosopher\u0027s Stone"],"picked":"Sozu"}],"items_purged_floors":[5,21,27],"is_endless":false,"potions_floor_spawned":[3,10,13,14,16,18,25,29],"killed_by":"Book of Stabbing","ascension_level":0}