{"gold_per_floor":[18,32,32,42,117,150,164,164,164,191,216,216],"floor_reached":12,"playtime":476,"items_purged":[],"score":110,"play_id":"221fd236-af74-4170-99fd-69111069da74","local_time":"20190112111204","is_ascension_mode":true,"campfire_choices":[{"data":"Bash","floor":8,"key":"SMITH"}],"neow_cost":"NO_GOLD","seed_source_timestamp":70160641614199,"circlet_count":0,"master_deck":["Strike_R+1","Strike_R","Strike_R","Strike_R+1","Strike_R","Defend_R","Defend_R","Defend_R","Defend_R","Bash+1","Offering","Bloodletting","Intimidate","Exhume","Cleave","Ghostly Armor"],"relics":["Burning Blood","Shovel","Kunai","Whetstone","Frozen Egg 2"],"potions_floor_usage":[11,11],"damage_taken":[{"damage":4,"enemies":"2 Louse","floor":1,"turns":3},{"damage":6,"enemies":"Cultist","floor":2,"turns":2},{"damage":10,"enemies":"Jaw Worm","floor":4,"turns":3},{"damage":36,"enemies":"Gremlin Nob","floor":6,"turns":4},{"damage":15,"enemies":"Exordium Wildlife","floor":7,"turns":5},{"damage":25,"enemies":"Lagavulin","floor":11,"turns":5},{"damage":7,"enemies":"2 Fungi Beasts","floor":12,"turns":2}],"seed_played":"-4990579279633728640","potions_obtained":[{"floor":1,"key":"Fire Potion"},{"floor":2,"key":"PowerPotion"},{"floor":11,"key":"SmokeBomb"}],"is_trial":false,"path_per_floor":["M","M","?","M","?","E","M","R","T","T","E","M"],"character_chosen":"IRONCLAD","items_purchased":[],"campfire_rested":0,"item_purchase_floors":[],"current_hp_per_floor":[80,80,80,76,65,35,26,26,26,26,7,0],"gold":216,"neow_bonus":"THREE_RARE_CARDS","is_prod":false,"is_daily":false,"chose_seed":false,"campfire_upgraded":1,"win_rate":0,"timestamp":1547291524,"path_taken":["M","M","?","?","?","E","M","R","T","?","E","M"],"build_version":"2019-01-10","purchased_purges":0,"victory":false,"max_hp_per_floor":[80,80,80,80,80,80,80,80,80,80,80,80],"card_choices":[{"not_picked":["Bludgeon","Barricade"],"picked":"Offering","floor":0},{"not_picked":["Dual Wield","Havoc"],"picked":"Bloodletting","floor":1},{"not_picked":["Thunderclap","Sword Boomerang"],"picked":"Intimidate","floor":2},{"not_picked":["Wild Strike","Iron Wave","Heavy Blade"],"picked":"SKIP","floor":4},{"not_picked":["Metallicize","Thunderclap","Warcry"],"picked":"SKIP","floor":6},{"not_picked":["Clash","Corruption"],"picked":"Cleave","floor":7},{"not_picked":["Searing Blow","Offering"],"picked":"Ghostly Armor","floor":11}],"player_experience":92517,"relics_obtained":[{"floor":6,"key":"Shovel"},{"floor":9,"key":"Kunai"},{"floor":10,"key":"Whetstone"},{"floor":11,"key":"Frozen Egg 2"}],"event_choices":[{"damage_healed":0,"gold_gain":0,"player_choice":"1 cards matched","damage_taken":0,"max_hp_gain":0,"max_hp_loss":0,"event_name":"Match and Keep!","floor":3,"gold_loss":0,"cards_obtained":["Exhume"]},{"damage_healed":0,"gold_gain":75,"player_choice":"Gather Gold","damage_taken":11,"max_hp_gain":0,"max_hp_loss":0,"event_name":"World of Goop","floor":5,"gold_loss":0}],"is_beta":false,"boss_relics":[],"items_purged_floors":[],"is_endless":false,"potions_floor_spawned":[1,2,11],"killed_by":"2 Fungi Beasts","ascension_level":5}