{"gold_per_floor":[111,122,122,222,107,107,147,166,166,202,222,235],"floor_reached":12,"playtime":515,"items_purged":["Strike_G"],"score":90,"play_id":"153f1c2f-950a-47c3-82ef-033b6a026fc8","local_time":"20190125193150","is_ascension_mode":false,"campfire_choices":[{"data":"Calculated Gamble","floor":6,"key":"SMITH"}],"neow_cost":"NONE","seed_source_timestamp":442316219103713,"circlet_count":0,"master_deck":["Defend_G","Defend_G","Defend_G","Defend_G","Defend_G","Strike_G","Strike_G","Strike_G","Strike_G","Survivor","Neutralize","Poisoned Stab","Calculated Gamble+1","Noxious Fumes","Catalyst","Underhanded Strike+1","Poisoned Stab+1"],"relics":["Ring of the Snake","Golden Idol","Molten Egg 2","Lantern","Mummified Hand"],"potions_floor_usage":[12],"damage_taken":[{"damage":0,"enemies":"Cultist","floor":1,"turns":4},{"damage":1,"enemies":"2 Louse","floor":2,"turns":3},{"damage":18,"enemies":"Gremlin Nob","floor":7,"turns":4},{"damage":2,"enemies":"Small Slimes","floor":8,"turns":4},{"damage":17,"enemies":"3 Sentries","floor":10,"turns":8},{"damage":13,"enemies":"3 Louse","floor":11,"turns":4},{"damage":6,"enemies":"Lots of Slimes","floor":12,"turns":4}],"seed_played":"6818467811461234818","potions_obtained":[{"floor":7,"key":"Fire Potion"},{"floor":8,"key":"FearPotion"}],"is_trial":false,"path_per_floor":["M","M","?","?","$","R","E","M","T","E","M","M"],"character_chosen":"THE_SILENT","items_purchased":["Noxious Fumes"],"campfire_rested":0,"item_purchase_floors":[5],"current_hp_per_floor":[77,76,71,71,71,71,53,51,51,34,21,15],"gold":235,"neow_bonus":"TEN_PERCENT_HP_BONUS","is_prod":false,"is_daily":false,"chose_seed":false,"campfire_upgraded":1,"win_rate":0.0,"timestamp":1548466310,"path_taken":["M","?","?","?","$","R","E","M","T","E","M","M"],"build_version":"2019-01-23","purchased_purges":1,"victory":false,"max_hp_per_floor":[77,77,71,71,71,71,71,71,71,71,71,71],"card_choices":[{"not_picked":["Deadly Poison","Quick Slash"],"picked":"Poisoned Stab","floor":1},{"not_picked":["Dagger Throw","Outmaneuver"],"picked":"Calculated Gamble","floor":2},{"not_picked":["Dodge and Roll","Endless Agony"],"picked":"Catalyst","floor":7},{"not_picked":["Heel Hook+1","Deflect","Cloak And Dagger"],"picked":"SKIP","floor":8},{"not_picked":["Outmaneuver","Predator+1"],"picked":"Underhanded Strike+1","floor":10},{"not_picked":["Blade Dance","Cloak And Dagger"],"picked":"Poisoned Stab+1","floor":11}],"player_experience":181683,"relics_obtained":[{"floor":7,"key":"Molten Egg 2"},{"floor":9,"key":"Lantern"},{"floor":10,"key":"Mummified Hand"}],"event_choices":[{"damage_healed":0,"gold_gain":0,"player_choice":"Lose Max HP","damage_taken":0,"relics_obtained":["Golden Idol"],"max_hp_gain":0,"max_hp_loss":6,"event_name":"Golden Idol","floor":3,"gold_loss":0},{"damage_healed":0,"gold_gain":100,"player_choice":"Pray","damage_taken":0,"max_hp_gain":0,"max_hp_loss":0,"event_name":"Golden Shrine","floor":4,"gold_loss":0}],"is_beta":false,"boss_relics":[],"items_purged_floors":[5],"is_endless":false,"potions_floor_spawned":[7,8],"killed_by":"Lots of Slimes","ascension_level":0}