{"gold_per_floor":[111,123,139,155,155,155,199,223,271,271,285,285],"floor_reached":12,"playtime":444,"items_purged":[],"score":123,"play_id":"09809397-6999-4731-9ce8-e446f2b8f1e1","local_time":"20190130175320","is_ascension_mode":true,"campfire_choices":[{"floor":6,"key":"REST"}],"neow_cost":"NONE","seed_source_timestamp":509267650335400,"circlet_count":0,"master_deck":["AscendersBane","Strike_R","Strike_R+1","Strike_R","Strike_R","Strike_R","Defend_R","Defend_R","Defend_R","Defend_R","Bash","Dark Embrace","Cleave","Sword Boomerang+1","Shockwave","Battle Trance","Demon Form","Iron Wave","Clothesline"],"relics":["Burning Blood","Golden Idol","Whetstone","Art of War"],"potions_floor_usage":[8,12],"damage_taken":[{"damage":6,"enemies":"Cultist","floor":1,"turns":4},{"damage":12,"enemies":"2 Louse","floor":2,"turns":4},{"damage":14,"enemies":"Jaw Worm","floor":3,"turns":3},{"damage":12,"enemies":"Exordium Wildlife","floor":4,"turns":3},{"damage":50,"enemies":"3 Sentries","floor":7,"turns":7},{"damage":21,"enemies":"3 Louse","floor":8,"turns":3},{"damage":10,"enemies":"Blue Slaver","floor":11,"turns":4},{"damage":8,"enemies":"Gremlin Nob","floor":12,"turns":3}],"seed_played":"-1467618568325154702","potions_obtained":[{"floor":3,"key":"Energy Potion"},{"floor":4,"key":"Ancient Potion"},{"floor":11,"key":"AttackPotion"}],"is_trial":false,"path_per_floor":["M","M","M","M","?","R","E","M","T","?","M","E"],"character_chosen":"IRONCLAD","items_purchased":[],"campfire_rested":1,"item_purchase_floors":[],"current_hp_per_floor":[72,66,58,52,52,74,30,15,15,15,11,3],"gold":285,"neow_bonus":"ONE_RANDOM_RARE_CARD","is_prod":false,"is_daily":false,"chose_seed":false,"campfire_upgraded":0,"win_rate":0,"timestamp":1548870800,"path_taken":["M","M","?","M","?","R","E","M","T","?","M","E"],"build_version":"2019-01-23","purchased_purges":0,"victory":false,"max_hp_per_floor":[80,80,80,80,74,74,74,74,74,74,74,74],"card_choices":[{"not_picked":["Power Through","Infernal Blade"],"picked":"Cleave","floor":1},{"not_picked":["Twin Strike","Sever Soul"],"picked":"Sword Boomerang","floor":2},{"not_picked":["Body Slam","Sever Soul"],"picked":"Shockwave","floor":3},{"not_picked":["Perfected Strike","Warcry"],"picked":"Battle Trance","floor":4},{"not_picked":["Twin Strike","Anger"],"picked":"Demon Form","floor":7},{"not_picked":["Intimidate","Anger"],"picked":"Iron Wave","floor":8},{"not_picked":["Flex","Cleave"],"picked":"Clothesline","floor":11}],"player_experience":186750,"relics_obtained":[{"floor":7,"key":"Whetstone"},{"floor":9,"key":"Art of War"}],"event_choices":[{"damage_healed":0,"gold_gain":0,"player_choice":"Lose Max HP","damage_taken":0,"relics_obtained":["Golden Idol"],"max_hp_gain":0,"max_hp_loss":6,"event_name":"Golden Idol","floor":5,"gold_loss":0},{"damage_healed":0,"gold_gain":0,"player_choice":"Ignored","damage_taken":0,"max_hp_gain":0,"max_hp_loss":0,"event_name":"Golden Wing","floor":10,"gold_loss":0}],"is_beta":false,"boss_relics":[],"items_purged_floors":[],"is_endless":false,"potions_floor_spawned":[3,4,11],"killed_by":"Gremlin Nob","ascension_level":10}