{"gold_per_floor":[114,39,39,49,49,80,94,125,125,165,181,47,222,247,247,376,376,397,22,43,43,43,43],"floor_reached":23,"playtime":1096,"items_purged":["Doubt"],"score":341,"play_id":"b8632a36-1eab-4691-9cf3-5e7b1573fded","local_time":"20181224170519","is_ascension_mode":true,"campfire_choices":[{"floor":15.0,"key":"REST"}],"neow_cost":"NONE","seed_source_timestamp":0,"circlet_count":0,"master_deck":["Defend_G","Defend_G","Defend_G","Defend_G","Defend_G","Strike_G","Strike_G","Survivor","Neutralize","Sucker Punch","Deadly Poison","Bane","Neutralize","Burst","Poisoned Stab","Injury","Backflip","Dagger Throw+1","Flying Knee+1","Footwork","PiercingWail","Unload+1","Cloak And Dagger","After Image","Bullet Time+1","Predator+1","PiercingWail+1","Backflip","Deadly Poison","Quick Slash+1","Dagger Throw+1","Poisoned Stab+1"],"special_seed":0,"relics":["Ring of the Snake","NeowsBlessing","Golden Idol","Molten Egg 2","Singing Bowl","Gremlin Horn","Mango","Astrolabe","Ancient Tea Set","Nilry\u0027s Codex"],"potions_floor_usage":[16,18],"damage_taken":[{"damage":0.0,"enemies":"Jaw Worm","floor":1.0,"turns":1.0},{"damage":0.0,"enemies":"Cultist","floor":4.0,"turns":1.0},{"damage":0.0,"enemies":"3 Sentries","floor":6.0,"turns":1.0},{"damage":0.0,"enemies":"Small Slimes","floor":7.0,"turns":3.0},{"damage":16.0,"enemies":"Gremlin Nob","floor":8.0,"turns":3.0},{"damage":27.0,"enemies":"3 Sentries","floor":10.0,"turns":8.0},{"damage":4.0,"enemies":"3 Louse","floor":11.0,"turns":2.0},{"damage":9.0,"enemies":"Looter","floor":14.0,"turns":3.0},{"damage":23,"enemies":"Slime Boss","floor":16,"turns":14},{"damage":4,"enemies":"3 Byrds","floor":18,"turns":6},{"damage":15,"enemies":"Spheric Guardian","floor":20,"turns":5},{"damage":41,"enemies":"Slavers","floor":23,"turns":5}],"seed_played":"-1593629661286790460","potions_obtained":[{"floor":4.0,"key":"Poison Potion"},{"floor":8.0,"key":"Strength Potion"},{"floor":10.0,"key":"GamblersBrew"},{"floor":16,"key":"Swift Potion"}],"is_trial":false,"path_per_floor":["M","$","?","M","?","E","M","E","T","E","M","$","?","M","R","B",null,"M","$","M","?","?","E"],"character_chosen":"THE_SILENT","items_purchased":["Deadly Poison","Bane","Unload+1","Cloak And Dagger","Ancient Tea Set","Deadly Poison","Quick Slash+1","Dagger Throw+1"],"campfire_rested":1,"item_purchase_floors":[2,2,12,12,19,19,19,19],"current_hp_per_floor":[63,63,63,63,63,63,63,47,47,34,30,30,30,23,48,25,71,67,67,52,52,36,0],"gold":43,"neow_bonus":"THREE_ENEMY_KILL","is_prod":false,"is_daily":false,"chose_seed":false,"campfire_upgraded":0,"win_rate":0,"timestamp":1545699919,"path_taken":["M","$","?","?","?","E","M","E","T","E","M","$","?","M","R","BOSS","M","$","M","?","?","E"],"build_version":"2018-12-20","purchased_purges":1,"victory":false,"max_hp_per_floor":[70,70,70,70,70,70,70,70,70,84,84,84,84,86,86,86,86,86,86,86,86,86,86],"card_choices":[{"not_picked":["Dagger Spray","Blade Dance"],"picked":"Sucker Punch","floor":1.0},{"not_picked":["Quick Slash","Setup"],"picked":"Poisoned Stab","floor":4.0},{"not_picked":["Escape Plan","Adrenaline"],"picked":"Backflip","floor":6.0},{"not_picked":["All Out Attack+1","Infinite Blades"],"picked":"Dagger Throw+1","floor":7.0},{"not_picked":["Eviscerate+1","Escape Plan"],"picked":"Flying Knee+1","floor":8.0},{"not_picked":["Underhanded Strike+1","Bane+1"],"picked":"Footwork","floor":10.0},{"not_picked":["Prepared","Endless Agony+1"],"picked":"PiercingWail","floor":11.0},{"not_picked":["Noxious Fumes","Malaise","Acrobatics"],"picked":"Singing Bowl","floor":14.0},{"not_picked":["Bullet Time","Tools of the Trade"],"picked":"After Image","floor":16},{"not_picked":["Catalyst","Flying Knee+1"],"picked":"Backflip","floor":18},{"not_picked":["Slice+1","Skewer+1"],"picked":"Poisoned Stab+1","floor":20}],"player_experience":223633,"relics_obtained":[{"floor":6.0,"key":"Molten Egg 2"},{"floor":8.0,"key":"Singing Bowl"},{"floor":9.0,"key":"Gremlin Horn"},{"floor":10.0,"key":"Mango"},{"floor":22,"key":"Nilry\u0027s Codex"}],"event_choices":[{"damage_healed":0.0,"max_hp_gain":0.0,"max_hp_loss":0.0,"gold_gain":0.0,"event_name":"Match and Keep!","player_choice":"2 cards matched","floor":3.0,"gold_loss":0.0,"damage_taken":0.0,"cards_obtained":["Neutralize","Burst"]},{"damage_healed":0.0,"max_hp_gain":0.0,"max_hp_loss":0.0,"gold_gain":0.0,"event_name":"Golden Idol","player_choice":"Take Wound","floor":5.0,"gold_loss":0.0,"damage_taken":0.0,"relics_obtained":["Golden Idol"],"cards_obtained":["Injury"]},{"damage_healed":0.0,"max_hp_gain":0.0,"max_hp_loss":0.0,"gold_gain":175.0,"event_name":"Liars Game","player_choice":"AGREE","floor":13.0,"gold_loss":0.0,"damage_taken":0.0,"cards_obtained":["Doubt"]},{"damage_healed":0,"gold_gain":0,"player_choice":"Ignored","damage_taken":0,"max_hp_gain":0,"max_hp_loss":0,"event_name":"Vampires","floor":21,"gold_loss":0},{"damage_healed":0,"gold_gain":0,"player_choice":"Obtained Book","damage_taken":16,"max_hp_gain":0,"max_hp_loss":0,"event_name":"Cursed Tome","floor":22,"gold_loss":0}],"is_beta":false,"boss_relics":[{"not_picked":["Fusion Hammer","HoveringKite"],"picked":"Astrolabe"}],"items_purged_floors":[19],"is_endless":false,"potions_floor_spawned":[4,8,10,16],"killed_by":"Slavers","ascension_level":7}