{"gold_per_floor":[111,14,25,40,57,57,57,67,67,83,99,115,290,323,323,426,426,444,457,457,473,101,101,101],"floor_reached":24,"playtime":1695,"items_purged":["Strike_B","Doubt"],"score":227,"play_id":"3e34fd4d-d7fc-4ae7-885a-95df3b88abfa","local_time":"20190125151510","is_ascension_mode":false,"campfire_choices":[{"data":"Lockon","floor":6,"key":"SMITH"},{"data":"Machine Learning","floor":15,"key":"SMITH"},{"floor":23,"key":"REST"}],"neow_cost":"NONE","seed_source_timestamp":18174345520924,"circlet_count":0,"master_deck":["Strike_B","Defend_B","Defend_B","Defend_B","Defend_B","Zap","Dualcast","Compile Driver","Ball Lightning","Self Repair","Lockon+1","Ball Lightning","Skim","Sunder","Loop","Tempest","Machine Learning+1","Electrodynamics","Steam","Cold Snap+1","RitualDagger","Creative AI","Apotheosis","Defragment","Coolheaded"],"relics":["Cracked Core","Bottled Lightning","Dodecahedron","Nuclear Battery"],"potions_floor_usage":[14,16,21],"damage_taken":[{"damage":5,"enemies":"Cultist","floor":1,"turns":4},{"damage":0,"enemies":"2 Louse","floor":3,"turns":1},{"damage":1,"enemies":"Jaw Worm","floor":4,"turns":4},{"damage":16,"enemies":"3 Louse","floor":5,"turns":3},{"damage":6,"enemies":"Large Slime","floor":8,"turns":5},{"damage":19,"enemies":"Exordium Thugs","floor":10,"turns":3},{"damage":9,"enemies":"Blue Slaver","floor":11,"turns":3},{"damage":10,"enemies":"Looter","floor":12,"turns":3},{"damage":0,"enemies":"Gremlin Nob","floor":14,"turns":2},{"damage":29,"enemies":"Hexaghost","floor":16,"turns":8},{"damage":27,"enemies":"Shell Parasite","floor":18,"turns":6},{"damage":4,"enemies":"Chosen","floor":19,"turns":3},{"damage":32,"enemies":"Shelled Parasite and Fungi","floor":21,"turns":4},{"damage":50,"enemies":"Book of Stabbing","floor":24,"turns":4}],"seed_played":"3552986577697603924","potions_obtained":[{"floor":1,"key":"Weak Potion"},{"floor":10,"key":"PowerPotion"},{"floor":11,"key":"LiquidBronze"},{"floor":12,"key":"Fire Potion"},{"floor":21,"key":"Strength Potion"}],"is_trial":false,"path_per_floor":["M","$","M","M","M","R","?","M","T","M","M","M","?","E","R","B",null,"M","M","?","M","$","R","E"],"character_chosen":"DEFECT","items_purchased":["Ball Lightning","Apotheosis","Defragment","Coolheaded"],"campfire_rested":1,"item_purchase_floors":[2,22,22,22],"current_hp_per_floor":[70,70,70,75,66,66,66,67,67,55,53,50,50,50,50,21,75,55,58,52,27,27,49,0],"gold":101,"neow_bonus":"REMOVE_CARD","is_prod":false,"is_daily":false,"chose_seed":false,"campfire_upgraded":2,"win_rate":0.0,"timestamp":1548396910,"path_taken":["M","$","?","M","M","R","?","M","T","M","M","M","?","E","R","BOSS","M","M","?","M","$","R","E"],"build_version":"2019-01-23","purchased_purges":2,"victory":false,"max_hp_per_floor":[75,75,75,75,75,75,75,75,75,75,75,75,75,75,75,75,75,75,75,75,75,75,75,75],"card_choices":[{"not_picked":["Force Field","Beam Cell"],"picked":"Compile Driver","floor":1},{"not_picked":["Compile Driver","Streamline"],"picked":"Self Repair","floor":3},{"not_picked":["Go for the Eyes","Rip and Tear"],"picked":"Lockon","floor":4},{"not_picked":["Self Repair","Cold Snap"],"picked":"Ball Lightning","floor":5},{"not_picked":["Rebound","Hyperbeam"],"picked":"Skim","floor":8},{"not_picked":["Self Repair","Conserve Battery"],"picked":"Sunder","floor":10},{"not_picked":["Go for the Eyes","Scrape"],"picked":"Loop","floor":11},{"not_picked":["Ball Lightning","Storm"],"picked":"Tempest","floor":12},{"not_picked":["Barrage","Tempest"],"picked":"Machine Learning","floor":14},{"not_picked":["Thunder Strike","Hyperbeam"],"picked":"Electrodynamics","floor":16},{"not_picked":["Turbo","Beam Cell"],"picked":"Steam","floor":18},{"not_picked":["Go for the Eyes","Glacier"],"picked":"Cold Snap+1","floor":19},{"not_picked":["Stack","Compile Driver"],"picked":"Creative AI","floor":21}],"player_experience":61478,"relics_obtained":[{"floor":9,"key":"Bottled Lightning"},{"floor":14,"key":"Dodecahedron"}],"event_choices":[{"cards_removed":["Strike_B"],"damage_healed":0,"gold_gain":0,"player_choice":"Forget","damage_taken":0,"max_hp_gain":0,"max_hp_loss":0,"event_name":"Living Wall","floor":7,"gold_loss":0},{"damage_healed":0,"gold_gain":175,"player_choice":"AGREE","damage_taken":0,"max_hp_gain":0,"max_hp_loss":0,"event_name":"Liars Game","floor":13,"gold_loss":0,"cards_obtained":["Doubt"]},{"damage_healed":0,"gold_gain":0,"player_choice":"Joined the Cult","damage_taken":6,"max_hp_gain":0,"max_hp_loss":0,"event_name":"Nest","floor":20,"gold_loss":0,"cards_obtained":["RitualDagger"]}],"is_beta":false,"boss_relics":[{"not_picked":["Black Star","Busted Crown"],"picked":"Nuclear Battery"}],"items_purged_floors":[2,22],"is_endless":false,"potions_floor_spawned":[1,10,11,12,21],"killed_by":"Book of Stabbing","ascension_level":0}