{"gold_per_floor":[118,135,146,166,179,208,208,224,224,174,191,191],"floor_reached":12,"playtime":637,"items_purged":[],"score":84,"play_id":"3e54823d-1b26-4577-ae1f-5b0651f79a47","local_time":"20181230204217","is_ascension_mode":false,"campfire_choices":[{"data":"Defragment","floor":7,"key":"SMITH"}],"neow_cost":"NONE","seed_source_timestamp":35144426669194,"circlet_count":0,"master_deck":["Strike_B","Strike_B","Strike_B","Defend_B","Defend_B","Defend_B","Defend_B","Zap","Dualcast","Steam","Barrage","Conserve Battery","Sweeping Beam","Steam","Defragment+1","Go for the Eyes","Fusion+1"],"relics":["Cracked Core","Question Card","Toxic Egg 2"],"potions_floor_usage":[12],"damage_taken":[{"damage":1,"enemies":"2 Louse","floor":1,"turns":3},{"damage":5,"enemies":"Jaw Worm","floor":2,"turns":3},{"damage":0,"enemies":"Small Slimes","floor":3,"turns":3},{"damage":0,"enemies":"Looter","floor":4,"turns":4},{"damage":9,"enemies":"3 Louse","floor":5,"turns":2},{"damage":21,"enemies":"3 Sentries","floor":6,"turns":9},{"damage":1,"enemies":"2 Fungi Beasts","floor":8,"turns":3},{"damage":3,"enemies":"Large Slime","floor":11,"turns":6},{"damage":55,"enemies":"Gremlin Nob","floor":12,"turns":4}],"seed_played":"-9192671452678202240","potions_obtained":[{"floor":3,"key":"Energy Potion"},{"floor":5,"key":"LiquidBronze"},{"floor":6,"key":"Poison Potion"}],"is_trial":false,"path_per_floor":["M","M","M","M","M","E","R","M","T","?","M","E"],"character_chosen":"DEFECT","items_purchased":[],"campfire_rested":0,"item_purchase_floors":[],"current_hp_per_floor":[81,76,76,76,67,46,46,45,45,45,42,0],"gold":191,"neow_bonus":"TEN_PERCENT_HP_BONUS","is_prod":false,"is_daily":false,"chose_seed":false,"campfire_upgraded":1,"win_rate":0.0,"timestamp":1546198937,"path_taken":["M","M","M","M","M","E","R","M","T","?","M","E"],"build_version":"2018-12-20","purchased_purges":0,"victory":false,"max_hp_per_floor":[82,82,82,82,82,82,82,82,82,82,82,82],"card_choices":[{"not_picked":["Stack","White Noise"],"picked":"Steam","floor":1},{"not_picked":["Skim","Double Energy"],"picked":"Barrage","floor":2},{"not_picked":["Force Field","Leap"],"picked":"Conserve Battery","floor":3},{"not_picked":["Reprogram","Heatsinks"],"picked":"Sweeping Beam","floor":4},{"not_picked":["Undo","Darkness"],"picked":"Steam","floor":5},{"not_picked":["Gash","Doom and Gloom"],"picked":"Defragment","floor":6},{"not_picked":["Steam","Ball Lightning","Hologram"],"picked":"Go for the Eyes","floor":8},{"not_picked":["Barrage","Melter","Conserve Battery+1"],"picked":"Fusion+1","floor":11}],"player_experience":92227,"relics_obtained":[{"floor":6,"key":"Question Card"},{"floor":9,"key":"Toxic Egg 2"}],"event_choices":[{"cards_removed":["Strike_B"],"damage_healed":0,"gold_gain":0,"player_choice":"Card Removal","damage_taken":0,"max_hp_gain":0,"max_hp_loss":0,"event_name":"The Cleric","floor":10,"gold_loss":50}],"is_beta":false,"boss_relics":[],"items_purged_floors":[],"is_endless":false,"potions_floor_spawned":[3,5,6,11],"killed_by":"Gremlin Nob","ascension_level":0}