{"gold_per_floor":[109,109,109,124,137,137,166,91,118,118,83,83,103,133,133,210,210,221,234,246,246,246,246,68,68,113,28,28,41,41,60,60,137,137,149,164,58,58],"floor_reached":38,"playtime":1999,"items_purged":["Bash","Strike_R"],"score":646,"play_id":"da76fd84-8fff-4614-b223-1b5316f3697a","local_time":"20190131220823","is_ascension_mode":true,"campfire_choices":[{"data":"Uppercut","floor":6.0,"key":"SMITH"},{"data":"Whirlwind","floor":10.0,"key":"SMITH"},{"data":"Ghostly Armor","floor":15.0,"key":"SMITH"},{"data":"Limit Break","floor":23,"key":"SMITH"},{"floor":25,"key":"REST"},{"data":"Shrug It Off","floor":28,"key":"SMITH"},{"floor":30,"key":"REST"},{"floor":32,"key":"REST"}],"neow_cost":"NONE","seed_source_timestamp":1485875294220622,"circlet_count":0,"master_deck":["AscendersBane","Strike_R","Strike_R","Strike_R","Strike_R","Defend_R","Defend_R","Defend_R","Shrug It Off+1","Uppercut+1","Whirlwind+1","Ghostly Armor+1","Limit Break+1","True Grit+1","Battle Trance","Barricade","Infernal Blade","Seeing Red","Feel No Pain","Havoc"],"special_seed":0,"relics":["Burning Blood","NeowsBlessing","NlothsMask","Red Skull","Odd Mushroom","Dead Branch","Sozu","Blood Vial","Blue Candle","Eternal Feather"],"potions_floor_usage":[],"damage_taken":[{"damage":0.0,"enemies":"2 Louse","floor":1.0,"turns":1.0},{"damage":0.0,"enemies":"Jaw Worm","floor":4.0,"turns":1.0},{"damage":0.0,"enemies":"Cultist","floor":5.0,"turns":1.0},{"damage":37.0,"enemies":"Lagavulin","floor":7.0,"turns":7.0},{"damage":18.0,"enemies":"The Mushroom Lair","floor":13.0,"turns":2.0},{"damage":29.0,"enemies":"Gremlin Nob","floor":14.0,"turns":5.0},{"damage":12.0,"enemies":"Slime Boss","floor":16.0,"turns":7.0},{"damage":9.0,"enemies":"Spheric Guardian","floor":18.0,"turns":3.0},{"damage":27.0,"enemies":"2 Thieves","floor":19.0,"turns":3.0},{"damage":24.0,"enemies":"Snake Plant","floor":20.0,"turns":2.0},{"damage":7,"enemies":"Colosseum Slavers","floor":22,"turns":4},{"damage":35,"enemies":"Centurion and Healer","floor":29,"turns":5},{"damage":9,"enemies":"Cultist and Chosen","floor":31,"turns":3},{"damage":49,"enemies":"Champ","floor":33,"turns":13},{"damage":26,"enemies":"Orb Walker","floor":35,"turns":5},{"damage":44,"enemies":"3 Shapes","floor":36,"turns":7},{"damage":12,"enemies":"Spire Growth","floor":38,"turns":4}],"seed_played":"6356728460050253186","potions_obtained":[{"floor":1.0,"key":"FearPotion"},{"floor":13.0,"key":"BloodPotion"},{"floor":16.0,"key":"FearPotion"}],"is_trial":false,"path_per_floor":["M","?","?","M","M","R","E","$","T","R","?","$","?","E","R","B",null,"M","M","M","$","?","R","$","R","T","?","R","M","R","M","R","B",null,"M","M","$","M"],"character_chosen":"IRONCLAD","items_purchased":["Battle Trance","Feel No Pain","Havoc"],"campfire_rested":3,"item_purchase_floors":[24,37,37],"current_hp_per_floor":[74,74,74,75,75,75,44,44,44,44,62,62,50,34,34,28,63,60,39,21,21,20,20,20,42,42,42,42,15,37,36,58,17,61,43,7,7,0],"gold":58,"neow_bonus":"THREE_ENEMY_KILL","is_prod":false,"is_daily":false,"chose_seed":false,"campfire_upgraded":5,"win_rate":0,"timestamp":1548994103,"path_taken":["M","?","?","?","M","R","E","$","T","R","?","$","?","E","R","BOSS","M","M","M","$","?","R","$","R","T","?","R","M","R","M","R","BOSS","M","M","$","M"],"build_version":"2019-01-23","purchased_purges":2,"victory":false,"max_hp_per_floor":[75,75,75,75,75,75,75,75,75,75,75,75,75,75,75,75,75,75,75,75,75,75,75,75,75,75,75,75,75,75,75,75,75,75,75,75,75,75],"card_choices":[{"not_picked":["Wild Strike","Twin Strike"],"picked":"Shrug It Off","floor":1.0},{"not_picked":["Warcry","Corruption"],"picked":"Uppercut","floor":4.0},{"not_picked":["Rupture","Heavy Blade","Clothesline"],"picked":"SKIP","floor":5.0},{"not_picked":["Limit Break","Clothesline"],"picked":"Whirlwind","floor":7.0},{"not_picked":["Pummel","Wild Strike"],"picked":"Ghostly Armor","floor":14.0},{"not_picked":["Immolate","Exhume"],"picked":"Limit Break","floor":16.0},{"not_picked":["Thunderclap","Anger","Perfected Strike"],"picked":"SKIP","floor":18.0},{"not_picked":["Havoc","Intimidate","Clash"],"picked":"SKIP","floor":19.0},{"not_picked":["Fire Breathing","Searing Blow"],"picked":"True Grit+1","floor":20.0},{"not_picked":["Warcry+1","Anger+1","Clothesline"],"picked":"SKIP","floor":29},{"not_picked":["Twin Strike","Sword Boomerang","Intimidate"],"picked":"SKIP","floor":31},{"not_picked":["Juggernaut","Berserk"],"picked":"Barricade","floor":33},{"not_picked":["Clothesline","Clash"],"picked":"Infernal Blade","floor":35},{"not_picked":["Disarm","Anger"],"picked":"Seeing Red","floor":36}],"player_experience":674587,"relics_obtained":[{"floor":7.0,"key":"Red Skull"},{"floor":13.0,"key":"Odd Mushroom"},{"floor":14.0,"key":"Dead Branch"},{"floor":26,"key":"Blood Vial"}],"event_choices":[{"cards_removed":["Defend_R"],"damage_healed":0.0,"max_hp_gain":0.0,"max_hp_loss":0.0,"gold_gain":0.0,"event_name":"Living Wall","player_choice":"Forget","floor":2.0,"gold_loss":0.0,"damage_taken":0.0},{"damage_healed":0.0,"max_hp_gain":0.0,"max_hp_loss":0.0,"gold_gain":0.0,"event_name":"FaceTrader","player_choice":"Trade","floor":3.0,"gold_loss":0.0,"damage_taken":0.0,"relics_obtained":["NlothsMask"]},{"damage_healed":18.0,"max_hp_gain":0.0,"max_hp_loss":0.0,"gold_gain":0.0,"event_name":"The Cleric","player_choice":"Healed","floor":11.0,"gold_loss":35.0,"damage_taken":0.0},{"damage_healed":0.0,"max_hp_gain":0.0,"max_hp_loss":0.0,"gold_gain":0.0,"event_name":"Mushrooms","player_choice":"Fought Mushrooms","floor":13.0,"gold_loss":0.0,"damage_taken":0.0},{"damage_healed":0,"gold_gain":0,"player_choice":"Fight","damage_taken":0,"max_hp_gain":0,"max_hp_loss":0,"event_name":"Colosseum","floor":22,"gold_loss":0},{"damage_healed":0,"gold_gain":0,"player_choice":"Fled From Nobs","damage_taken":0,"max_hp_gain":0,"max_hp_loss":0,"event_name":"Colosseum","floor":22,"gold_loss":0},{"damage_healed":0,"gold_gain":0,"player_choice":"Obtained Relic","damage_taken":0,"relics_obtained":["Blue Candle"],"max_hp_gain":0,"max_hp_loss":0,"event_name":"Addict","floor":27,"gold_loss":85}],"is_beta":false,"boss_relics":[{"not_picked":["Lizard Tail","Fusion Hammer"],"picked":"Sozu"},{"not_picked":["Black Star","Mark of Pain"],"picked":"Eternal Feather"}],"items_purged_floors":[8,24],"is_endless":false,"potions_floor_spawned":[1,13,16,19,22,31,33,35],"killed_by":"Spire Growth","ascension_level":14}