{"gold_per_floor":[113,132,132,151,165,165,165,192,192,210,210,58,58,73,73,169,169,184,184,184,124],"floor_reached":21,"playtime":2644,"items_purged":["Strike_B"],"score":222,"play_id":"f887f577-5442-43f5-9d4b-7f8fbe8f0d38","local_time":"20190125191537","is_ascension_mode":true,"campfire_choices":[{"data":"Magnetism","floor":6,"key":"SMITH"},{"floor":15,"key":"REST"}],"neow_cost":"TEN_PERCENT_HP_LOSS","seed_source_timestamp":487608293900301,"circlet_count":0,"master_deck":["Defend_B","Defend_B","Defend_B","Defend_B","Zap","Dualcast","Dark Shackles","Magnetism+1","Tempest","Ball Lightning","Fusion","Machine Learning","Recycle","Defragment","Heatsinks","Coolheaded","Creative AI","Pain","Conserve Battery","Bite","Bite","Bite","Bite","Bite"],"relics":["Cracked Core","Omamori","Oddly Smooth Stone","DataDisk","Calling Bell","Dream Catcher","Question Card","Nunchaku","CultistMask"],"potions_floor_usage":[16],"damage_taken":[{"damage":0,"enemies":"Jaw Worm","floor":1,"turns":3},{"damage":8,"enemies":"2 Louse","floor":2,"turns":2},{"damage":0,"enemies":"Cultist","floor":4,"turns":3},{"damage":25,"enemies":"Exordium Thugs","floor":5,"turns":5},{"damage":18,"enemies":"Lagavulin","floor":8,"turns":5},{"damage":0,"enemies":"Large Slime","floor":10,"turns":4},{"damage":7,"enemies":"Looter","floor":14,"turns":3},{"damage":17,"enemies":"Slime Boss","floor":16,"turns":8},{"damage":35,"enemies":"Spheric Guardian","floor":18,"turns":6},{"damage":41,"enemies":"2 Thieves","floor":21,"turns":2}],"seed_played":"-2818889829999852304","potions_obtained":[{"floor":2,"key":"Energy Potion"},{"floor":5,"key":"Fire Potion"},{"floor":7,"key":"SkillPotion"},{"floor":16,"key":"Explosive Potion"}],"is_trial":false,"path_per_floor":["M","M","?","M","M","R","?","E","T","M","T","$","?","M","R","B",null,"M","?","?","M"],"character_chosen":"DEFECT","items_purchased":["Heatsinks"],"campfire_rested":1,"item_purchase_floors":[12],"current_hp_per_floor":[68,60,53,53,28,28,28,10,10,10,10,10,10,3,23,6,68,33,33,33,0],"gold":124,"neow_bonus":"RANDOM_COLORLESS_2","is_prod":false,"is_daily":false,"chose_seed":false,"campfire_upgraded":1,"win_rate":0,"timestamp":1548461737,"path_taken":["M","M","?","M","M","R","?","E","T","?","?","$","?","M","R","BOSS","M","?","?","?"],"build_version":"2019-01-23","purchased_purges":1,"victory":false,"max_hp_per_floor":[68,68,68,68,68,68,68,68,68,68,68,68,68,68,68,68,68,68,47,47,47],"card_choices":[{"not_picked":["Barrage","Scrape"],"picked":"Tempest","floor":1},{"not_picked":["Compile Driver","Barrage"],"picked":"Ball Lightning","floor":2},{"not_picked":["Genetic Algorithm","Turbo"],"picked":"Fusion","floor":4},{"not_picked":["Loop","Redo"],"picked":"Machine Learning","floor":5},{"not_picked":["Beam Cell","BootSequence"],"picked":"Recycle","floor":8},{"not_picked":["Cold Snap","Redo"],"picked":"Defragment","floor":10},{"not_picked":["Redo","Turbo"],"picked":"Coolheaded","floor":14},{"not_picked":["Biased Cognition","Hyperbeam"],"picked":"Creative AI","floor":16},{"not_picked":["Genetic Algorithm","Aggregate","Stack"],"picked":"Conserve Battery","floor":18}],"player_experience":108816,"relics_obtained":[{"floor":8,"key":"Omamori"},{"floor":9,"key":"Oddly Smooth Stone"},{"floor":11,"key":"DataDisk"},{"floor":17,"key":"Dream Catcher"},{"floor":17,"key":"Question Card"},{"floor":17,"key":"Nunchaku"}],"event_choices":[{"cards_removed":["Strike_B"],"damage_healed":0,"gold_gain":0,"player_choice":"Card Removal","damage_taken":7,"max_hp_gain":0,"max_hp_loss":0,"event_name":"Golden Wing","floor":3,"gold_loss":0},{"damage_healed":0,"gold_gain":0,"player_choice":"Got Potions","damage_taken":0,"max_hp_gain":0,"max_hp_loss":0,"event_name":"Lab","floor":7,"gold_loss":0},{"damage_healed":0,"gold_gain":0,"player_choice":"Ignored","damage_taken":0,"max_hp_gain":0,"max_hp_loss":0,"event_name":"Liars Game","floor":13,"gold_loss":0},{"damage_healed":0,"gold_gain":0,"player_choice":"Became a vampire","damage_taken":0,"max_hp_gain":0,"max_hp_loss":21,"event_name":"Vampires","floor":19,"gold_loss":0,"cards_obtained":["Bite","Bite","Bite","Bite","Bite"]},{"damage_healed":0,"gold_gain":0,"player_choice":"Trade","damage_taken":0,"relics_obtained":["CultistMask"],"max_hp_gain":0,"max_hp_loss":0,"event_name":"FaceTrader","floor":20,"gold_loss":0}],"is_beta":false,"boss_relics":[{"not_picked":["Runic Pyramid","Cursed Key"],"picked":"Calling Bell"}],"items_purged_floors":[12],"is_endless":false,"potions_floor_spawned":[2,5,16],"killed_by":"2 Thieves","ascension_level":2}