{"gold_per_floor":[110,126,139,139,158,158,192,192,192,225,7,24,53,65,65,169,169,185,201,181,195,209,238,238,35,86,86,86,106,106,141,141,244,244,263,263,20,20,20,51,65,79,150,150,150,176,176,203,203,203],"floor_reached":51,"playtime":2492,"items_purged":[],"score":1087,"play_id":"01829936-7dc0-4ea1-9dca-9e7f9a67ad1d","local_time":"20181226135254","is_ascension_mode":true,"campfire_choices":[{"data":"Flex","floor":6.0,"key":"SMITH"},{"floor":8.0,"key":"REST"},{"floor":15.0,"key":"REST"},{"data":"1","floor":24.0,"key":"LIFT"},{"data":"2","floor":28.0,"key":"LIFT"},{"data":"3","floor":32.0,"key":"LIFT"},{"floor":45,"key":"REST"},{"floor":49,"key":"REST"}],"neow_cost":"NONE","seed_source_timestamp":565101448115693,"circlet_count":0,"master_deck":["Strike_R+1","Strike_R+1","Strike_R+1","Strike_R+1","Strike_R+1","Defend_R+1","Defend_R+1","Defend_R+1","Defend_R+1","Bash+1","Twin Strike","Cleave","Twin Strike","Flex+1","Headbutt","Clash","Pommel Strike","Shrug It Off","Double Tap","Perfected Strike","Shrug It Off+1","Armaments","Headbutt+1","Inflame+1","Clash","Perfected Strike","Necronomicurse","Demon Form","Offering","Uppercut","Madness","Pummel","Heavy Blade","Cleave+1","Mind Blast","Heavy Blade","Uppercut+1","Headbutt","Flex+1"],"special_seed":0,"relics":["Burning Blood","Oddly Smooth Stone","Self Forming Clay","Blue Candle","Kunai","Anchor","Girya","Fusion Hammer","Torii","Bag of Marbles","Ancient Tea Set","Necronomicon","Dream Catcher","Lizard Tail","PreservedInsect","Pen Nib","Mercury Hourglass","Lantern","Orichalcum"],"potions_floor_usage":[50,50,50],"damage_taken":[{"damage":10.0,"enemies":"Cultist","floor":1.0,"turns":4.0},{"damage":12.0,"enemies":"Small Slimes","floor":2.0,"turns":3.0},{"damage":7.0,"enemies":"2 Louse","floor":3.0,"turns":2.0},{"damage":16.0,"enemies":"Red Slaver","floor":5.0,"turns":5.0},{"damage":32.0,"enemies":"3 Sentries","floor":7.0,"turns":8.0},{"damage":41.0,"enemies":"Lagavulin","floor":10.0,"turns":7.0},{"damage":9.0,"enemies":"2 Fungi Beasts","floor":12.0,"turns":3.0},{"damage":0.0,"enemies":"Gremlin Nob","floor":13.0,"turns":2.0},{"damage":2.0,"enemies":"Looter","floor":14.0,"turns":3.0},{"damage":9.0,"enemies":"Slime Boss","floor":16.0,"turns":6.0},{"damage":16.0,"enemies":"Spheric Guardian","floor":18.0,"turns":4.0},{"damage":2.0,"enemies":"Chosen","floor":19.0,"turns":2.0},{"damage":14.0,"enemies":"Centurion and Healer","floor":21.0,"turns":5.0},{"damage":0.0,"enemies":"Snake Plant","floor":22.0,"turns":2.0},{"damage":3.0,"enemies":"Gremlin Leader","floor":23.0,"turns":7.0},{"damage":1.0,"enemies":"Shelled Parasite and Fungi","floor":29.0,"turns":3.0},{"damage":7.0,"enemies":"Slavers","floor":31.0,"turns":3.0},{"damage":57.0,"enemies":"Automaton","floor":33.0,"turns":8.0},{"damage":11.0,"enemies":"3 Shapes","floor":35.0,"turns":2.0},{"damage":28.0,"enemies":"Giant Head","floor":40.0,"turns":4.0},{"damage":0.0,"enemies":"Orb Walker","floor":41.0,"turns":2.0},{"damage":1,"enemies":"Transient","floor":42,"turns":5},{"damage":0,"enemies":"Reptomancer","floor":46,"turns":2},{"damage":1,"enemies":"Giant Head","floor":48,"turns":4},{"damage":41,"enemies":"Donu and Deca","floor":50,"turns":5}],"seed_played":"-2376122377779618533","potions_obtained":[{"floor":3.0,"key":"SpeedPotion"},{"floor":12.0,"key":"BloodPotion"},{"floor":13.0,"key":"EssenceOfSteel"},{"floor":14.0,"key":"LiquidBronze"},{"floor":18.0,"key":"SpeedPotion"},{"floor":19.0,"key":"BloodPotion"},{"floor":20.0,"key":"Energy Potion"},{"floor":22.0,"key":"BloodPotion"},{"floor":29.0,"key":"AttackPotion"},{"floor":35.0,"key":"LiquidBronze"},{"floor":42,"key":"Energy Potion"}],"is_trial":false,"path_per_floor":["M","M","M","?","M","R","E","R","T","E","$","M","E","M","R","B",null,"M","M","M","?","M","M","E","R","$","T","?","R","M","?","E","R","B",null,"M","?","$","?","?","E","M","M","T","?","R","E","?","E","R","B",null],"character_chosen":"IRONCLAD","items_purchased":["Anchor","Clash","Energy Potion","Bag of Marbles","Clash","PreservedInsect","PowerPotion","Fire Potion"],"campfire_rested":4,"item_purchase_floors":[11,11,11,25,25,37,37,37],"current_hp_per_floor":[76,70,69,69,59,59,33,57,57,22,22,19,33,37,61,58,80,70,74,74,66,72,75,75,75,75,75,75,80,64,63,63,28,80,75,75,75,65,65,43,49,54,54,54,78,80,80,80,80,45],"gold":203,"neow_bonus":"RANDOM_COMMON_RELIC","is_prod":false,"is_daily":false,"chose_seed":false,"campfire_upgraded":1,"win_rate":0,"timestamp":1545861174,"path_taken":["M","?","M","?","?","R","E","R","T","E","$","M","E","M","R","BOSS","M","M","?","M","?","E","R","$","T","?","R","M","?","E","R","BOSS","M","?","$","?","?","E","M","M","T","?","R","E","?","E","R","BOSS"],"build_version":"2018-12-20","purchased_purges":0,"victory":true,"max_hp_per_floor":[80,80,80,80,80,80,80,80,80,80,80,80,80,80,80,80,80,80,80,80,80,80,80,80,80,80,80,80,80,80,80,80,80,80,80,80,80,80,80,80,80,80,80,80,80,80,80,80,80,80],"card_choices":[{"not_picked":["Clothesline","Sword Boomerang"],"picked":"Twin Strike","floor":1.0},{"not_picked":["Combust","Entrench"],"picked":"Cleave","floor":2.0},{"not_picked":["Feel No Pain","True Grit"],"picked":"Twin Strike","floor":3.0},{"not_picked":["Seeing Red","Anger"],"picked":"Flex","floor":5.0},{"not_picked":["Body Slam","Warcry","Bludgeon"],"picked":"SKIP","floor":7.0},{"not_picked":["Blood for Blood","Thunderclap"],"picked":"Headbutt","floor":10.0},{"not_picked":["Havoc","Seeing Red"],"picked":"Pommel Strike","floor":12.0},{"not_picked":["Pommel Strike","Sentinel"],"picked":"Shrug It Off","floor":13.0},{"not_picked":["Rampage","Headbutt"],"picked":"Shrug It Off","floor":14.0},{"not_picked":["Juggernaut","Limit Break"],"picked":"Double Tap","floor":16.0},{"not_picked":["Twin Strike+1","Body Slam"],"picked":"Perfected Strike","floor":18.0},{"not_picked":["Carnage","Sword Boomerang"],"picked":"Shrug It Off+1","floor":19.0},{"not_picked":["True Grit","Burning Pact"],"picked":"Armaments","floor":21.0},{"not_picked":["Anger","Warcry+1"],"picked":"Headbutt+1","floor":22.0},{"not_picked":["Shrug It Off+1","Anger"],"picked":"Inflame+1","floor":23.0},{"not_picked":["Demon Form","Anger"],"picked":"Perfected Strike","floor":29.0},{"not_picked":["Flame Barrier","Body Slam"],"picked":"Demon Form","floor":31.0},{"not_picked":["Impervious","Fiend Fire"],"picked":"Offering","floor":33.0},{"not_picked":["Disarm","Seeing Red"],"picked":"Uppercut","floor":35.0},{"not_picked":["Whirlwind+1","Warcry"],"picked":"Pummel","floor":40.0},{"not_picked":["Shrug It Off+1","Headbutt"],"picked":"Heavy Blade","floor":41.0},{"not_picked":["Sentinel+1","Warcry+1"],"picked":"Cleave+1","floor":42},{"not_picked":["Purity","Metamorphosis"],"picked":"Mind Blast","floor":44},{"not_picked":["Body Slam","Anger+1"],"picked":"Heavy Blade","floor":45},{"not_picked":["Clothesline","Bloodletting+1"],"picked":"Uppercut+1","floor":46},{"not_picked":["Sentinel+1","Twin Strike"],"picked":"Headbutt","floor":48},{"not_picked":["Thunderclap","Evolve+1"],"picked":"Flex+1","floor":49}],"player_experience":240549,"relics_obtained":[{"floor":7.0,"key":"Self Forming Clay"},{"floor":9.0,"key":"Blue Candle"},{"floor":10.0,"key":"Kunai"},{"floor":13.0,"key":"Girya"},{"floor":23.0,"key":"Torii"},{"floor":26.0,"key":"Ancient Tea Set"},{"floor":30.0,"key":"Necronomicon"},{"floor":31.0,"key":"Dream Catcher"},{"floor":40.0,"key":"Pen Nib"},{"floor":43,"key":"Mercury Hourglass"},{"floor":46,"key":"Lantern"},{"floor":48,"key":"Orichalcum"}],"event_choices":[{"damage_healed":0.0,"max_hp_gain":0.0,"max_hp_loss":0.0,"gold_gain":0.0,"event_name":"Upgrade Shrine","player_choice":"Upgraded","floor":4.0,"gold_loss":0.0,"damage_taken":0.0,"cards_upgraded":["Bash"]},{"damage_healed":0.0,"max_hp_gain":0.0,"max_hp_loss":0.0,"gold_gain":0.0,"event_name":"The Woman in Blue","player_choice":"Bought 1 Potion","floor":20.0,"gold_loss":0.0,"damage_taken":0.0},{"damage_healed":0.0,"max_hp_gain":0.0,"max_hp_loss":0.0,"gold_gain":0.0,"event_name":"Back to Basics","player_choice":"Simplicity","floor":27.0,"gold_loss":0.0,"damage_taken":0.0,"cards_upgraded":["Strike_R","Strike_R","Strike_R","Strike_R","Strike_R","Defend_R","Defend_R","Defend_R","Defend_R"]},{"damage_healed":0.0,"max_hp_gain":0.0,"max_hp_loss":0.0,"gold_gain":0.0,"event_name":"Cursed Tome","player_choice":"Obtained Book","floor":30.0,"gold_loss":0.0,"damage_taken":16.0},{"damage_healed":0.0,"max_hp_gain":0.0,"max_hp_loss":0.0,"gold_gain":0.0,"event_name":"Tomb of Lord Red Mask","player_choice":"Ignored","floor":36.0,"gold_loss":0.0,"damage_taken":0.0},{"damage_healed":0.0,"max_hp_gain":0.0,"max_hp_loss":0.0,"gold_gain":0.0,"event_name":"Winding Halls","player_choice":"Embrace Madness","floor":38.0,"gold_loss":0.0,"damage_taken":10.0,"cards_obtained":["Madness","Madness"]},{"cards_removed":["Shrug It Off"],"damage_healed":0.0,"max_hp_gain":0.0,"max_hp_loss":0.0,"gold_gain":0.0,"event_name":"Falling","player_choice":"Removed Skill","floor":39.0,"gold_loss":0.0,"damage_taken":0.0},{"damage_healed":0,"gold_gain":0,"player_choice":"Memory 1","damage_taken":0,"max_hp_gain":0,"max_hp_loss":0,"event_name":"SensoryStone","floor":44,"gold_loss":0},{"cards_removed":["Madness"],"damage_healed":0,"gold_gain":0,"player_choice":"Offered Uncommon","damage_taken":0,"max_hp_gain":0,"max_hp_loss":0,"event_name":"Bonfire Elementals","floor":47,"gold_loss":0}],"is_beta":false,"boss_relics":[{"not_picked":["Runic Dome","Pandora\u0027s Box"],"picked":"Fusion Hammer"},{"not_picked":["Snecko Eye","Sozu"],"picked":"Lizard Tail"}],"items_purged_floors":[],"is_endless":false,"potions_floor_spawned":[3,12,13,14,18,19,22,29,35,42,46],"ascension_level":4}