{"gold_per_floor":[117,132,148,158,83,112,112,126,126,141,141,241,259,274,274,274],"floor_reached":16,"playtime":1271,"items_purged":["Bash"],"score":106,"play_id":"2b2d9ab5-54a2-4eaf-a112-309c7ea54a7a","local_time":"20190103183419","is_ascension_mode":false,"campfire_choices":[{"data":"Armaments","floor":7,"key":"SMITH"},{"data":"Thunderclap","floor":11,"key":"SMITH"},{"floor":15,"key":"REST"}],"neow_cost":"NONE","seed_source_timestamp":192471745614200,"circlet_count":0,"master_deck":["Strike_R","Strike_R","Strike_R","Strike_R","Strike_R","Defend_R","Defend_R","Defend_R","Defend_R","Thunderclap+1","Pommel Strike","Armaments+1","Pommel Strike","Whirlwind","Body Slam","Battle Trance"],"relics":["Burning Blood","NeowsBlessing","Matryoshka","Bottled Flame","Pen Nib"],"potions_floor_usage":[14,16,16,16],"damage_taken":[{"damage":0,"enemies":"2 Louse","floor":1,"turns":1},{"damage":0,"enemies":"Cultist","floor":2,"turns":1},{"damage":0,"enemies":"Jaw Worm","floor":3,"turns":1},{"damage":16,"enemies":"Blue Slaver","floor":4,"turns":4},{"damage":53,"enemies":"Lagavulin","floor":6,"turns":9},{"damage":0,"enemies":"2 Fungi Beasts","floor":8,"turns":3},{"damage":0,"enemies":"3 Louse","floor":10,"turns":2},{"damage":12,"enemies":"Gremlin Gang","floor":13,"turns":3},{"damage":0,"enemies":"Large Slime","floor":14,"turns":3},{"damage":75,"enemies":"Hexaghost","floor":16,"turns":10}],"seed_played":"7273771208926068558","potions_obtained":[{"floor":2,"key":"Fire Potion"},{"floor":6,"key":"BloodPotion"},{"floor":8,"key":"Energy Potion"},{"floor":14,"key":"BloodPotion"}],"is_trial":false,"path_per_floor":["M","M","M","M","$","E","R","M","T","M","R","?","M","M","R","B"],"character_chosen":"IRONCLAD","items_purchased":[],"campfire_rested":1,"item_purchase_floors":[],"current_hp_per_floor":[80,80,80,70,70,23,23,29,29,35,35,35,29,35,59,0],"gold":274,"neow_bonus":"THREE_ENEMY_KILL","is_prod":false,"is_daily":false,"chose_seed":false,"campfire_upgraded":2,"win_rate":0.0,"timestamp":1546540459,"path_taken":["M","M","M","M","$","E","R","M","T","M","R","?","M","?","R","BOSS"],"build_version":"2018-12-20","purchased_purges":1,"victory":false,"max_hp_per_floor":[80,80,80,80,80,80,80,80,80,80,80,80,80,80,80,80],"card_choices":[{"not_picked":["Iron Wave","Flame Barrier"],"picked":"Thunderclap","floor":1},{"not_picked":["Rampage","Clothesline"],"picked":"Pommel Strike","floor":2},{"not_picked":["Metallicize","Headbutt"],"picked":"Armaments","floor":3},{"not_picked":["Twin Strike","Corruption"],"picked":"Pommel Strike","floor":4},{"not_picked":["Reckless Charge","Sword Boomerang"],"picked":"Whirlwind","floor":6},{"not_picked":["Fiend Fire","Uppercut"],"picked":"Body Slam","floor":8},{"not_picked":["Uppercut","Clothesline","Headbutt"],"picked":"SKIP","floor":10},{"not_picked":["Power Through","Rupture","Shrug It Off"],"picked":"SKIP","floor":13},{"not_picked":["Clothesline","Heavy Blade"],"picked":"Battle Trance","floor":14}],"player_experience":9431,"relics_obtained":[{"floor":6,"key":"Matryoshka"},{"floor":9,"key":"Bottled Flame"},{"floor":9,"key":"Pen Nib"}],"event_choices":[{"damage_healed":0,"gold_gain":100,"player_choice":"Pray","damage_taken":0,"max_hp_gain":0,"max_hp_loss":0,"event_name":"Golden Shrine","floor":12,"gold_loss":0}],"is_beta":false,"boss_relics":[],"items_purged_floors":[5],"is_endless":false,"potions_floor_spawned":[2,6,8,14],"killed_by":"Hexaghost","ascension_level":0}