{"gold_per_floor":[216,230,177,190,190,221,240,270,296,296,312,312,328,346,346,446,446,456,468,484,501,512,512,538,538,538,318,333,345,345,356,356,356],"floor_reached":33,"playtime":1844,"items_purged":["Parasite"],"score":285,"play_id":"1534278c-c52c-4a49-b289-380b83581bfb","local_time":"20190201220922","is_ascension_mode":false,"campfire_choices":[{"floor":12.0,"key":"REST"},{"data":"Coolheaded","floor":15.0,"key":"SMITH"},{"floor":23.0,"key":"REST"},{"data":"Streamline","floor":25.0,"key":"SMITH"},{"floor":30.0,"key":"REST"},{"floor":32.0,"key":"REST"}],"neow_cost":"NONE","seed_source_timestamp":1246745477264969,"circlet_count":0,"master_deck":["Strike_B","Strike_B","Strike_B","Strike_B","Defend_B","Defend_B","Defend_B","Defend_B","Zap","Dualcast","Ball Lightning","Gash","Loop+1","Cold Snap","BootSequence","Barrage","Conserve Battery","Coolheaded+1","All For One","Gash","Conserve Battery","Leap","Streamline+1","Core Surge","Go for the Eyes"],"special_seed":0,"relics":["Cracked Core","Blue Candle","Bag of Preparation","Cursed Key","Lantern","Mercury Hourglass"],"potions_floor_usage":[33],"damage_taken":[{"damage":2.0,"enemies":"Small Slimes","floor":1.0,"turns":3.0},{"damage":6.0,"enemies":"Jaw Worm","floor":2.0,"turns":2.0},{"damage":0.0,"enemies":"2 Louse","floor":4.0,"turns":2.0},{"damage":27.0,"enemies":"Gremlin Nob","floor":6.0,"turns":4.0},{"damage":3.0,"enemies":"Looter","floor":7.0,"turns":3.0},{"damage":17.0,"enemies":"Lagavulin","floor":8.0,"turns":7.0},{"damage":0.0,"enemies":"Blue Slaver","floor":11.0,"turns":3.0},{"damage":2.0,"enemies":"Exordium Wildlife","floor":13.0,"turns":3.0},{"damage":0.0,"enemies":"Looter","floor":14.0,"turns":3.0},{"damage":20.0,"enemies":"The Guardian","floor":16.0,"turns":12.0},{"damage":9.0,"enemies":"2 Thieves","floor":18.0,"turns":4.0},{"damage":1.0,"enemies":"3 Byrds","floor":19.0,"turns":4.0},{"damage":9.0,"enemies":"3 Cultists","floor":20.0,"turns":6.0},{"damage":0.0,"enemies":"Centurion and Healer","floor":21.0,"turns":6.0},{"damage":27.0,"enemies":"Sentry and Sphere","floor":22.0,"turns":6.0},{"damage":15.0,"enemies":"Book of Stabbing","floor":24.0,"turns":7.0},{"damage":6.0,"enemies":"Chosen and Byrds","floor":28.0,"turns":5.0},{"damage":0.0,"enemies":"Snecko","floor":29.0,"turns":5.0},{"damage":4.0,"enemies":"Sentry and Sphere","floor":31.0,"turns":4.0},{"damage":71,"enemies":"Collector","floor":33,"turns":8}],"seed_played":"-262432899382459332","potions_obtained":[{"floor":4.0,"key":"FearPotion"},{"floor":6.0,"key":"Fire Potion"},{"floor":14.0,"key":"Poison Potion"},{"floor":16.0,"key":"Swift Potion"},{"floor":28.0,"key":"EssenceOfSteel"}],"is_trial":false,"path_per_floor":["M","M","$","M","?","E","M","E","T","?","M","R","M","M","R","B",null,"M","M","M","M","M","R","E","R","T","$","M","M","R","M","R","B"],"character_chosen":"DEFECT","items_purchased":["Gash","Core Surge"],"campfire_rested":4,"item_purchase_floors":[3,27],"current_hp_per_floor":[73,67,67,67,67,40,37,20,20,20,20,42,40,40,40,20,75,66,65,56,56,29,51,36,36,36,36,30,30,51,47,68,0],"gold":356,"neow_bonus":"HUNDRED_GOLD","is_prod":false,"is_daily":false,"chose_seed":false,"campfire_upgraded":2,"win_rate":0,"timestamp":1549030162,"path_taken":["M","M","$","M","?","E","M","E","T","?","M","R","M","M","R","BOSS","M","M","M","M","M","R","E","R","T","$","M","M","R","M","R","BOSS"],"build_version":"2019-01-23","purchased_purges":1,"victory":false,"max_hp_per_floor":[75,75,75,75,75,75,75,75,75,75,75,75,75,75,75,75,75,75,75,75,75,75,75,75,75,75,72,72,72,72,72,72,72],"card_choices":[{"not_picked":["Tempest","Undo"],"picked":"Ball Lightning","floor":1.0},{"not_picked":["Ball Lightning","Steam Power","Stack"],"picked":"SKIP","floor":2.0},{"not_picked":["White Noise","Hologram"],"picked":"Loop","floor":4.0},{"not_picked":["Fusion","Go for the Eyes"],"picked":"Cold Snap","floor":6.0},{"not_picked":["Hologram","Turbo","Rebound"],"picked":"SKIP","floor":7.0},{"not_picked":["Fission","Stack"],"picked":"BootSequence","floor":8.0},{"not_picked":["Turbo","Sunder"],"picked":"Barrage","floor":11.0},{"not_picked":["Rip and Tear","Barrage"],"picked":"Conserve Battery","floor":13.0},{"not_picked":["Tempest","Rebound"],"picked":"Coolheaded","floor":14.0},{"not_picked":["Biased Cognition","Fission"],"picked":"All For One","floor":16.0},{"not_picked":["Consume+1","Scrape","Reprogram+1"],"picked":"SKIP","floor":18.0},{"not_picked":["Streamline","Chaos+1"],"picked":"Gash","floor":19.0},{"not_picked":["Streamline+1","Turbo"],"picked":"Conserve Battery","floor":20.0},{"not_picked":["Hologram","Redo","Barrage"],"picked":"SKIP","floor":21.0},{"not_picked":["Double Energy+1","Amplify"],"picked":"Leap","floor":22.0},{"not_picked":["Barrage","Steam Power"],"picked":"Streamline","floor":24.0},{"not_picked":["Conserve Battery","Gash"],"picked":"Go for the Eyes","floor":28.0},{"not_picked":["Steam","Redo","Steam Power+1"],"picked":"SKIP","floor":29.0},{"not_picked":["Darkness","Skim+1","Barrage"],"picked":"SKIP","floor":31.0}],"player_experience":627351,"relics_obtained":[{"floor":6.0,"key":"Blue Candle"},{"floor":8.0,"key":"Bag of Preparation"},{"floor":24.0,"key":"Lantern"},{"floor":26.0,"key":"Mercury Hourglass"}],"event_choices":[{"damage_healed":0.0,"max_hp_gain":0.0,"max_hp_loss":0.0,"gold_gain":0.0,"event_name":"Liars Game","player_choice":"Ignored","floor":5.0,"gold_loss":0.0,"damage_taken":0.0},{"damage_healed":0.0,"max_hp_gain":0.0,"max_hp_loss":0.0,"gold_gain":0.0,"event_name":"Living Wall","player_choice":"Grow","floor":10.0,"gold_loss":0.0,"damage_taken":0.0,"cards_upgraded":["Loop"]}],"is_beta":false,"boss_relics":[{"not_picked":["Orrery","Fusion Hammer"],"picked":"Cursed Key"}],"items_purged_floors":[27],"is_endless":false,"potions_floor_spawned":[4,6,14,16,18,21,22,28,31],"killed_by":"Collector","ascension_level":0}