{"gold_per_floor":[117,136,86,106,123,151,151,151,151,162,179,179,179,194,194,291,291,309,321,42,62,78,78,78,96,147,147,73,173,173,202,202,202],"floor_reached":33,"playtime":1746,"items_purged":["Strike_G"],"score":269,"play_id":"83685cc5-d673-437b-9fd8-ce935bb21731","local_time":"20190109171108","is_ascension_mode":false,"campfire_choices":[{"data":"Footwork","floor":8,"key":"SMITH"},{"data":"Dash","floor":12,"key":"SMITH"},{"data":"Dodge and Roll","floor":15,"key":"SMITH"},{"data":"All Out Attack","floor":24,"key":"SMITH"},{"data":"Prepared","floor":27,"key":"SMITH"},{"data":"Caltrops","floor":30,"key":"SMITH"},{"data":"Neutralize","floor":32,"key":"SMITH"}],"neow_cost":"NONE","seed_source_timestamp":85938495732733,"circlet_count":0,"master_deck":["Defend_G","Defend_G","Defend_G","Defend_G","Strike_G","Strike_G","Strike_G","Strike_G","Survivor","Neutralize+1","All Out Attack+1","PiercingWail","Footwork+1","Dash+1","Prepared+1","Backflip","Quick Slash","Dodge and Roll+1","Adrenaline","Terror+1","Escape Plan+1","Finisher+1","Caltrops+1","Crippling Poison+1","Escape Plan"],"relics":["Ring of the Snake","NeowsBlessing","Boot","Coffee Dripper","MealTicket","MutagenicStrength","Snake Skull","Incense Burner","Letter Opener","Sundial"],"potions_floor_usage":[6,6,16,29,29,29],"damage_taken":[{"damage":0,"enemies":"2 Louse","floor":1,"turns":1},{"damage":0,"enemies":"Small Slimes","floor":2,"turns":1},{"damage":0,"enemies":"Cultist","floor":4,"turns":1},{"damage":9,"enemies":"3 Louse","floor":5,"turns":3},{"damage":38,"enemies":"Lagavulin","floor":6,"turns":16},{"damage":0,"enemies":"Exordium Wildlife","floor":10,"turns":3},{"damage":0,"enemies":"Looter","floor":11,"turns":3},{"damage":0,"enemies":"Blue Slaver","floor":14,"turns":4},{"damage":8,"enemies":"The Guardian","floor":16,"turns":18},{"damage":0,"enemies":"Chosen","floor":18,"turns":6},{"damage":0,"enemies":"3 Byrds","floor":19,"turns":6},{"damage":6,"enemies":"Cultist and Chosen","floor":21,"turns":5},{"damage":2,"enemies":"Sentry and Sphere","floor":22,"turns":7},{"damage":0,"enemies":"Centurion and Healer","floor":25,"turns":7},{"damage":0,"enemies":"Colosseum Slavers","floor":29,"turns":3},{"damage":10,"enemies":"Colosseum Nobs","floor":29,"turns":5},{"damage":15,"enemies":"Gremlin Leader","floor":31,"turns":7},{"damage":51,"enemies":"Champ","floor":33,"turns":9}],"seed_played":"2402823327880920753","potions_obtained":[{"floor":1,"key":"Fire Potion"},{"floor":5,"key":"Regen Potion"},{"floor":7,"key":"GamblersBrew"},{"floor":7,"key":"AttackPotion"},{"floor":7,"key":"GamblersBrew"},{"floor":10,"key":"Fire Potion"},{"floor":11,"key":"Explosive Potion"},{"floor":18,"key":"GhostInAJar"},{"floor":21,"key":"Block Potion"},{"floor":22,"key":"Fire Potion"}],"is_trial":false,"path_per_floor":["M","M","?","M","M","E","?","R","T","M","M","R","?","M","R","B",null,"M","M","$","M","M","?","R","M","T","R","$","?","R","E","R","B"],"character_chosen":"THE_SILENT","items_purchased":["MealTicket","Caltrops"],"campfire_rested":0,"item_purchase_floors":[20,28],"current_hp_per_floor":[70,70,70,70,61,38,38,38,38,38,38,38,61,61,61,53,70,70,70,70,64,62,62,62,62,62,62,70,60,60,45,45,0],"gold":202,"neow_bonus":"THREE_ENEMY_KILL","is_prod":false,"is_daily":false,"chose_seed":false,"campfire_upgraded":7,"win_rate":0,"timestamp":1547025068,"path_taken":["M","M","?","M","M","E","?","R","T","?","M","R","?","M","R","BOSS","M","M","$","M","M","?","R","M","T","R","$","?","R","E","R","BOSS"],"build_version":"2019-01-03v4","purchased_purges":1,"victory":false,"max_hp_per_floor":[70,70,70,70,70,70,70,70,70,70,70,70,70,70,70,70,70,70,70,70,70,70,70,70,70,70,70,70,70,70,70,70,70],"card_choices":[{"not_picked":["Blade Dance","Quick Slash"],"picked":"All Out Attack","floor":1},{"not_picked":["Slice","Bane"],"picked":"PiercingWail","floor":2},{"not_picked":["Finisher","Blade Dance"],"picked":"Footwork","floor":4},{"not_picked":["Slice","PiercingWail"],"picked":"Dash","floor":5},{"not_picked":["Backflip","Sucker Punch"],"picked":"Prepared","floor":6},{"not_picked":["A Thousand Cuts","Outmaneuver"],"picked":"Backflip","floor":10},{"not_picked":["Skewer","Dagger Spray"],"picked":"Quick Slash","floor":11},{"not_picked":["Deflect","Flechettes"],"picked":"Dodge and Roll","floor":14},{"not_picked":["Die Die Die","Storm of Steel"],"picked":"Adrenaline","floor":16},{"not_picked":["PiercingWail+1","Accuracy"],"picked":"Terror+1","floor":18},{"not_picked":["Quick Slash","Flying Knee","Predator+1"],"picked":"SKIP","floor":19},{"not_picked":["Riddle With Holes","Poisoned Stab+1"],"picked":"Escape Plan+1","floor":21},{"not_picked":["Night Terror","Accuracy","PiercingWail"],"picked":"SKIP","floor":22},{"not_picked":["Terror","Underhanded Strike"],"picked":"Finisher+1","floor":25},{"not_picked":["Endless Agony+1","PiercingWail"],"picked":"Crippling Poison+1","floor":29},{"not_picked":["Prepared","Skewer"],"picked":"Escape Plan","floor":31}],"player_experience":591323,"relics_obtained":[{"floor":6,"key":"Boot"},{"floor":26,"key":"Snake Skull"},{"floor":29,"key":"Incense Burner"},{"floor":29,"key":"Letter Opener"},{"floor":31,"key":"Sundial"}],"event_choices":[{"cards_removed":["Defend_G"],"damage_healed":0,"gold_gain":0,"player_choice":"Card Removal","damage_taken":0,"max_hp_gain":0,"max_hp_loss":0,"event_name":"The Cleric","floor":3,"gold_loss":50},{"damage_healed":0,"gold_gain":0,"player_choice":"Got Potions","damage_taken":0,"max_hp_gain":0,"max_hp_loss":0,"event_name":"Lab","floor":7,"gold_loss":0},{"damage_healed":23,"gold_gain":0,"player_choice":"Banana","damage_taken":0,"max_hp_gain":0,"max_hp_loss":0,"event_name":"Big Fish","floor":13,"gold_loss":0},{"damage_healed":0,"gold_gain":0,"player_choice":"Inject Mutagens","damage_taken":0,"relics_obtained":["MutagenicStrength"],"max_hp_gain":0,"max_hp_loss":0,"event_name":"Drug Dealer","floor":23,"gold_loss":0},{"damage_healed":0,"gold_gain":0,"player_choice":"Fight","damage_taken":0,"max_hp_gain":0,"max_hp_loss":0,"event_name":"Colosseum","floor":29,"gold_loss":0},{"damage_healed":0,"gold_gain":0,"player_choice":"Fought Nobs","damage_taken":0,"max_hp_gain":0,"max_hp_loss":0,"event_name":"Colosseum","floor":29,"gold_loss":0}],"is_beta":false,"boss_relics":[{"not_picked":["Empty Cage","Orrery"],"picked":"Coffee Dripper"}],"items_purged_floors":[20],"is_endless":false,"potions_floor_spawned":[1,5,10,11,18,21,22,25],"killed_by":"Champ","ascension_level":0}