{"gold_per_floor":[115,132,7,7,22,55,55,75,99,124,124],"floor_reached":11,"playtime":592,"items_purged":["Strike_G"],"score":84,"play_id":"112365b8-92e5-4bf6-a264-ef785cb6b673","local_time":"20190112114213","is_ascension_mode":true,"campfire_choices":[],"neow_cost":"NONE","seed_source_timestamp":132353916274040,"circlet_count":0,"master_deck":["Defend_G+1","Defend_G+1","Defend_G","Defend_G","Defend_G","Strike_G","Strike_G","Strike_G","Strike_G","Survivor","Neutralize","Backflip","Deadly Poison","Deadly Poison"],"relics":["Ring of the Snake","Centennial Puzzle","Happy Flower","Strawberry"],"potions_floor_usage":[6],"damage_taken":[{"damage":0,"enemies":"Small Slimes","floor":1,"turns":5},{"damage":2,"enemies":"Cultist","floor":2,"turns":5},{"damage":0,"enemies":"2 Louse","floor":5,"turns":3},{"damage":25,"enemies":"Lagavulin","floor":6,"turns":6},{"damage":0,"enemies":"Exordium Wildlife","floor":8,"turns":3},{"damage":38,"enemies":"3 Sentries","floor":11,"turns":6}],"seed_played":"4911560032198814543","potions_obtained":[{"floor":2,"key":"Ancient Potion"}],"is_trial":false,"path_per_floor":["M","M","$","?","M","E","?","M","T","T","E"],"character_chosen":"THE_SILENT","items_purchased":["Deadly Poison"],"campfire_rested":0,"item_purchase_floors":[3],"current_hp_per_floor":[77,75,75,68,68,43,28,28,28,35,0],"gold":124,"neow_bonus":"TEN_PERCENT_HP_BONUS","is_prod":false,"is_daily":false,"chose_seed":false,"campfire_upgraded":0,"win_rate":0,"timestamp":1547305933,"path_taken":["M","M","$","?","?","E","?","M","T","?","E"],"build_version":"2019-01-10","purchased_purges":1,"victory":false,"max_hp_per_floor":[77,77,77,77,77,77,77,77,77,84,84],"card_choices":[{"not_picked":["Underhanded Strike","Footwork"],"picked":"Backflip","floor":1},{"not_picked":["Calculated Gamble","Bane"],"picked":"Deadly Poison","floor":2},{"not_picked":["Cloak And Dagger","Dagger Spray","Outmaneuver"],"picked":"SKIP","floor":5},{"not_picked":["Storm of Steel","Heel Hook","Expertise"],"picked":"SKIP","floor":6},{"not_picked":["Cloak And Dagger","Calculated Gamble","Dodge and Roll"],"picked":"SKIP","floor":8}],"player_experience":153959,"relics_obtained":[{"floor":6,"key":"Centennial Puzzle"},{"floor":9,"key":"Happy Flower"},{"floor":10,"key":"Strawberry"}],"event_choices":[{"damage_healed":0,"gold_gain":0,"player_choice":"Damaged","damage_taken":7,"max_hp_gain":0,"max_hp_loss":0,"event_name":"Wheel of Change","floor":4,"gold_loss":0},{"damage_healed":0,"gold_gain":0,"player_choice":"Entered Light","damage_taken":15,"max_hp_gain":0,"max_hp_loss":0,"event_name":"Shining Light","floor":7,"gold_loss":0,"cards_upgraded":["Defend_G","Defend_G"]}],"is_beta":false,"boss_relics":[],"items_purged_floors":[3],"is_endless":false,"potions_floor_spawned":[2],"killed_by":"3 Sentries","ascension_level":3}