{"gold_per_floor":[110,122,132,307,307,307,337,337,364,364,364,364,380,390,390,485,485,504,504,520,300,312,312,133,133,180,180,196,196,196,211,211,311,311,321,121,121],"floor_reached":37,"playtime":896,"items_purged":["Strike_R","Defend_R","Defend_R+1"],"score":357,"play_id":"5ecaedfd-ab79-4e6b-969c-76871de313c6","local_time":"20190130224909","is_ascension_mode":false,"campfire_choices":[{"data":"Shrug It Off","floor":6,"key":"SMITH"},{"floor":12,"key":"REST"},{"data":"Bash","floor":15,"key":"SMITH"},{"floor":23,"key":"REST"},{"floor":29,"key":"REST"},{"data":"Defend_R","floor":32,"key":"SMITH"}],"neow_cost":"TEN_PERCENT_HP_LOSS","seed_source_timestamp":93648759492360,"circlet_count":0,"master_deck":["Strike_R+1","Defend_R+1","Bash+1","Double Tap","Shrug It Off+1","Demon Form+1","Whirlwind+1"],"relics":["Burning Blood","Frozen Egg 2","Omamori","Runic Cube","Juzu Bracelet","Smiling Mask","Empty Cage","Lantern"],"potions_floor_usage":[13,16,20,20,33],"damage_taken":[{"damage":6,"enemies":"Cultist","floor":1,"turns":3},{"damage":7,"enemies":"2 Louse","floor":2,"turns":2},{"damage":5,"enemies":"Small Slimes","floor":3,"turns":3},{"damage":7,"enemies":"2 Fungi Beasts","floor":13,"turns":3},{"damage":0,"enemies":"Large Slime","floor":14,"turns":5},{"damage":64,"enemies":"The Guardian","floor":16,"turns":13},{"damage":32,"enemies":"Spheric Guardian","floor":18,"turns":5},{"damage":13,"enemies":"Shell Parasite","floor":20,"turns":4},{"damage":30,"enemies":"Snake Plant","floor":22,"turns":6},{"damage":10,"enemies":"Chosen and Byrds","floor":28,"turns":4},{"damage":8,"enemies":"Snecko","floor":31,"turns":5},{"damage":63,"enemies":"Collector","floor":33,"turns":8},{"damage":41,"enemies":"3 Darklings","floor":35,"turns":4},{"damage":36,"enemies":"3 Shapes","floor":37,"turns":1}],"seed_played":"-6147971938387278591","potions_obtained":[{"floor":2,"key":"Energy Potion"},{"floor":3,"key":"Fire Potion"},{"floor":14,"key":"AttackPotion"},{"floor":16,"key":"Swift Potion"},{"floor":20,"key":"Swift Potion"},{"floor":28,"key":"FairyPotion"}],"is_trial":false,"path_per_floor":["M","M","M","?","?","R","?","?","T","?","?","R","M","M","R","B",null,"M","?","M","$","M","R","$","?","T","?","M","R","?","M","R","B",null,"M","$","M"],"character_chosen":"IRONCLAD","items_purchased":["Juzu Bracelet","Whirlwind","Lantern"],"campfire_rested":3,"item_purchase_floors":[21,24,36],"current_hp_per_floor":[72,71,72,72,60,60,60,53,53,53,39,60,59,65,65,7,72,46,46,39,39,15,36,36,36,36,36,32,53,72,70,70,13,72,37,37,1],"gold":121,"neow_bonus":"THREE_RARE_CARDS","is_prod":false,"is_daily":false,"chose_seed":false,"campfire_upgraded":3,"win_rate":0,"timestamp":1548901149,"path_taken":["M","M","?","?","?","R","?","?","T","?","?","R","M","M","R","BOSS","M","?","?","$","M","R","$","?","T","?","M","R","?","M","R","BOSS","M","$","M"],"build_version":"2019-01-23","purchased_purges":3,"victory":false,"max_hp_per_floor":[72,72,72,72,72,72,72,72,72,72,72,72,72,72,72,72,72,72,72,72,72,72,72,72,72,72,72,72,72,72,72,72,72,72,72,72,72],"card_choices":[{"not_picked":["Reaper","Fiend Fire"],"picked":"Double Tap","floor":0},{"not_picked":["Body Slam","True Grit","Bloodletting"],"picked":"SKIP","floor":1},{"not_picked":["Thunderclap","Cleave","Iron Wave"],"picked":"SKIP","floor":2},{"not_picked":["Clash","Havoc"],"picked":"Shrug It Off","floor":3},{"not_picked":["Twin Strike","Seeing Red","Brutality+1"],"picked":"SKIP","floor":13},{"not_picked":["Pommel Strike","Clash","Headbutt"],"picked":"SKIP","floor":14},{"not_picked":["Impervious","Barricade+1"],"picked":"Demon Form+1","floor":16},{"not_picked":["Sever Soul","Battle Trance","Cleave"],"picked":"SKIP","floor":18},{"not_picked":["Perfected Strike","Thunderclap","Armaments"],"picked":"SKIP","floor":20},{"not_picked":["Pommel Strike+1","Pummel","Fire Breathing+1"],"picked":"SKIP","floor":22},{"not_picked":["Pommel Strike+1","Flex","Burning Pact"],"picked":"SKIP","floor":28},{"not_picked":["Anger","Heavy Blade+1","Headbutt+1"],"picked":"SKIP","floor":31},{"not_picked":["Shockwave","Shrug It Off","Headbutt"],"picked":"SKIP","floor":35}],"player_experience":284079,"relics_obtained":[{"floor":9,"key":"Omamori"},{"floor":26,"key":"Smiling Mask"}],"event_choices":[{"damage_healed":0,"gold_gain":175,"player_choice":"AGREE","damage_taken":0,"max_hp_gain":0,"max_hp_loss":0,"event_name":"Liars Game","floor":4,"gold_loss":0,"cards_obtained":["Doubt"]},{"damage_healed":0,"gold_gain":0,"player_choice":"Success","damage_taken":12,"relics_obtained":["Frozen Egg 2"],"max_hp_gain":0,"max_hp_loss":0,"event_name":"Scrap Ooze","floor":5,"gold_loss":0},{"damage_healed":0,"gold_gain":30,"player_choice":"Searched \u00271\u0027 times","damage_taken":0,"max_hp_gain":0,"max_hp_loss":0,"event_name":"Dead Adventurer","floor":7,"gold_loss":0},{"cards_removed":["Doubt"],"damage_healed":0,"gold_gain":0,"player_choice":"Card Removal","damage_taken":7,"max_hp_gain":0,"max_hp_loss":0,"event_name":"Golden Wing","floor":8,"gold_loss":0},{"cards_removed":["Defend_R"],"damage_healed":0,"gold_gain":0,"player_choice":"Forget","damage_taken":0,"max_hp_gain":0,"max_hp_loss":0,"event_name":"Living Wall","floor":10,"gold_loss":0},{"damage_healed":0,"gold_gain":0,"player_choice":"Entered Light","damage_taken":14,"max_hp_gain":0,"max_hp_loss":0,"event_name":"Shining Light","floor":11,"gold_loss":0,"cards_upgraded":["Defend_R","Strike_R"]},{"cards_removed":["Strike_R"],"damage_healed":0,"gold_gain":0,"player_choice":"Purged","damage_taken":0,"max_hp_gain":0,"max_hp_loss":0,"event_name":"Purifier","floor":19,"gold_loss":0},{"damage_healed":0,"gold_gain":0,"player_choice":"Ignored","damage_taken":0,"max_hp_gain":0,"max_hp_loss":0,"event_name":"Cursed Tome","floor":25,"gold_loss":0},{"damage_healed":0,"gold_gain":0,"player_choice":"Forge","damage_taken":0,"max_hp_gain":0,"max_hp_loss":0,"event_name":"Accursed Blacksmith","floor":27,"gold_loss":0,"cards_upgraded":["Whirlwind"]},{"damage_healed":24,"gold_gain":0,"player_choice":"Heal","damage_taken":0,"max_hp_gain":0,"max_hp_loss":0,"event_name":"The Library","floor":30,"gold_loss":0}],"is_beta":false,"boss_relics":[{"not_picked":["Philosopher\u0027s Stone","Runic Dome"],"picked":"Runic Cube"},{"not_picked":["Cursed Key","Velvet Choker"],"picked":"Empty Cage"}],"items_purged_floors":[21,24,36],"is_endless":false,"potions_floor_spawned":[2,3,14,16,20,28],"killed_by":"3 Shapes","ascension_level":0}