{"gold_per_floor":[210,210,210,210,220,220,235,250,330,12,29,44,63,80,80,182,182,167,17,17,17,29,29,59,79,79,178,178,178,178],"floor_reached":30,"playtime":1478,"items_purged":["Strike_G"],"score":389,"play_id":"c5ecde23-3a30-4caa-b5c3-c53416c618da","local_time":"20190119142645","is_ascension_mode":true,"campfire_choices":[{"data":"Neutralize","floor":6,"key":"SMITH"},{"data":"Dash","floor":15,"key":"SMITH"},{"data":"Cloak And Dagger","floor":23,"key":"SMITH"},{"data":"Night Terror","floor":29,"key":"SMITH"}],"neow_cost":"NONE","seed_source_timestamp":694124913324058,"circlet_count":0,"master_deck":["Defend_G+1","Defend_G+1","Defend_G+1","Defend_G+1","Defend_G+1","Strike_G+1","Strike_G+1","Strike_G+1","Strike_G+1","Survivor","Neutralize+1","Quick Slash","Quick Slash","Infinite Blades","Backflip","Dash+1","Deflect+1","Distraction","Terror","Deflect","Night Terror+1","Cloak And Dagger+1","Deflect","Deflect","Deflect","Catalyst+1","Burst","Well Laid Plans","Escape Plan","Backflip","Dash+1"],"relics":["Ring of the Snake","Letter Opener","Oddly Smooth Stone","Orrery","War Paint","Pear"],"potions_floor_usage":[16,24],"damage_taken":[{"damage":1,"enemies":"Small Slimes","floor":1,"turns":4},{"damage":3,"enemies":"2 Louse","floor":5,"turns":4},{"damage":0,"enemies":"Cultist","floor":7,"turns":3},{"damage":1,"enemies":"Blue Slaver","floor":8,"turns":5},{"damage":1,"enemies":"2 Fungi Beasts","floor":11,"turns":3},{"damage":0,"enemies":"Looter","floor":12,"turns":4},{"damage":2,"enemies":"3 Louse","floor":13,"turns":4},{"damage":9,"enemies":"Exordium Thugs","floor":14,"turns":7},{"damage":11,"enemies":"The Guardian","floor":16,"turns":9},{"damage":0,"enemies":"2 Thieves","floor":18,"turns":4},{"damage":17,"enemies":"Spheric Guardian","floor":22,"turns":8},{"damage":20,"enemies":"Book of Stabbing","floor":24,"turns":8},{"damage":25,"enemies":"Snake Plant","floor":25,"turns":7},{"damage":15,"enemies":"Centurion and Healer","floor":30,"turns":6}],"seed_played":"-7161882648546832817","potions_obtained":[{"floor":8,"key":"PowerPotion"},{"floor":16,"key":"Explosive Potion"},{"floor":22,"key":"EssenceOfSteel"}],"is_trial":false,"path_per_floor":["M","?","$","?","M","R","M","M","T","$","M","M","M","M","R","B",null,"M","$","?","?","M","R","E","M","T","?","?","R","M"],"character_chosen":"THE_SILENT","items_purchased":["Dash","Deflect","Oddly Smooth Stone","Burst","Well Laid Plans"],"campfire_rested":0,"item_purchase_floors":[10,10,10,19,19],"current_hp_per_floor":[62,67,67,67,64,64,64,63,63,63,62,62,60,51,51,40,66,66,66,66,66,49,49,29,4,14,14,14,14,0],"gold":178,"neow_bonus":"HUNDRED_GOLD","is_prod":false,"is_daily":false,"chose_seed":false,"campfire_upgraded":4,"win_rate":0,"timestamp":1547868405,"path_taken":["M","?","$","?","M","R","M","M","T","$","M","M","?","M","R","BOSS","M","$","?","?","M","R","E","M","T","?","?","R","?"],"build_version":"2019-01-17v2","purchased_purges":1,"victory":false,"max_hp_per_floor":[70,75,75,75,75,75,75,75,75,75,75,75,75,75,75,75,75,75,75,75,75,75,75,75,75,85,85,85,85,85],"card_choices":[{"not_picked":["Deadly Poison","Dodge and Roll"],"picked":"Quick Slash","floor":1},{"not_picked":["Prepared","Outmaneuver"],"picked":"Quick Slash","floor":5},{"not_picked":["Dodge and Roll","Underhanded Strike"],"picked":"Infinite Blades","floor":7},{"not_picked":["Setup","Masterful Stab"],"picked":"Backflip","floor":8},{"not_picked":["Flechettes","PiercingWail"],"picked":"Distraction","floor":11},{"not_picked":["Dodge and Roll","Quick Slash","Prepared"],"picked":"SKIP","floor":12},{"not_picked":["Eviscerate","Dagger Throw"],"picked":"Terror","floor":13},{"not_picked":["Underhanded Strike","Slice"],"picked":"Deflect","floor":14},{"not_picked":["Corpse Explosion","Grand Finale"],"picked":"Night Terror","floor":16},{"not_picked":["Slice","Quick Slash"],"picked":"Cloak And Dagger","floor":17},{"not_picked":["Infinite Blades","Heel Hook"],"picked":"Deflect","floor":17},{"not_picked":["Sucker Punch","Predator"],"picked":"Deflect","floor":17},{"not_picked":["Flying Knee","Slice"],"picked":"Deflect","floor":17},{"not_picked":["Bouncing Flask","Slice+1"],"picked":"Catalyst","floor":18},{"not_picked":["Die Die Die","Dagger Throw"],"picked":"Escape Plan","floor":22},{"not_picked":["Heel Hook","Terror","Masterful Stab"],"picked":"SKIP","floor":24},{"not_picked":["Blade Dance","Outmaneuver"],"picked":"Backflip","floor":25}],"player_experience":664663,"relics_obtained":[{"floor":9,"key":"Letter Opener"},{"floor":24,"key":"War Paint"},{"floor":26,"key":"Pear"}],"event_choices":[{"damage_healed":0,"gold_gain":0,"player_choice":"Donut","damage_taken":0,"max_hp_gain":5,"max_hp_loss":0,"event_name":"Big Fish","floor":2,"gold_loss":0},{"damage_healed":0,"gold_gain":0,"player_choice":"Bought 0 Potions","damage_taken":0,"max_hp_gain":0,"max_hp_loss":0,"event_name":"The Woman in Blue","floor":4,"gold_loss":0},{"damage_healed":0,"gold_gain":0,"player_choice":"Simplicity","damage_taken":0,"max_hp_gain":0,"max_hp_loss":0,"event_name":"Back to Basics","floor":20,"gold_loss":0,"cards_upgraded":["Defend_G","Defend_G","Defend_G","Defend_G","Defend_G","Strike_G","Strike_G","Strike_G","Strike_G"]},{"damage_healed":0,"gold_gain":99,"player_choice":"Stole From Cult","damage_taken":0,"max_hp_gain":0,"max_hp_loss":0,"event_name":"Nest","floor":27,"gold_loss":0},{"damage_healed":0,"gold_gain":0,"player_choice":"Copied","damage_taken":0,"max_hp_gain":0,"max_hp_loss":0,"event_name":"Duplicator","floor":28,"gold_loss":0,"cards_obtained":["Dash"]}],"is_beta":false,"boss_relics":[{"not_picked":["Tiny House","Fusion Hammer"],"picked":"Orrery"}],"items_purged_floors":[10],"is_endless":false,"potions_floor_spawned":[8,16,22],"killed_by":"Centurion and Healer","ascension_level":8}