{"gold_per_floor":[116,391,409,409,484,484,500,512,536,536,547,547,519,201,201,300,300,319,74,74,87,101,101,120,182,252,252,279,379,379,379,379,482,482,500,550,550,148,165,165,165,181,181,181],"floor_reached":44,"playtime":1495,"items_purged":["Defend_R","Strike_R","Bloodletting+1"],"score":466,"play_id":"4dc34f52-dc75-486e-8e3f-5b3243087190","local_time":"20190120202542","is_ascension_mode":false,"campfire_choices":[{"data":"Dual Wield","floor":6,"key":"SMITH"},{"floor":10,"key":"REST"},{"data":"Clash","floor":12,"key":"SMITH"},{"data":"Flash of Steel","floor":15,"key":"SMITH"},{"data":"Bloodletting","floor":23,"key":"SMITH"},{"floor":27,"key":"REST"},{"floor":30,"key":"REST"},{"floor":32,"key":"REST"},{"floor":40,"key":"REST"}],"neow_cost":"TEN_PERCENT_HP_LOSS","seed_source_timestamp":95127029747741,"circlet_count":0,"master_deck":["Strike_R+1","Strike_R","Strike_R+1","Strike_R","Dual Wield+1","Clash+1","Flash of Steel+1","Brutality+1","Feed","Whirlwind"],"relics":["Burning Blood","Orichalcum","Whetstone","Busted Crown","Vajra","Tiny Chest","Sundial","Red Mask","Pocketwatch","Bottled Lightning","MutagenicStrength","Empty Cage","Prayer Wheel","Membership Card","Pear","Oddly Smooth Stone"],"potions_floor_usage":[16,16,25,28,29,35,44,44],"damage_taken":[{"damage":5,"enemies":"Cultist","floor":1,"turns":4},{"damage":5,"enemies":"Small Slimes","floor":3,"turns":4},{"damage":5,"enemies":"2 Louse","floor":7,"turns":3},{"damage":16,"enemies":"Lots of Slimes","floor":8,"turns":5},{"damage":7,"enemies":"2 Fungi Beasts","floor":11,"turns":4},{"damage":28,"enemies":"Exordium Thugs","floor":13,"turns":5},{"damage":25,"enemies":"Slime Boss","floor":16,"turns":8},{"damage":7,"enemies":"Chosen","floor":18,"turns":3},{"damage":5,"enemies":"3 Byrds","floor":21,"turns":3},{"damage":32,"enemies":"Shelled Parasite and Fungi","floor":22,"turns":4},{"damage":22,"enemies":"Snecko","floor":24,"turns":4},{"damage":23,"enemies":"Gremlin Leader","floor":25,"turns":4},{"damage":8,"enemies":"Masked Bandits","floor":28,"turns":3},{"damage":9,"enemies":"Colosseum Slavers","floor":29,"turns":2},{"damage":16,"enemies":"Colosseum Nobs","floor":29,"turns":3},{"damage":54,"enemies":"Champ","floor":33,"turns":6},{"damage":37,"enemies":"3 Shapes","floor":35,"turns":2},{"damage":44,"enemies":"2 Orb Walkers","floor":36,"turns":4},{"damage":0,"enemies":"Orb Walker","floor":39,"turns":1},{"damage":49,"enemies":"Sphere and 2 Shapes","floor":42,"turns":3},{"damage":11,"enemies":"Giant Head","floor":44,"turns":3}],"seed_played":"7328975725119624151","potions_obtained":[{"floor":7,"key":"SkillPotion"},{"floor":8,"key":"FearPotion"},{"floor":11,"key":"EssenceOfSteel"},{"floor":13,"key":"PowerPotion"},{"floor":16,"key":"AttackPotion"},{"floor":22,"key":"Dexterity Potion"},{"floor":25,"key":"Swift Potion"},{"floor":33,"key":"SteroidPotion"},{"floor":35,"key":"Strength Potion"},{"floor":39,"key":"PowerPotion"}],"is_trial":false,"path_per_floor":["M","?","M","?","?","R","M","M","T","R","M","R","M","$","R","B",null,"M","$","?","M","M","R","M","E","T","R","?","?","R","?","R","B",null,"M","?","?","$","M","R","?","M","T","E"],"character_chosen":"IRONCLAD","items_purchased":["Flash of Steel","Whetstone","Vajra","Membership Card","Pear","Whirlwind"],"campfire_rested":5,"item_purchase_floors":[14,14,19,38,38,38],"current_hp_per_floor":[72,72,72,65,58,58,59,49,49,70,69,69,47,47,47,28,72,71,71,71,72,46,46,30,13,13,34,32,19,40,40,61,13,72,44,9,9,19,25,51,51,11,11,0],"gold":181,"neow_bonus":"REMOVE_TWO","is_prod":false,"is_daily":false,"chose_seed":false,"campfire_upgraded":4,"win_rate":0,"timestamp":1548028542,"path_taken":["M","?","?","?","?","R","M","M","T","R","M","R","M","$","R","BOSS","M","?","?","M","M","R","?","E","T","R","?","?","R","?","R","BOSS","M","?","?","?","?","R","?","M","T","E"],"build_version":"2019-01-17v2","purchased_purges":3,"victory":false,"max_hp_per_floor":[72,72,72,72,72,72,72,72,72,72,72,72,72,72,72,72,72,72,72,72,72,72,72,72,72,72,72,72,72,72,72,72,72,72,75,78,78,88,88,88,88,91,91,91],"card_choices":[{"not_picked":["Iron Wave","Anger","Disarm"],"picked":"SKIP","floor":1},{"not_picked":["Iron Wave","Shrug It Off"],"picked":"Dual Wield","floor":3},{"not_picked":["Pummel","Combust","Juggernaut"],"picked":"SKIP","floor":7},{"not_picked":["Infernal Blade","Havoc","Rage"],"picked":"SKIP","floor":8},{"not_picked":["Iron Wave","Perfected Strike"],"picked":"Clash","floor":11},{"not_picked":["Burning Pact","Hemokinesis","Wild Strike"],"picked":"SKIP","floor":13},{"not_picked":["Immolate","Demon Form"],"picked":"Brutality","floor":16},{"not_picked":[],"picked":"Bloodletting","floor":18},{"not_picked":["Heavy Blade"],"picked":"SKIP","floor":21},{"not_picked":["Carnage"],"picked":"SKIP","floor":22},{"not_picked":["Iron Wave"],"picked":"SKIP","floor":24},{"not_picked":["Exhume"],"picked":"SKIP","floor":25},{"not_picked":[],"picked":"Feed","floor":33},{"not_picked":[],"picked":"Warcry+1","floor":35},{"not_picked":["Headbutt"],"picked":"SKIP","floor":39},{"not_picked":["Flex+1"],"picked":"SKIP","floor":39},{"not_picked":["Warcry"],"picked":"SKIP","floor":42},{"not_picked":["Combust"],"picked":"SKIP","floor":42}],"player_experience":199213,"relics_obtained":[{"floor":9,"key":"Orichalcum"},{"floor":25,"key":"Tiny Chest"},{"floor":26,"key":"Sundial"},{"floor":28,"key":"Red Mask"},{"floor":29,"key":"Pocketwatch"},{"floor":29,"key":"Bottled Lightning"},{"floor":36,"key":"Prayer Wheel"},{"floor":43,"key":"Oddly Smooth Stone"}],"event_choices":[{"damage_healed":0,"gold_gain":275,"player_choice":"Desecrate","damage_taken":0,"max_hp_gain":0,"max_hp_loss":0,"event_name":"Golden Shrine","floor":2,"gold_loss":0,"cards_obtained":["Regret"]},{"cards_removed":["Regret"],"damage_healed":0,"gold_gain":0,"player_choice":"Card Removal","damage_taken":7,"max_hp_gain":0,"max_hp_loss":0,"event_name":"Golden Wing","floor":4,"gold_loss":0},{"damage_healed":0,"gold_gain":75,"player_choice":"Touch","damage_taken":7,"max_hp_gain":0,"max_hp_loss":0,"event_name":"FaceTrader","floor":5,"gold_loss":0},{"damage_healed":0,"gold_gain":0,"player_choice":"Upgraded","damage_taken":0,"max_hp_gain":0,"max_hp_loss":0,"event_name":"Upgrade Shrine","floor":20,"gold_loss":0,"cards_upgraded":["Brutality"]},{"damage_healed":0,"gold_gain":0,"player_choice":"Fought Bandits","damage_taken":0,"max_hp_gain":0,"max_hp_loss":0,"event_name":"Masked Bandits","floor":28,"gold_loss":0},{"damage_healed":0,"gold_gain":0,"player_choice":"Fight","damage_taken":0,"max_hp_gain":0,"max_hp_loss":0,"event_name":"Colosseum","floor":29,"gold_loss":0},{"damage_healed":0,"gold_gain":0,"player_choice":"Fought Nobs","damage_taken":0,"max_hp_gain":0,"max_hp_loss":0,"event_name":"Colosseum","floor":29,"gold_loss":0},{"damage_healed":0,"gold_gain":0,"player_choice":"Inject Mutagens","damage_taken":0,"relics_obtained":["MutagenicStrength"],"max_hp_gain":0,"max_hp_loss":0,"event_name":"Drug Dealer","floor":31,"gold_loss":0},{"damage_healed":0,"gold_gain":0,"player_choice":"Fight","damage_taken":0,"max_hp_gain":0,"max_hp_loss":0,"event_name":"Mysterious Sphere","floor":36,"gold_loss":0},{"damage_healed":0,"gold_gain":0,"player_choice":"Memory 1","damage_taken":0,"max_hp_gain":0,"max_hp_loss":0,"event_name":"SensoryStone","floor":37,"gold_loss":0},{"cards_removed":["Warcry"],"damage_healed":0,"gold_gain":0,"player_choice":"Removed Skill","damage_taken":0,"max_hp_gain":0,"max_hp_loss":0,"event_name":"Falling","floor":41,"gold_loss":0}],"is_beta":false,"boss_relics":[{"not_picked":["Orrery","Cursed Key"],"picked":"Busted Crown"},{"not_picked":["White Beast Statue","Black Blood"],"picked":"Empty Cage"}],"items_purged_floors":[14,19,38],"is_endless":false,"potions_floor_spawned":[7,8,11,13,16,22,25,33,35,39],"killed_by":"Giant Head","ascension_level":0}