{"gold_per_floor":[113,131,182,197,217,217,235,267,267,267,54,54,54,74,74,74],"floor_reached":16,"playtime":885,"items_purged":["Strike_R","Strike_R"],"score":152,"play_id":"75a1745e-0001-4002-8ced-f9e23c4d6ede","local_time":"20190111195556","is_ascension_mode":false,"campfire_choices":[{"data":"Searing Blow","floor":6,"key":"SMITH"},{"data":"Searing Blow+1","floor":10,"key":"SMITH"},{"data":"Searing Blow+2","floor":12,"key":"SMITH"}],"neow_cost":"","seed_source_timestamp":23201094811826,"circlet_count":0,"master_deck":["Whirlwind+1","Strike_R","Strike_R","Defend_R","Defend_R","Defend_R","Defend_R","Bash","jedi:forcepull","jedi:forcepull","Clash","Clash","Searing Blow+3","Hallucinations","Rampage","infinitespire:OneForAll+1","True Grit","Limit Break"],"relics":["Burning Blood","halation:NonexistentMirror","BrokenLever","hubris:TenFootPole","GremlinMask"],"potions_floor_usage":[16,16,16],"damage_taken":[{"damage":1,"enemies":"conspire:RoseBush","floor":1,"turns":1},{"damage":0,"enemies":"Cultist","floor":2,"turns":1},{"damage":5,"enemies":"2 Louse","floor":4,"turns":2},{"damage":8,"enemies":"Red Slaver","floor":5,"turns":3},{"damage":0,"enemies":"Gremlin Gang","floor":7,"turns":2},{"damage":31,"enemies":"Lagavulin","floor":8,"turns":6},{"damage":6,"enemies":"Exordium Wildlife","floor":14,"turns":3},{"damage":52,"enemies":"Fading Forest","floor":16,"turns":8}],"seed_played":"7415187791076298659","potions_obtained":[{"floor":2,"key":"LiquidBronze"},{"floor":5,"key":"Block Potion"},{"floor":14,"key":"FearPotion"}],"is_trial":false,"path_per_floor":["M","M","?","M","M","R","M","E","T","R","$","R","?","M","R","B"],"character_chosen":"IRONCLAD","items_purchased":["halation:NonexistentMirror","jedi:forcepull","Clash","Searing Blow","infinitespire:OneForAll+1","True Grit"],"campfire_rested":0,"item_purchase_floors":[0,0,0,0,11,11],"current_hp_per_floor":[61,67,67,68,66,66,72,47,47,47,47,47,47,47,47,0],"gold":74,"neow_bonus":"","is_prod":false,"is_daily":false,"chose_seed":false,"campfire_upgraded":3,"win_rate":0,"timestamp":1547196956,"path_taken":["M","M","?","?","M","R","M","E","T","R","$","R","?","?","R","BOSS"],"build_version":"2019-01-10","purchased_purges":2,"victory":false,"max_hp_per_floor":[75,75,75,75,75,75,75,75,75,75,75,75,75,75,75,75],"card_choices":[{"not_picked":["jedi:fear","strawberrySpire:FireDrill"],"picked":"Rampage","floor":1},{"not_picked":["Uppercut","strawberrySpire:Incursion","strawberrySpire:Spite"],"picked":"SKIP","floor":2},{"not_picked":["strawberrySpire:ZonePlayer","Wild Strike","jedi:fear"],"picked":"SKIP","floor":4},{"not_picked":["strawberrySpire:Beatdown","Run Through","strawberrySpire:DebrisPile"],"picked":"SKIP","floor":5},{"not_picked":["Run Through","Reckless Charge","Entrench"],"picked":"SKIP","floor":7},{"not_picked":["Pummel","ReplayTheSpireMod:Muscle Training","conspire:Purge"],"picked":"SKIP","floor":8},{"not_picked":["Blood for Blood","strawberrySpire:DraftPunk","strawberrySpire:Spite"],"picked":"SKIP","floor":14}],"player_experience":761259,"relics_obtained":[{"floor":3,"key":"BrokenLever"},{"floor":8,"key":"hubris:TenFootPole"}],"event_choices":[{"damage_healed":0,"gold_gain":0,"player_choice":"Trade","damage_taken":0,"relics_obtained":["GremlinMask"],"max_hp_gain":0,"max_hp_loss":0,"event_name":"FaceTrader","floor":13,"gold_loss":0}],"is_beta":false,"boss_relics":[],"items_purged_floors":[0,11],"is_endless":false,"potions_floor_spawned":[2,5,14],"killed_by":"Fading Forest","ascension_level":0}