{"gold_per_floor":[113,124,124,141,216,216,245,16,16,16,36,51,51,0,0,0],"floor_reached":16,"playtime":805,"items_purged":[],"score":185,"play_id":"179c351f-61ac-4f2a-9c12-a3d7a9603611","local_time":"20190102190450","is_ascension_mode":true,"campfire_choices":[{"data":"Perfected Strike","floor":6,"key":"SMITH"},{"data":"Inflame","floor":10,"key":"SMITH"},{"data":"Flame Barrier","floor":15,"key":"SMITH"}],"neow_cost":"NONE","seed_source_timestamp":2229757730184485,"circlet_count":0,"master_deck":["AscendersBane","Strike_R+1","Strike_R","Strike_R","Strike_R","Strike_R","Defend_R","Defend_R","Defend_R","Defend_R+1","Bash","Perfected Strike+1","Whirlwind","Inflame+1","Flame Barrier+1","Infernal Blade"],"relics":["Burning Blood","Bottled Tornado","Toolbox","Kunai","PreservedInsect"],"potions_floor_usage":[7,11,16],"damage_taken":[{"damage":12,"enemies":"Cultist","floor":1,"turns":4},{"damage":0,"enemies":"2 Louse","floor":2,"turns":2},{"damage":2,"enemies":"Jaw Worm","floor":4,"turns":3},{"damage":35,"enemies":"Lagavulin","floor":7,"turns":6},{"damage":32,"enemies":"Exordium Thugs","floor":11,"turns":5},{"damage":0,"enemies":"2 Fungi Beasts","floor":12,"turns":3},{"damage":23,"enemies":"The Guardian","floor":16,"turns":8}],"seed_played":"-1896475561544616453","potions_obtained":[{"floor":2,"key":"Regen Potion"},{"floor":7,"key":"Regen Potion"},{"floor":11,"key":"Energy Potion"}],"is_trial":false,"path_per_floor":["M","M","?","M","?","R","E","$","T","R","M","M","?","?","R","B"],"character_chosen":"IRONCLAD","items_purchased":["Toolbox"],"campfire_rested":0,"item_purchase_floors":[8],"current_hp_per_floor":[69,75,50,54,43,43,29,29,29,29,17,23,23,23,23,0],"gold":0,"neow_bonus":"TEN_PERCENT_HP_BONUS","is_prod":false,"is_daily":false,"chose_seed":false,"campfire_upgraded":3,"win_rate":0,"timestamp":1546452290,"path_taken":["M","?","?","M","?","R","E","?","T","R","?","M","?","?","R","BOSS"],"build_version":"2018-12-20","purchased_purges":0,"victory":false,"max_hp_per_floor":[82,82,82,82,82,82,82,82,82,82,82,82,82,82,82,82],"card_choices":[{"not_picked":["Clash","Flex"],"picked":"Perfected Strike","floor":1},{"not_picked":["Iron Wave","Headbutt"],"picked":"Whirlwind","floor":2},{"not_picked":["Entrench","Heavy Blade"],"picked":"Inflame","floor":4},{"not_picked":["Warcry","Iron Wave"],"picked":"Flame Barrier","floor":7},{"not_picked":["Havoc","Warcry"],"picked":"Infernal Blade","floor":11},{"not_picked":["Thunderclap","Cleave","Wild Strike"],"picked":"SKIP","floor":12}],"player_experience":660139,"relics_obtained":[{"floor":7,"key":"Bottled Tornado"},{"floor":9,"key":"Kunai"}],"event_choices":[{"damage_healed":0,"gold_gain":0,"player_choice":"Entered Light","damage_taken":25,"max_hp_gain":0,"max_hp_loss":0,"event_name":"Shining Light","floor":3,"gold_loss":0,"cards_upgraded":["Defend_R","Strike_R"]},{"damage_healed":0,"gold_gain":75,"player_choice":"Gather Gold","damage_taken":11,"max_hp_gain":0,"max_hp_loss":0,"event_name":"World of Goop","floor":5,"gold_loss":0},{"damage_healed":0,"gold_gain":0,"player_choice":"Searched \u00270\u0027 times","damage_taken":0,"max_hp_gain":0,"max_hp_loss":0,"event_name":"Dead Adventurer","floor":13,"gold_loss":0},{"damage_healed":0,"gold_gain":0,"player_choice":"Paid Gold","damage_taken":0,"relics_obtained":["PreservedInsect"],"max_hp_gain":0,"max_hp_loss":0,"event_name":"WeMeetAgain","floor":14,"gold_loss":51}],"is_beta":false,"boss_relics":[],"items_purged_floors":[],"is_endless":false,"potions_floor_spawned":[2,7,11],"killed_by":"The Guardian","ascension_level":17}