{"gold_per_floor":[164,164,229,229,29,29,139,204,204,269,269,69,69,69,69,394,394,439,484,264,334,15,80,80],"floor_reached":24,"playtime":953,"items_purged":[],"score":271,"play_id":"a1fbc958-bdcc-4f7e-9fc5-cf008eed2a40","local_time":"20190101122943","daily_mods":["Allstar","Hoarder","Midas"],"is_ascension_mode":false,"campfire_choices":[{"floor":6,"key":"REST"},{"floor":13,"key":"REST"},{"floor":15,"key":"REST"}],"neow_cost":"","seed_source_timestamp":0,"circlet_count":0,"master_deck":["Strike_R","Strike_R","Strike_R","Strike_R","Strike_R","Defend_R","Defend_R","Defend_R","Defend_R","Bandage Up","Bandage Up","Bandage Up","Jack Of All Trades","Jack Of All Trades","Jack Of All Trades","HandOfGreed","HandOfGreed","HandOfGreed","Chrysalis","Chrysalis","Finesse","Finesse","Finesse","Pommel Strike","Pommel Strike","Pommel Strike","Perfected Strike","Perfected Strike","Impervious","Impervious","Impervious","Body Slam","Body Slam","Spot Weakness+1","Spot Weakness+1","Spot Weakness+1","Armaments+1","Armaments+1","Armaments+1","Uppercut+1","Uppercut+1","Uppercut+1","Shrug It Off+1","Shrug It Off+1","Shrug It Off+1","Feel No Pain","Feel No Pain","Feel No Pain","Pummel+1","Pummel+1","Pummel+1","True Grit","True Grit","True Grit"],"special_seed":17897,"relics":["Burning Blood","Happy Flower","Membership Card","Kunai","Dodecahedron","Juzu Bracelet","Blood Vial","Blue Candle","Astrolabe","Tiny Chest","Lantern","OrangePellets","Molten Egg 2","ClockworkSouvenir","Bag of Marbles"],"potions_floor_usage":[24],"damage_taken":[{"damage":13,"enemies":"Small Slimes","floor":1,"turns":6},{"damage":0,"enemies":"2 Louse","floor":3,"turns":2},{"damage":17,"enemies":"3 Sentries","floor":7,"turns":5},{"damage":9,"enemies":"Jaw Worm","floor":8,"turns":2},{"damage":7,"enemies":"Blue Slaver","floor":10,"turns":4},{"damage":4,"enemies":"Slime Boss","floor":16,"turns":4},{"damage":8,"enemies":"2 Thieves","floor":18,"turns":5},{"damage":17,"enemies":"3 Byrds","floor":19,"turns":8},{"damage":30,"enemies":"Snecko","floor":21,"turns":8},{"damage":0,"enemies":"Snake Plant","floor":23,"turns":2},{"damage":109,"enemies":"Gremlin Leader","floor":24,"turns":6}],"seed_played":"2052676809091822558","potions_obtained":[{"floor":3,"key":"SpeedPotion"},{"floor":7,"key":"BloodPotion"},{"floor":8,"key":"FearPotion"}],"is_trial":false,"path_per_floor":["M","?","M","?","$","R","E","M","T","M","T","$","R","$","R","B",null,"M","M","$","M","$","M","E"],"character_chosen":"IRONCLAD","items_purchased":["Membership Card","Blood Vial","Blue Candle","Tiny Chest","Lantern","OrangePellets","Molten Egg 2","ClockworkSouvenir","Bag of Marbles","Pummel+1"],"campfire_rested":3,"item_purchase_floors":[5,12,12,20,20,20,22,22,22,22],"current_hp_per_floor":[80,77,80,73,73,80,73,80,80,80,80,80,80,80,80,80,80,78,73,73,65,65,77,0],"gold":80,"neow_bonus":"","is_prod":false,"is_daily":true,"chose_seed":false,"campfire_upgraded":0,"win_rate":0,"timestamp":1546342183,"path_taken":["M","?","M","?","$","R","E","M","T","M","?","$","R","?","R","BOSS","M","M","$","M","$","M","E"],"build_version":"2018-12-20","purchased_purges":0,"victory":false,"max_hp_per_floor":[80,80,80,80,80,80,80,80,80,80,80,80,80,80,80,80,80,80,80,80,80,80,80,80],"card_choices":[{"not_picked":["Combust","Headbutt"],"picked":"Pommel Strike","floor":1},{"not_picked":["True Grit","Thunderclap"],"picked":"Perfected Strike","floor":3},{"not_picked":["Clash","Second Wind"],"picked":"Impervious","floor":7},{"not_picked":["Havoc","Twin Strike"],"picked":"Body Slam","floor":8},{"not_picked":["Fire Breathing","Dropkick","Brutality"],"picked":"SKIP","floor":10},{"not_picked":["Sever Soul","Clash+1"],"picked":"Shrug It Off+1","floor":18},{"not_picked":["Seeing Red","Combust+1"],"picked":"Feel No Pain","floor":19},{"not_picked":["Searing Blow+1","Headbutt+1","Feel No Pain"],"picked":"SKIP","floor":21},{"not_picked":["Pommel Strike+1","Cleave+1"],"picked":"True Grit","floor":23}],"player_experience":98503,"relics_obtained":[{"floor":7,"key":"Kunai"},{"floor":9,"key":"Dodecahedron"},{"floor":11,"key":"Juzu Bracelet"}],"event_choices":[{"damage_healed":0,"gold_gain":0,"player_choice":"Success","damage_taken":3,"relics_obtained":["Happy Flower"],"max_hp_gain":0,"max_hp_loss":0,"event_name":"Scrap Ooze","floor":2,"gold_loss":0},{"cards_removed":["Chrysalis"],"damage_healed":0,"gold_gain":0,"player_choice":"Card Removal","damage_taken":7,"max_hp_gain":0,"max_hp_loss":0,"event_name":"Golden Wing","floor":4,"gold_loss":0}],"is_beta":false,"boss_relics":[{"not_picked":["Tiny House","Sozu"],"picked":"Astrolabe"}],"items_purged_floors":[],"is_endless":false,"potions_floor_spawned":[3,7,8,18,23],"killed_by":"Gremlin Leader","ascension_level":0}