{"gold_per_floor":[115,40,40,60,60,88,106,106,106,125,137,153,153,153,153,253,253,268,268,279,290,307,307],"floor_reached":23,"playtime":1502,"items_purged":["Normality"],"score":195,"play_id":"cfda5879-b9a8-4ce2-8c3a-8b3b86b31247","local_time":"20190109005746","is_ascension_mode":false,"campfire_choices":[{"floor":8,"key":"REST"},{"data":"Neutralize","floor":13,"key":"SMITH"},{"data":"Bouncing Flask","floor":15,"key":"SMITH"}],"neow_cost":"CURSE","seed_source_timestamp":36337112032686,"circlet_count":0,"master_deck":["Defend_G","Defend_G","Defend_G","Defend_G","Defend_G","Strike_G","Strike_G","Strike_G","Strike_G","Strike_G","Survivor","Neutralize+1","Dramatic Entrance","Heel Hook","Bouncing Flask+1","Jack Of All Trades","Bane","Deflect","Wraith Form v2","Leg Sweep","Jack Of All Trades","Dash","Footwork"],"relics":["Ring of the Snake","Pear","Pen Nib","Cursed Key"],"potions_floor_usage":[6,16,22,23,23],"damage_taken":[{"damage":1,"enemies":"2 Louse","floor":1,"turns":3},{"damage":1,"enemies":"Jaw Worm","floor":4,"turns":5},{"damage":25,"enemies":"Lagavulin","floor":6,"turns":9},{"damage":0,"enemies":"Cultist","floor":7,"turns":4},{"damage":0,"enemies":"Looter","floor":10,"turns":2},{"damage":0,"enemies":"Blue Slaver","floor":11,"turns":4},{"damage":6,"enemies":"Gremlin Gang","floor":12,"turns":2},{"damage":11,"enemies":"The Guardian","floor":16,"turns":10},{"damage":14,"enemies":"Spheric Guardian","floor":18,"turns":4},{"damage":10,"enemies":"3 Byrds","floor":20,"turns":8},{"damage":6,"enemies":"Centurion and Healer","floor":21,"turns":9},{"damage":32,"enemies":"Cultist and Chosen","floor":22,"turns":10},{"damage":26,"enemies":"Gremlin Leader","floor":23,"turns":7}],"seed_played":"4090394060211883548","potions_obtained":[{"floor":1,"key":"Dexterity Potion"},{"floor":4,"key":"Dexterity Potion"},{"floor":11,"key":"SteroidPotion"},{"floor":16,"key":"PowerPotion"},{"floor":18,"key":"FearPotion"}],"is_trial":false,"path_per_floor":["M","$","?","M","?","E","M","R","T","M","M","M","R","?","R","B",null,"M","?","M","M","M","E"],"character_chosen":"THE_SILENT","items_purchased":[],"campfire_rested":1,"item_purchase_floors":[],"current_hp_per_floor":[69,69,61,60,60,35,35,59,59,59,59,53,53,53,53,42,80,66,66,56,50,18,0],"gold":307,"neow_bonus":"RANDOM_COLORLESS_2","is_prod":false,"is_daily":false,"chose_seed":false,"campfire_upgraded":2,"win_rate":0,"timestamp":1546988266,"path_taken":["M","$","?","M","?","E","?","R","T","M","M","M","R","?","R","BOSS","M","?","?","M","M","E"],"build_version":"2019-01-03v4","purchased_purges":1,"victory":false,"max_hp_per_floor":[70,70,80,80,80,80,80,80,80,80,80,80,80,80,80,80,80,80,80,80,80,80,80],"card_choices":[{"not_picked":["Outmaneuver","Deflect"],"picked":"Heel Hook","floor":1},{"not_picked":["Deadly Poison","Poisoned Stab"],"picked":"Bouncing Flask","floor":4},{"not_picked":["Distraction","Bouncing Flask","Eviscerate"],"picked":"SKIP","floor":6},{"not_picked":["Sucker Punch","Masterful Stab"],"picked":"Bane","floor":7},{"not_picked":["Acrobatics","Dodge and Roll","Outmaneuver"],"picked":"SKIP","floor":10},{"not_picked":["Acrobatics","Dodge and Roll","Outmaneuver"],"picked":"SKIP","floor":10},{"not_picked":["Quick Slash","Sucker Punch"],"picked":"Deflect","floor":11},{"not_picked":["Deadly Poison","Choke","Slice"],"picked":"SKIP","floor":12},{"not_picked":["Venomology","Malaise"],"picked":"Wraith Form v2","floor":16},{"not_picked":["Blur","Skewer+1"],"picked":"Leg Sweep","floor":18},{"not_picked":["Cloak And Dagger","Acrobatics","PiercingWail+1"],"picked":"SKIP","floor":20},{"not_picked":["Bane","Dodge and Roll"],"picked":"Dash","floor":21},{"not_picked":["Well Laid Plans","Crippling Poison"],"picked":"Footwork","floor":22}],"player_experience":159164,"relics_obtained":[{"floor":6,"key":"Pen Nib"}],"event_choices":[{"damage_healed":0,"gold_gain":0,"player_choice":"Success","damage_taken":18,"relics_obtained":["Pear"],"max_hp_gain":0,"max_hp_loss":0,"event_name":"Scrap Ooze","floor":3,"gold_loss":0},{"damage_healed":0,"gold_gain":0,"cards_transformed":["Sadistic Nature"],"player_choice":"Transformed","damage_taken":0,"max_hp_gain":0,"max_hp_loss":0,"event_name":"Transmorgrifier","floor":5,"gold_loss":0,"cards_obtained":["Jack Of All Trades"]},{"damage_healed":0,"gold_gain":0,"player_choice":"Ignored","damage_taken":0,"max_hp_gain":0,"max_hp_loss":0,"event_name":"Golden Idol","floor":14,"gold_loss":0},{"damage_healed":0,"gold_gain":0,"player_choice":"Copied","damage_taken":0,"max_hp_gain":0,"max_hp_loss":0,"event_name":"Duplicator","floor":19,"gold_loss":0,"cards_obtained":["Jack Of All Trades"]}],"is_beta":false,"boss_relics":[{"not_picked":["Empty Cage","Black Star"],"picked":"Cursed Key"}],"items_purged_floors":[2],"is_endless":false,"potions_floor_spawned":[1,4,11,16,18],"killed_by":"Gremlin Leader","ascension_level":0}