{"gold_per_floor":[144,199,244,54,54,144,144,189,239,239,284,284,329,374,374,674,674,719,764,809,854,854],"floor_reached":22,"playtime":1618,"items_purged":[],"score":190,"play_id":"2c4f4802-143c-4cde-b302-f46d4d455ac7","local_time":"20181204200707","daily_mods":["Draft","Uncertain Future","Midas"],"is_ascension_mode":false,"campfire_choices":[{"floor":7,"key":"REST"},{"floor":10,"key":"REST"},{"floor":15,"key":"REST"}],"neow_cost":"","seed_source_timestamp":0,"circlet_count":0,"master_deck":["White Noise","Conserve Battery","Turbo","Double Energy","Gash","BootSequence","Rip and Tear","Streamline","Go for the Eyes","Gash","Sweeping Beam","White Noise","Gash","Rebound","Rebound","Conserve Battery","Chrysalis+1","Meteor Strike","Leap","Rebound","Go for the Eyes","Electrodynamics","Tempest","White Noise","Go for the Eyes"],"special_seed":17869,"relics":["Cracked Core","Blood Vial","Oddly Smooth Stone","Sozu"],"potions_floor_usage":[11,16],"damage_taken":[{"damage":1,"enemies":"Jaw Worm","floor":1,"turns":2},{"damage":0,"enemies":"2 Louse","floor":3,"turns":2},{"damage":12,"enemies":"Gremlin Nob","floor":6,"turns":3},{"damage":0,"enemies":"Small Slimes","floor":8,"turns":3},{"damage":12,"enemies":"Exordium Thugs","floor":11,"turns":3},{"damage":0,"enemies":"Blue Slaver","floor":13,"turns":3},{"damage":6,"enemies":"Lots of Slimes","floor":14,"turns":4},{"damage":21,"enemies":"The Guardian","floor":16,"turns":11},{"damage":14,"enemies":"Spheric Guardian","floor":18,"turns":4},{"damage":0,"enemies":"3 Byrds","floor":19,"turns":2},{"damage":20,"enemies":"Snecko","floor":20,"turns":5},{"damage":39,"enemies":"3 Cultists","floor":21,"turns":5},{"damage":10,"enemies":"Snake Plant","floor":22,"turns":2}],"seed_played":"4835321096654724248","potions_obtained":[{"floor":3,"key":"SpeedPotion"},{"floor":6,"key":"Block Potion"},{"floor":11,"key":"PowerPotion"},{"floor":16,"key":"FocusPotion"}],"is_trial":false,"path_per_floor":["M","?","M","$","?","E","R","M","T","R","M","?","M","M","R","B",null,"M","M","M","M","M"],"character_chosen":"DEFECT","items_purchased":["Conserve Battery","Chrysalis"],"campfire_rested":3,"item_purchase_floors":[4,4],"current_hp_per_floor":[74,74,74,74,74,62,75,75,75,75,63,63,65,61,75,54,75,61,63,45,8,0],"gold":854,"neow_bonus":"","is_prod":false,"is_daily":true,"chose_seed":false,"campfire_upgraded":0,"win_rate":0.0,"timestamp":1543950427,"path_taken":["M","?","M","$","?","E","R","M","T","R","M","?","M","M","R","BOSS","M","M","M","M","M"],"build_version":"2018-11-15","purchased_purges":0,"victory":false,"max_hp_per_floor":[75,75,75,75,75,75,75,75,75,75,75,75,75,75,75,75,75,75,75,75,75,75],"card_choices":[{"not_picked":["Streamline","Storm"],"picked":"White Noise","floor":0},{"not_picked":["Recycle","Doom and Gloom"],"picked":"Conserve Battery","floor":0},{"not_picked":["Scrape","Stack"],"picked":"Turbo","floor":0},{"not_picked":["Genetic Algorithm","Turbo"],"picked":"Double Energy","floor":0},{"not_picked":["Conserve Battery","Cold Snap"],"picked":"Gash","floor":0},{"not_picked":["Beam Cell","Coolheaded"],"picked":"BootSequence","floor":0},{"not_picked":["Leap","Streamline"],"picked":"Rip and Tear","floor":0},{"not_picked":["Turbo","Hologram"],"picked":"Streamline","floor":0},{"not_picked":["Reinforced Body","Barrage"],"picked":"Go for the Eyes","floor":0},{"not_picked":["Stack","Compile Driver"],"picked":"Gash","floor":0},{"not_picked":["Defragment","Streamline"],"picked":"Sweeping Beam","floor":0},{"not_picked":["Compile Driver","Heatsinks"],"picked":"White Noise","floor":0},{"not_picked":["Static Discharge","Chaos"],"picked":"Gash","floor":0},{"not_picked":["Barrage","Double Energy"],"picked":"Rebound","floor":0},{"not_picked":["Fusion","Reprogram"],"picked":"Rebound","floor":0},{"not_picked":["Melter","Redo","Hologram"],"picked":"SKIP","floor":1},{"not_picked":["Capacitor","Beam Cell","Coolheaded"],"picked":"SKIP","floor":3},{"not_picked":["White Noise","Sweeping Beam"],"picked":"Meteor Strike","floor":6},{"not_picked":["Doom and Gloom","Coolheaded"],"picked":"Leap","floor":8},{"not_picked":["Redo","Barrage","Machine Learning"],"picked":"SKIP","floor":11},{"not_picked":["Barrage","Hologram"],"picked":"Rebound","floor":13},{"not_picked":["Tempest","Undo"],"picked":"Go for the Eyes","floor":14},{"not_picked":["Amplify","Meteor Strike"],"picked":"Electrodynamics","floor":16},{"not_picked":["Doom and Gloom","Redo"],"picked":"Tempest","floor":18},{"not_picked":["Auto Shields+1","Rebound"],"picked":"White Noise","floor":19},{"not_picked":["Cold Snap+1","Self Repair+1"],"picked":"Go for the Eyes","floor":20},{"not_picked":["Sweeping Beam","Reprogram","Conserve Battery"],"picked":"SKIP","floor":21}],"player_experience":134042,"relics_obtained":[{"floor":6,"key":"Blood Vial"},{"floor":9,"key":"Oddly Smooth Stone"}],"event_choices":[{"damage_healed":0,"gold_gain":55,"player_choice":"Gained Gold","damage_taken":0,"max_hp_gain":0,"max_hp_loss":0,"event_name":"Golden Wing","floor":2,"gold_loss":0},{"damage_healed":0,"gold_gain":0,"player_choice":"Grow","damage_taken":0,"max_hp_gain":0,"max_hp_loss":0,"event_name":"Living Wall","floor":5,"gold_loss":0,"cards_upgraded":["Chrysalis"]},{"damage_healed":0,"gold_gain":0,"player_choice":"Ignored","damage_taken":0,"max_hp_gain":0,"max_hp_loss":0,"event_name":"Liars Game","floor":12,"gold_loss":0}],"is_beta":false,"boss_relics":[{"not_picked":["Black Star","Astrolabe"],"picked":"Sozu"}],"items_purged_floors":[],"is_endless":false,"potions_floor_spawned":[3,6,11,16,18],"killed_by":"Snake Plant","ascension_level":0}