{"gold_per_floor":[113,133,4,4,79,79,79,95,121,139,163,176,176,99,99,223,223,244,268,367,367,190,190,205,80,157,157,177,27,27],"floor_reached":30,"playtime":1674,"items_purged":["Strike_G","Strike_G","Strike_G","Strike_G"],"score":220,"play_id":"765ba8c9-1566-4c9e-ba9f-56e767579a9a","local_time":"20180724222540","is_ascension_mode":false,"campfire_choices":[{"data":"Dagger Spray","floor":6,"key":"SMITH"},{"floor":13,"key":"REST"},{"data":"Catalyst","floor":15,"key":"SMITH"},{"floor":23,"key":"REST"},{"floor":27,"key":"REST"}],"neow_cost":"NONE","seed_source_timestamp":89961337072372,"circlet_count":0,"master_deck":["Defend_G","Defend_G","Defend_G","Defend_G","Defend_G","Strike_G","Survivor+1","Neutralize","Dagger Spray+1","Terror","Acrobatics","Prepared","Venomology","Catalyst+1","Noxious Fumes","Burst","Deadly Poison","Catalyst"],"relics":["Ring of the Snake","Golden Idol","Regal Pillow","Mercury Hourglass"],"potions_floor_usage":[16,16,18,19,24,28,28,28,30],"damage_taken":[{"damage":0,"enemies":"Jaw Worm","floor":1,"turns":5},{"damage":0,"enemies":"Small Slimes","floor":2,"turns":3},{"damage":0,"enemies":"2 Louse","floor":8,"turns":1},{"damage":2,"enemies":"Blue Slaver","floor":10,"turns":4},{"damage":1,"enemies":"Exordium Wildlife","floor":11,"turns":4},{"damage":2,"enemies":"2 Fungi Beasts","floor":12,"turns":4},{"damage":46,"enemies":"Slime Boss","floor":16,"turns":9},{"damage":44,"enemies":"2 Thieves","floor":18,"turns":4},{"damage":18,"enemies":"Spheric Guardian","floor":19,"turns":5},{"damage":27,"enemies":"3 Cultists","floor":24,"turns":6},{"damage":31,"enemies":"Cultist and Chosen","floor":28,"turns":8},{"damage":24,"enemies":"Slaver and Parasite","floor":30,"turns":3}],"seed_played":"5767376391483816335","potions_obtained":[{"floor":12,"key":"Ancient Potion"},{"floor":19,"key":"EssenceOfSteel"},{"floor":24,"key":"Block Potion"},{"floor":28,"key":"Fire Potion"}],"is_trial":false,"path_per_floor":["M","M","$","?","?","R","?","M","T","M","M","M","R","$","R","B",null,"M","M","?","?","$","R","M","$","T","R","M","$"],"character_chosen":"THE_SILENT","items_purchased":["Acrobatics","Noxious Fumes","Catalyst"],"campfire_rested":3,"item_purchase_floors":[3,14,22],"current_hp_per_floor":[70,70,70,70,59,59,42,42,42,40,39,37,70,70,70,24,70,26,8,8,8,8,44,17,17,17,53,22,22,0],"gold":27,"neow_bonus":"UPGRADE_CARD","is_prod":false,"is_daily":false,"chose_seed":false,"campfire_upgraded":2,"win_rate":0.0,"timestamp":1532442340,"path_taken":["M","M","$","?","?","R","?","M","T","M","M","?","R","$","R","BOSS","M","M","?","?","$","R","M","$","T","R","M","$","M"],"build_version":"2018-07-19v2","purchased_purges":4,"victory":false,"max_hp_per_floor":[70,70,70,70,70,70,70,70,70,70,70,70,70,70,70,70,70,70,70,70,70,70,70,70,70,70,70,70,70,70],"card_choices":[{"not_picked":["Masterful Stab","Endless Agony"],"picked":"Dagger Spray","floor":1},{"not_picked":["Flying Knee","Masterful Stab"],"picked":"Terror","floor":2},{"not_picked":["Poisoned Stab","Deflect"],"picked":"Prepared","floor":8},{"not_picked":["Outmaneuver","Bane"],"picked":"Venomology","floor":10},{"not_picked":["Deflect","Distraction","Poisoned Stab"],"picked":"SKIP","floor":11},{"not_picked":["Flying Knee","Dagger Throw"],"picked":"Catalyst","floor":12},{"not_picked":["Phantasmal Killer","Venomology"],"picked":"Burst","floor":16},{"not_picked":["Calculated Gamble","Terror+1"],"picked":"Deadly Poison","floor":18},{"not_picked":["Caltrops","Expertise+1","PiercingWail"],"picked":"SKIP","floor":19},{"not_picked":["Sucker Punch","Heel Hook","Calculated Gamble"],"picked":"SKIP","floor":24},{"not_picked":["Flechettes","Choke","Blade Dance+1"],"picked":"SKIP","floor":28}],"player_experience":82366,"relics_obtained":[{"floor":9,"key":"Regal Pillow"},{"floor":26,"key":"Mercury Hourglass"}],"event_choices":[{"event_name":"The Cleric","player_choice":"Leave","floor":4,"damage_taken":0},{"event_name":"World of Goop","player_choice":"Gather Gold","floor":5,"damage_taken":0},{"event_name":"Golden Idol","player_choice":"Take Damage","floor":7,"damage_taken":0},{"event_name":"Nest","player_choice":"Stole From Cult","floor":20,"damage_taken":0},{"event_name":"Ghosts","player_choice":"Ignored","floor":21,"damage_taken":0}],"is_beta":false,"boss_relics":[{"not_picked":["Velvet Choker","Cursed Key","Philosopher\u0027s Stone"]}],"items_purged_floors":[3,22,25,29],"is_endless":false,"potions_floor_spawned":[12,19,24,28],"killed_by":"Slaver and Parasite","ascension_level":0}