{"gold_per_floor":[118,118,132,143,158,184,149,149],"floor_reached":8,"playtime":434,"items_purged":[],"score":70,"play_id":"2cba4a1d-fe9e-4cae-8368-89d92d89438c","local_time":"20181220004355","is_ascension_mode":true,"campfire_choices":[],"neow_cost":"NONE","seed_source_timestamp":1782589527764,"circlet_count":0,"master_deck":["Strike_R","Strike_R","Strike_R","Strike_R","Strike_R","Defend_R","Defend_R","Defend_R","Defend_R","Bash","Flame Barrier","Ghostly Armor","Cleave","Headbutt","Armaments"],"relics":["Burning Blood","Bag of Marbles","Blood Vial","Nunchaku"],"potions_floor_usage":[6,8],"damage_taken":[{"damage":2,"enemies":"2 Louse","floor":1,"turns":3},{"damage":7,"enemies":"Jaw Worm","floor":3,"turns":3},{"damage":6,"enemies":"Small Slimes","floor":4,"turns":5},{"damage":12,"enemies":"Exordium Thugs","floor":5,"turns":6},{"damage":35,"enemies":"3 Sentries","floor":6,"turns":11},{"damage":83,"enemies":"Lagavulin","floor":8,"turns":12}],"seed_played":"6842949250777830368","potions_obtained":[{"floor":1,"key":"GamblersBrew"},{"floor":3,"key":"Swift Potion"},{"floor":4,"key":"Ancient Potion"}],"is_trial":false,"path_per_floor":["M","?","M","M","M","E","?","E"],"character_chosen":"IRONCLAD","items_purchased":[],"campfire_rested":0,"item_purchase_floors":[],"current_hp_per_floor":[80,73,74,76,72,45,65,0],"gold":149,"neow_bonus":"RANDOM_COMMON_RELIC","is_prod":false,"is_daily":false,"chose_seed":false,"campfire_upgraded":0,"win_rate":0,"timestamp":1545295435,"path_taken":["M","?","M","M","M","E","?","E"],"build_version":"2018-12-13","purchased_purges":0,"victory":false,"max_hp_per_floor":[80,80,80,80,80,80,80,80],"card_choices":[{"not_picked":["Disarm","Entrench"],"picked":"Flame Barrier","floor":1},{"not_picked":["Armaments","Perfected Strike"],"picked":"Ghostly Armor","floor":3},{"not_picked":["Whirlwind","Disarm"],"picked":"Cleave","floor":4},{"not_picked":["Heavy Blade","Reckless Charge"],"picked":"Headbutt","floor":5},{"not_picked":["Whirlwind","Brutality"],"picked":"Armaments","floor":6}],"player_experience":209562,"relics_obtained":[{"floor":6,"key":"Nunchaku"}],"event_choices":[{"damage_healed":0,"gold_gain":0,"player_choice":"Success","damage_taken":7,"relics_obtained":["Blood Vial"],"max_hp_gain":0,"max_hp_loss":0,"event_name":"Scrap Ooze","floor":2,"gold_loss":0},{"damage_healed":20,"gold_gain":0,"player_choice":"Healed","damage_taken":0,"max_hp_gain":0,"max_hp_loss":0,"event_name":"The Cleric","floor":7,"gold_loss":35}],"is_beta":false,"boss_relics":[],"items_purged_floors":[],"is_endless":false,"potions_floor_spawned":[1,3,4],"killed_by":"Lagavulin","ascension_level":4}