{"gold_per_floor":[119,44,55,55,55,83,113,142,142,142,142,142,160,195,195,195],"floor_reached":16,"playtime":683,"items_purged":[],"score":145,"play_id":"43c416f8-e8fe-4e99-b242-77f87f8b8848","local_time":"20181124003513","is_ascension_mode":true,"campfire_choices":[{"floor":12,"key":"REST"},{"floor":15,"key":"REST"}],"neow_cost":"NONE","seed_source_timestamp":1417876581491395,"circlet_count":0,"master_deck":["Defend_G","Defend_G","Defend_G","Defend_G","Defend_G","Strike_G","Strike_G","Strike_G","Strike_G","Strike_G","Survivor","Neutralize","Dagger Spray","Backflip+1","Flying Knee","Heel Hook","Underhanded Strike","Cloak And Dagger","Parasite","Poisoned Stab+1","Cloak And Dagger+1"],"relics":["Ring of the Snake","Thread and Needle","Tiny Chest","The Courier","Molten Egg 2","Toxic Egg 2"],"potions_floor_usage":[8,14],"damage_taken":[{"damage":2,"enemies":"Jaw Worm","floor":1,"turns":6},{"damage":0,"enemies":"Small Slimes","floor":3,"turns":2},{"damage":21,"enemies":"3 Sentries","floor":6,"turns":9},{"damage":44,"enemies":"Gremlin Nob","floor":8,"turns":6},{"damage":0,"enemies":"2 Louse","floor":13,"turns":3},{"damage":20,"enemies":"Lagavulin","floor":14,"turns":6},{"damage":57,"enemies":"Slime Boss","floor":16,"turns":14}],"seed_played":"-2072016365045057841","potions_obtained":[{"floor":3,"key":"LiquidBronze"},{"floor":13,"key":"Poison Potion"}],"is_trial":false,"path_per_floor":["M","$","M","?","?","E","T","E","T","?","T","R","M","E","R","B"],"character_chosen":"THE_SILENT","items_purchased":["Backflip","Flying Knee"],"campfire_rested":2,"item_purchase_floors":[2,2],"current_hp_per_floor":[75,75,75,75,75,54,54,10,10,29,29,52,52,32,55,0],"gold":195,"neow_bonus":"TEN_PERCENT_HP_BONUS","is_prod":false,"is_daily":false,"chose_seed":false,"campfire_upgraded":0,"win_rate":0,"timestamp":1543048513,"path_taken":["M","$","M","?","?","E","?","E","T","?","?","R","M","E","R","BOSS"],"build_version":"2018-11-15","purchased_purges":0,"victory":false,"max_hp_per_floor":[77,77,77,77,77,77,77,77,77,77,77,77,77,77,77,77],"card_choices":[{"not_picked":["Underhanded Strike","Expertise"],"picked":"Dagger Spray","floor":1},{"not_picked":["Concentrate","Blade Dance"],"picked":"Heel Hook","floor":3},{"not_picked":["Concentrate","Reflex"],"picked":"Underhanded Strike","floor":6},{"not_picked":["Choke","Deflect"],"picked":"Cloak And Dagger","floor":8},{"not_picked":["Slice+1","Acrobatics"],"picked":"Poisoned Stab+1","floor":13},{"not_picked":["Noxious Fumes","Deadly Poison"],"picked":"Cloak And Dagger","floor":14}],"player_experience":121592,"relics_obtained":[{"floor":6,"key":"Thread and Needle"},{"floor":7,"key":"Tiny Chest"},{"floor":8,"key":"The Courier"},{"floor":9,"key":"Molten Egg 2"},{"floor":14,"key":"Toxic Egg 2"}],"event_choices":[{"damage_healed":0,"gold_gain":0,"player_choice":"Ignored","damage_taken":0,"max_hp_gain":0,"max_hp_loss":0,"event_name":"Golden Wing","floor":4,"gold_loss":0},{"damage_healed":0,"gold_gain":0,"player_choice":"Grow","damage_taken":0,"max_hp_gain":0,"max_hp_loss":0,"event_name":"Living Wall","floor":5,"gold_loss":0,"cards_upgraded":["Backflip"]},{"damage_healed":19,"gold_gain":0,"player_choice":"Healed and dodged fight","damage_taken":0,"max_hp_gain":0,"max_hp_loss":0,"event_name":"Mushrooms","floor":10,"gold_loss":0,"cards_obtained":["Parasite"]}],"is_beta":false,"boss_relics":[],"items_purged_floors":[],"is_endless":false,"potions_floor_spawned":[3,13],"killed_by":"Slime Boss","ascension_level":5}