{"gold_per_floor":[111,121,121,136,154,154,185,185,255,255,205,217,236,248,248,345,345,357,372,297,42,42,69,81,107,119,151,9,24,36,50,50,149,149,161,161,161,173,22,22,56,56,81,95,109,139,156,172,172,172],"floor_reached":51,"playtime":3063,"items_purged":[],"score":735,"play_id":"6f451cd5-46dc-44f1-af25-e8e7c97ea056","local_time":"20181230215441","is_ascension_mode":false,"campfire_choices":[{"data":"Undo","floor":6,"key":"SMITH"},{"data":"Defragment","floor":8,"key":"SMITH"},{"floor":10,"key":"REST"},{"data":"Self Repair","floor":15,"key":"SMITH"},{"data":"Leap","floor":24,"key":"SMITH"},{"floor":32,"key":"REST"},{"data":"Enlightenment","floor":40,"key":"SMITH"},{"data":"Storm","floor":42,"key":"SMITH"},{"data":"Heatsinks","floor":49,"key":"SMITH"}],"neow_cost":"NONE","seed_source_timestamp":37038212924666,"circlet_count":0,"master_deck":["Strike_B+1","Strike_B","Defend_B","Defend_B","Defend_B","Zap","Dualcast","Undo+1","Ball Lightning+1","Storm+1","Defragment+1","Steam","Auto Shields","Heatsinks+1","Self Repair+1","Echo Form","Sunder+1","Beam Cell","Leap+1","Sweeping Beam+1","Steam","White Noise","Force Field+1","Thunder Strike","Enlightenment+1","Redo+1"],"relics":["Cracked Core","Unceasing Top","Meat on the Bone","Sozu","Letter Opener","MawBank","Art of War","Happy Flower","Runic Pyramid","Whetstone","Boot","Bag of Preparation","Lantern"],"potions_floor_usage":[7,16,31,50],"damage_taken":[{"damage":0,"enemies":"Cultist","floor":1,"turns":4},{"damage":0,"enemies":"2 Louse","floor":2,"turns":2},{"damage":5,"enemies":"Jaw Worm","floor":4,"turns":4},{"damage":18,"enemies":"Large Slime","floor":5,"turns":5},{"damage":12,"enemies":"Lagavulin","floor":7,"turns":6},{"damage":12,"enemies":"2 Fungi Beasts","floor":12,"turns":5},{"damage":10,"enemies":"Looter","floor":13,"turns":3},{"damage":5,"enemies":"Exordium Wildlife","floor":14,"turns":5},{"damage":14,"enemies":"Slime Boss","floor":16,"turns":9},{"damage":1,"enemies":"Shell Parasite","floor":18,"turns":5},{"damage":10,"enemies":"Chosen","floor":19,"turns":4},{"damage":36,"enemies":"Book of Stabbing","floor":23,"turns":5},{"damage":2,"enemies":"Centurion and Healer","floor":25,"turns":6},{"damage":25,"enemies":"Snake Plant","floor":27,"turns":3},{"damage":14,"enemies":"Sentry and Sphere","floor":29,"turns":5},{"damage":0,"enemies":"Snecko","floor":30,"turns":2},{"damage":21,"enemies":"Cultist and Chosen","floor":31,"turns":5},{"damage":11,"enemies":"Automaton","floor":33,"turns":9},{"damage":29,"enemies":"3 Shapes","floor":35,"turns":3},{"damage":10,"enemies":"Orb Walker","floor":38,"turns":4},{"damage":0,"enemies":"Giant Head","floor":41,"turns":7},{"damage":53,"enemies":"4 Shapes","floor":44,"turns":3},{"damage":0,"enemies":"Spire Growth","floor":45,"turns":4},{"damage":33,"enemies":"Reptomancer","floor":46,"turns":4},{"damage":7,"enemies":"3 Darklings","floor":47,"turns":3},{"damage":0,"enemies":"Transient","floor":48,"turns":5},{"damage":52,"enemies":"Donu and Deca","floor":50,"turns":9}],"seed_played":"6252386470515875656","potions_obtained":[{"floor":1,"key":"GamblersBrew"},{"floor":2,"key":"Block Potion"},{"floor":4,"key":"Explosive Potion"},{"floor":13,"key":"Strength Potion"}],"is_trial":false,"path_per_floor":["M","M","?","M","M","R","E","R","T","R","?","M","M","M","R","B",null,"M","M","?","$","?","E","R","M","T","M","$","M","M","M","R","B",null,"M","?","?","M","$","R","E","R","T","M","M","E","M","M","R","B",null],"character_chosen":"DEFECT","items_purchased":["Letter Opener","Happy Flower","Whetstone"],"campfire_rested":2,"item_purchase_floors":[21,28,39],"current_hp_per_floor":[75,75,75,70,52,52,40,40,40,62,62,50,40,47,47,45,75,74,74,74,74,74,48,48,56,56,53,53,49,49,50,72,71,75,56,56,56,66,66,66,71,71,71,50,60,59,52,62,62,32],"gold":172,"neow_bonus":"THREE_CARDS","is_prod":false,"is_daily":false,"chose_seed":false,"campfire_upgraded":7,"win_rate":0.0,"timestamp":1546203281,"path_taken":["M","M","?","M","M","R","E","R","T","R","?","M","M","M","R","BOSS","M","M","?","$","?","E","R","M","T","M","$","M","M","M","R","BOSS","M","?","?","?","$","R","E","R","T","M","M","E","M","M","R","BOSS"],"build_version":"2018-12-20","purchased_purges":0,"victory":true,"max_hp_per_floor":[75,75,75,75,75,75,75,75,75,75,75,75,75,75,75,75,75,75,75,75,75,75,75,75,75,75,75,75,75,75,75,75,75,75,75,71,71,71,71,71,71,71,71,71,71,71,71,71,71,71],"card_choices":[{"not_picked":["Steam","Compile Driver"],"picked":"Undo","floor":0},{"not_picked":["Glacier","Chaos"],"picked":"Ball Lightning","floor":1},{"not_picked":["Compile Driver","Gash"],"picked":"Storm","floor":2},{"not_picked":["Compile Driver","Undo","Steam Power"],"picked":"SKIP","floor":4},{"not_picked":["Storm","Sweeping Beam"],"picked":"Defragment","floor":5},{"not_picked":["FTL","Blizzard"],"picked":"Steam","floor":7},{"not_picked":["Blizzard","Barrage"],"picked":"Auto Shields","floor":12},{"not_picked":["Fusion","Barrage"],"picked":"Heatsinks","floor":13},{"not_picked":["Rip and Tear","Conserve Battery"],"picked":"Self Repair","floor":14},{"not_picked":["Hyperbeam","All For One"],"picked":"Echo Form","floor":16},{"not_picked":["Coolheaded","Cold Snap"],"picked":"Sunder+1","floor":18},{"not_picked":["Turbo","Cold Snap"],"picked":"Beam Cell","floor":19},{"not_picked":["Sweeping Beam","Reprogram"],"picked":"Leap","floor":23},{"not_picked":["Beam Cell+1","Fusion"],"picked":"Sweeping Beam+1","floor":25},{"not_picked":["Rainbow","Redo"],"picked":"Steam","floor":27},{"not_picked":["Fusion","Stack"],"picked":"White Noise","floor":29},{"not_picked":["Leap","Turbo","Sweeping Beam"],"picked":"SKIP","floor":30},{"not_picked":["Doom and Gloom","Gash"],"picked":"Force Field+1","floor":31},{"not_picked":["Rainbow","Core Surge"],"picked":"Thunder Strike","floor":33},{"not_picked":["Beam Cell","Gash+1","Streamline"],"picked":"SKIP","floor":35},{"not_picked":["Secret Technique","Metamorphosis"],"picked":"Enlightenment","floor":37},{"not_picked":["Streamline+1","Beam Cell+1","Rebound"],"picked":"SKIP","floor":38},{"not_picked":["Steam","Hello World+1","Doom and Gloom+1"],"picked":"SKIP","floor":41},{"not_picked":["Recycle","Scrape+1","Chaos"],"picked":"SKIP","floor":44},{"not_picked":["Go for the Eyes","Sweeping Beam+1","Turbo"],"picked":"SKIP","floor":45},{"not_picked":["Skim","Go for the Eyes"],"picked":"Redo+1","floor":46},{"not_picked":["Rebound","Loop+1","Steam Power"],"picked":"SKIP","floor":47},{"not_picked":["Storm+1","Beam Cell","Turbo"],"picked":"SKIP","floor":48}],"player_experience":94093,"relics_obtained":[{"floor":7,"key":"Unceasing Top"},{"floor":9,"key":"Meat on the Bone"},{"floor":23,"key":"MawBank"},{"floor":26,"key":"Art of War"},{"floor":41,"key":"Boot"},{"floor":43,"key":"Bag of Preparation"},{"floor":46,"key":"Lantern"}],"event_choices":[{"cards_removed":["Strike_B"],"damage_healed":0,"gold_gain":0,"player_choice":"Forget","damage_taken":0,"max_hp_gain":0,"max_hp_loss":0,"event_name":"Living Wall","floor":3,"gold_loss":0},{"cards_removed":["Defend_B"],"damage_healed":0,"gold_gain":0,"player_choice":"Card Removal","damage_taken":0,"max_hp_gain":0,"max_hp_loss":0,"event_name":"The Cleric","floor":11,"gold_loss":50},{"cards_removed":["Strike_B"],"damage_healed":0,"gold_gain":0,"player_choice":"Gave Gold","damage_taken":0,"max_hp_gain":0,"max_hp_loss":0,"event_name":"Beggar","floor":20,"gold_loss":75},{"damage_healed":0,"gold_gain":0,"player_choice":"Ignored","damage_taken":0,"max_hp_gain":0,"max_hp_loss":0,"event_name":"The Mausoleum","floor":22,"gold_loss":0},{"damage_healed":0,"gold_gain":0,"player_choice":"Max HP","damage_taken":0,"max_hp_gain":0,"max_hp_loss":4,"event_name":"Winding Halls","floor":36,"gold_loss":0},{"damage_healed":0,"gold_gain":0,"player_choice":"Memory 1","damage_taken":0,"max_hp_gain":0,"max_hp_loss":0,"event_name":"SensoryStone","floor":37,"gold_loss":0}],"is_beta":false,"boss_relics":[{"not_picked":["Nuclear Battery","Runic Dome"],"picked":"Sozu"},{"not_picked":["White Beast Statue","Tiny House"],"picked":"Runic Pyramid"}],"items_purged_floors":[],"is_endless":false,"potions_floor_spawned":[1,2,4,13,18,19,25,30,33,41,44,45,46],"ascension_level":0}