{"gold_per_floor":[119,44,64,74,94,126,126,26,26,43,43],"floor_reached":11,"playtime":443,"items_purged":["Strike_R","Strike_R"],"score":109,"play_id":"c07f38b3-1340-4c6b-aa0e-46a2bda58696","local_time":"20190127121751","is_ascension_mode":true,"campfire_choices":[{"data":"Searing Blow","floor":7,"key":"SMITH"}],"neow_cost":"NONE","seed_source_timestamp":229898832776400,"circlet_count":0,"master_deck":["Strike_R","Strike_R","Strike_R","Defend_R","Defend_R","Defend_R","Defend_R","Bash","Deep Breath","Warcry","Headbutt","Iron Wave","Searing Blow+1","Dual Wield"],"special_seed":0,"relics":["Burning Blood","Magic Flower","WingedGreaves"],"potions_floor_usage":[6],"damage_taken":[{"damage":6,"enemies":"Cultist","floor":1,"turns":3},{"damage":9,"enemies":"2 Louse","floor":3,"turns":3},{"damage":0,"enemies":"Small Slimes","floor":4,"turns":3},{"damage":33,"enemies":"Exordium Thugs","floor":5,"turns":4},{"damage":17,"enemies":"3 Sentries","floor":6,"turns":5},{"damage":37,"enemies":"Gremlin Gang","floor":10,"turns":6},{"damage":37,"enemies":"Gremlin Nob","floor":11,"turns":3}],"seed_played":"1343052022203779906","potions_obtained":[{"floor":1,"key":"FairyPotion"},{"floor":3,"key":"AttackPotion"},{"floor":10,"key":"Strength Potion"}],"is_trial":false,"path_per_floor":["M","$","M","M","M","E","R","$","T","M","E"],"character_chosen":"IRONCLAD","items_purchased":[],"campfire_rested":0,"item_purchase_floors":[],"current_hp_per_floor":[72,72,69,75,48,37,37,37,37,21,0],"gold":43,"neow_bonus":"RANDOM_COLORLESS","is_prod":false,"is_daily":false,"chose_seed":false,"campfire_upgraded":1,"win_rate":0,"timestamp":1548591471,"path_taken":["M","$","M","M","M","E","R","$","T","M","E"],"build_version":"2019-01-23","purchased_purges":2,"victory":false,"max_hp_per_floor":[80,80,80,80,80,80,80,80,80,80,80],"card_choices":[{"not_picked":["Headbutt","Anger"],"picked":"Warcry","floor":1},{"not_picked":["Flex","Perfected Strike"],"picked":"Headbutt","floor":3},{"not_picked":["Dark Embrace","Carnage"],"picked":"Iron Wave","floor":4},{"not_picked":["Anger","Headbutt"],"picked":"Searing Blow","floor":5},{"not_picked":["Flex","Juggernaut"],"picked":"Dual Wield","floor":6},{"not_picked":["Twin Strike","Sword Boomerang","Perfected Strike"],"picked":"SKIP","floor":10}],"player_experience":176664,"relics_obtained":[{"floor":6,"key":"Magic Flower"},{"floor":9,"key":"WingedGreaves"}],"event_choices":[],"is_beta":false,"boss_relics":[],"items_purged_floors":[2,8],"is_endless":false,"potions_floor_spawned":[1,3,10],"killed_by":"Gremlin Nob","ascension_level":9}