{"gold_per_floor":[112,129,129,143,18,18,31,50,73,148,148,174,187,215,215,215],"floor_reached":16,"playtime":753,"items_purged":["Strike_R"],"score":112,"play_id":"540f56f6-e8cf-4ad6-8a44-c4a2c0e1b7b3","local_time":"20180722225858","is_ascension_mode":false,"campfire_choices":[{"data":"Armaments","floor":6,"key":"SMITH"},{"data":"Bash","floor":11,"key":"SMITH"},{"floor":15,"key":"REST"}],"neow_cost":"NONE","seed_source_timestamp":646815545020968,"circlet_count":0,"master_deck":["Strike_R","Strike_R","Strike_R","Strike_R","Defend_R","Defend_R","Defend_R","Defend_R","Bash+1","Ghostly Armor","Cleave","Armaments+1","Bloodletting","Warcry"],"relics":["Burning Blood","Potion Belt","Centennial Puzzle","Bag of Preparation"],"potions_floor_usage":[16],"damage_taken":[{"damage":3,"enemies":"2 Louse","floor":1,"turns":3},{"damage":5,"enemies":"Jaw Worm","floor":2,"turns":4},{"damage":5,"enemies":"Cultist","floor":4,"turns":4},{"damage":3,"enemies":"Red Slaver","floor":7,"turns":5},{"damage":7,"enemies":"Looter","floor":8,"turns":4},{"damage":11,"enemies":"Gremlin Nob","floor":12,"turns":4},{"damage":7,"enemies":"3 Louse","floor":13,"turns":5},{"damage":9,"enemies":"Lagavulin","floor":14,"turns":5},{"damage":92,"enemies":"Slime Boss","floor":16,"turns":13}],"seed_played":"-243930378472613966","potions_obtained":[{"floor":1,"key":"LiquidBronze"},{"floor":13,"key":"Poison Potion"}],"is_trial":false,"path_per_floor":["M","M","?","M","$","R","M","M","T","?","R","E","M","E","R"],"character_chosen":"IRONCLAD","items_purchased":["Armaments"],"campfire_rested":1,"item_purchase_floors":[5],"current_hp_per_floor":[80,80,85,85,85,85,85,84,84,73,73,68,67,64,85,0],"gold":215,"neow_bonus":"THREE_CARDS","is_prod":false,"is_daily":false,"chose_seed":false,"campfire_upgraded":2,"win_rate":0.0,"timestamp":1532271538,"path_taken":["M","M","?","M","$","R","M","M","T","?","R","E","M","E","R","BOSS"],"build_version":"2018-07-19v2","purchased_purges":1,"victory":false,"max_hp_per_floor":[80,80,85,85,85,85,85,85,85,85,85,85,85,85,85,85],"card_choices":[{"not_picked":["Fire Breathing","Iron Wave"],"picked":"Ghostly Armor","floor":1},{"not_picked":["Body Slam","Whirlwind"],"picked":"Cleave","floor":2},{"not_picked":["Body Slam","True Grit","Heavy Blade"],"picked":"SKIP","floor":4},{"not_picked":["Armaments","Bloodletting","Headbutt"],"picked":"SKIP","floor":7},{"not_picked":["Intimidate","True Grit","Pummel"],"picked":"SKIP","floor":8},{"not_picked":["Fiend Fire","Headbutt"],"picked":"Bloodletting","floor":12},{"not_picked":["Hemokinesis","Body Slam","True Grit"],"picked":"SKIP","floor":13},{"not_picked":["Disarm","Exhume"],"picked":"Warcry","floor":14}],"player_experience":61977,"relics_obtained":[{"floor":9,"key":"Potion Belt"},{"floor":12,"key":"Centennial Puzzle"},{"floor":14,"key":"Bag of Preparation"}],"event_choices":[{"event_name":"Big Fish","player_choice":"Donut","floor":3,"damage_taken":0},{"event_name":"World of Goop","player_choice":"Gather Gold","floor":10,"damage_taken":0}],"is_beta":false,"boss_relics":[],"items_purged_floors":[5],"is_endless":false,"potions_floor_spawned":[1,13],"killed_by":"Slime Boss","ascension_level":0}