{"gold_per_floor":[116,116,42,62,79,108,125,125,151,182,182,182,93,58,58,154,154,168,168,182,182,37,69,69,69,69,69,69,45,61,79,79,79],"floor_reached":33,"playtime":1286,"items_purged":["Defend_B"],"score":271,"play_id":"6475dd02-3c08-45f6-a2bb-02bb7d32df0b","local_time":"20181229115916","is_ascension_mode":false,"campfire_choices":[{"floor":8,"key":"REST"},{"floor":12,"key":"REST"},{"floor":15,"key":"REST"},{"floor":25,"key":"REST"},{"floor":32,"key":"REST"}],"neow_cost":"NONE","seed_source_timestamp":3100775620659,"circlet_count":0,"master_deck":["Strike_B+1","Strike_B","Strike_B+1","Strike_B","Defend_B","Defend_B","Defend_B","Zap","Dualcast","Ball Lightning","Streamline","Leap","Chaos","Stack","Cold Snap","Sweeping Beam","Melter","Sunder","Conserve Battery","Reboot","Barrage+1","Redo","RitualDagger","Thunder Strike","Rainbow","Necronomicurse","Streamline","Leap+1","Leap"],"relics":["Cracked Core","Art of War","Happy Flower","Orichalcum","Nloth\u0027s Gift","Ornamental Fan","Meat on the Bone","Necronomicon"],"potions_floor_usage":[23,30,33],"damage_taken":[{"damage":1,"enemies":"2 Louse","floor":1,"turns":3},{"damage":2,"enemies":"Jaw Worm","floor":4,"turns":2},{"damage":0,"enemies":"Cultist","floor":5,"turns":3},{"damage":26,"enemies":"3 Sentries","floor":6,"turns":6},{"damage":14,"enemies":"3 Louse","floor":7,"turns":4},{"damage":38,"enemies":"Gremlin Nob","floor":10,"turns":6},{"damage":35,"enemies":"Hexaghost","floor":16,"turns":12},{"damage":25,"enemies":"3 Byrds","floor":18,"turns":5},{"damage":0,"enemies":"Spheric Guardian","floor":20,"turns":3},{"damage":35,"enemies":"Book of Stabbing","floor":23,"turns":6},{"damage":4,"enemies":"Shelled Parasite and Fungi","floor":30,"turns":5},{"damage":16,"enemies":"Snake Plant","floor":31,"turns":4},{"damage":53,"enemies":"Automaton","floor":33,"turns":8}],"seed_played":"-3270708834203152278","potions_obtained":[{"floor":10,"key":"Strength Potion"},{"floor":16,"key":"Weak Potion"},{"floor":20,"key":"SteroidPotion"},{"floor":23,"key":"FocusPotion"}],"is_trial":false,"path_per_floor":["M","?","$","M","M","E","M","R","T","E","?","R","$","?","R","B",null,"M","?","M","?","$","E","?","R","T","?","?","$","M","M","R","B"],"character_chosen":"DEFECT","items_purchased":["Streamline","Leap","Sunder","Conserve Battery","Thunder Strike","Streamline"],"campfire_rested":5,"item_purchase_floors":[3,3,13,13,22,29],"current_hp_per_floor":[81,65,65,63,63,37,23,47,47,9,9,33,33,53,77,42,82,57,57,57,51,51,16,16,40,40,24,24,24,32,28,52,0],"gold":79,"neow_bonus":"TEN_PERCENT_HP_BONUS","is_prod":false,"is_daily":false,"chose_seed":false,"campfire_upgraded":0,"win_rate":0.0,"timestamp":1546081156,"path_taken":["M","?","$","M","M","E","M","R","T","E","?","R","$","?","R","BOSS","M","?","?","?","$","E","?","R","T","?","?","$","M","M","R","BOSS"],"build_version":"2018-12-20","purchased_purges":1,"victory":false,"max_hp_per_floor":[82,82,82,82,82,82,82,82,82,82,82,82,82,82,82,82,82,82,82,82,82,82,82,82,82,82,82,82,82,82,82,82,82],"card_choices":[{"not_picked":["Barrage","Hologram"],"picked":"Ball Lightning","floor":1},{"not_picked":["Skim","Capacitor"],"picked":"Chaos","floor":4},{"not_picked":["Compile Driver","Glacier"],"picked":"Stack","floor":5},{"not_picked":["Steam Power","Chill"],"picked":"Cold Snap","floor":6},{"not_picked":["Barrage","Cold Snap"],"picked":"Sweeping Beam","floor":7},{"not_picked":["Creative AI","Consume"],"picked":"Melter","floor":10},{"not_picked":["Machine Learning","All For One"],"picked":"Reboot","floor":16},{"not_picked":["Sweeping Beam+1","FTL+1"],"picked":"Barrage+1","floor":18},{"not_picked":["Conserve Battery","Chill"],"picked":"Redo","floor":20},{"not_picked":["Thunder Strike","Sweeping Beam"],"picked":"Rainbow","floor":23},{"not_picked":["Turbo","Chill"],"picked":"Leap+1","floor":30},{"not_picked":["Compile Driver","Fusion"],"picked":"Leap","floor":31}],"player_experience":59943,"relics_obtained":[{"floor":6,"key":"Art of War"},{"floor":9,"key":"Happy Flower"},{"floor":10,"key":"Orichalcum"},{"floor":23,"key":"Ornamental Fan"},{"floor":26,"key":"Meat on the Bone"},{"floor":27,"key":"Necronomicon"}],"event_choices":[{"damage_healed":0,"gold_gain":0,"player_choice":"Entered Light","damage_taken":16,"max_hp_gain":0,"max_hp_loss":0,"event_name":"Shining Light","floor":2,"gold_loss":0,"cards_upgraded":["Strike_B","Strike_B"]},{"damage_healed":0,"gold_gain":0,"player_choice":"Ignored","damage_taken":0,"max_hp_gain":0,"max_hp_loss":0,"event_name":"Golden Idol","floor":11,"gold_loss":0},{"damage_healed":20,"gold_gain":0,"player_choice":"Healed","damage_taken":0,"max_hp_gain":0,"max_hp_loss":0,"event_name":"The Cleric","floor":14,"gold_loss":35},{"damage_healed":0,"gold_gain":0,"player_choice":"Traded Relic","damage_taken":0,"relics_obtained":["Nloth\u0027s Gift"],"max_hp_gain":0,"max_hp_loss":0,"event_name":"N\u0027loth","floor":19,"relics_lost":["Philosopher\u0027s Stone"],"gold_loss":0},{"damage_healed":0,"gold_gain":0,"player_choice":"Joined the Cult","damage_taken":6,"max_hp_gain":0,"max_hp_loss":0,"event_name":"Nest","floor":21,"gold_loss":0,"cards_obtained":["RitualDagger"]},{"damage_healed":0,"gold_gain":0,"player_choice":"Ignored","damage_taken":0,"max_hp_gain":0,"max_hp_loss":0,"event_name":"Ghosts","floor":24,"gold_loss":0},{"damage_healed":0,"gold_gain":0,"player_choice":"Obtained Book","damage_taken":16,"max_hp_gain":0,"max_hp_loss":0,"event_name":"Cursed Tome","floor":27,"gold_loss":0},{"damage_healed":0,"gold_gain":0,"player_choice":"Ignored","damage_taken":0,"max_hp_gain":0,"max_hp_loss":0,"event_name":"The Mausoleum","floor":28,"gold_loss":0}],"is_beta":false,"boss_relics":[{"not_picked":["Busted Crown","White Beast Statue"],"picked":"Philosopher\u0027s Stone"}],"items_purged_floors":[22],"is_endless":false,"potions_floor_spawned":[10,16,20,23],"killed_by":"Automaton","ascension_level":0}