{"gold_per_floor":[218,73,83,83,99,99,115,115,115,40,54,54,54,68,68,166,166,185,197,213,231,53,53,68,82,82,82,101,101,101,115,115,218,218,229,66,82,82,96,96,107,107,157,173,173,23,34,52,52,52],"floor_reached":50,"playtime":4363,"items_purged":["Defend_B","Strike_B","Defend_B+1","Strike_B+1"],"score":467,"play_id":"eabc9af1-cf03-4b61-8894-97c920365d54","local_time":"20190105025305","is_ascension_mode":false,"campfire_choices":[{"data":"Beam Cell","floor":6,"key":"SMITH"},{"data":"Conserve Battery","floor":8,"key":"SMITH"},{"data":"Conserve Battery","floor":13,"key":"SMITH"},{"data":"Zap","floor":15,"key":"SMITH"},{"floor":23,"key":"REST"},{"floor":30,"key":"REST"},{"data":"Reboot","floor":32,"key":"SMITH"},{"floor":40,"key":"REST"},{"floor":42,"key":"REST"},{"data":"White Noise","floor":45,"key":"SMITH"},{"floor":49,"key":"REST"}],"neow_cost":"NONE","seed_source_timestamp":1221437705558077,"circlet_count":0,"master_deck":["Strike_B+1","Strike_B+1","Defend_B+1","Zap+1","Dualcast","Conserve Battery+1","All For One","Beam Cell+1","Conserve Battery+1","Reboot+1","Seek","Beam Cell","Coolheaded","Gash+1","FTL","Gash","Ghostly","Ghostly","Ghostly","Ghostly","Ghostly","Chill","Core Surge","White Noise+1","Go for the Eyes+1"],"relics":["Cracked Core"],"potions_floor_usage":[7,16,33,47,50,50],"damage_taken":[{"damage":2,"enemies":"Jaw Worm","floor":1,"turns":4},{"damage":1,"enemies":"Cultist","floor":3,"turns":4},{"damage":0,"enemies":"Small Slimes","floor":5,"turns":3},{"damage":1,"enemies":"Gremlin Gang","floor":7,"turns":4},{"damage":0,"enemies":"Lots of Slimes","floor":11,"turns":5},{"damage":10,"enemies":"Large Slime","floor":14,"turns":7},{"damage":65,"enemies":"Hexaghost","floor":16,"turns":11},{"damage":0,"enemies":"Shell Parasite","floor":18,"turns":5},{"damage":13,"enemies":"Spheric Guardian","floor":19,"turns":4},{"damage":27,"enemies":"Snecko","floor":20,"turns":7},{"damage":0,"enemies":"Chosen and Byrds","floor":21,"turns":4},{"damage":14,"enemies":"Snake Plant","floor":24,"turns":6},{"damage":9,"enemies":"Snecko","floor":25,"turns":7},{"damage":0,"enemies":"Centurion and Healer","floor":28,"turns":6},{"damage":3,"enemies":"Cultist and Chosen","floor":31,"turns":7},{"damage":15,"enemies":"Collector","floor":33,"turns":11},{"damage":2,"enemies":"3 Darklings","floor":35,"turns":5},{"damage":1,"enemies":"Orb Walker","floor":37,"turns":4},{"damage":21,"enemies":"Writhing Mass","floor":39,"turns":7},{"damage":1,"enemies":"Transient","floor":41,"turns":5},{"damage":0,"enemies":"Spire Growth","floor":44,"turns":5},{"damage":15,"enemies":"Sphere and 2 Shapes","floor":47,"turns":6},{"damage":0,"enemies":"Maw","floor":48,"turns":7},{"damage":48,"enemies":"Donu and Deca","floor":50,"turns":8}],"seed_played":"2242463227485563588","potions_obtained":[{"floor":5,"key":"FearPotion"},{"floor":7,"key":"Fruit Juice"},{"floor":14,"key":"Fire Potion"},{"floor":16,"key":"Dexterity Potion"},{"floor":18,"key":"Poison Potion"},{"floor":20,"key":"Block Potion"},{"floor":21,"key":"Energy Potion"},{"floor":37,"key":"LiquidBronze"}],"is_trial":false,"path_per_floor":["M","$","M","?","M","R","M","R","T","$","M","?","R","M","R","B",null,"M","M","M","M","$","R","M","M","T","?","M","?","R","M","R","B",null,"M","$","M","?","M","R","M","R","T","M","R","$","M","M","R","B"],"character_chosen":"DEFECT","items_purchased":["All For One","FTL","White Noise"],"campfire_rested":5,"item_purchase_floors":[2,22,36],"current_hp_per_floor":[73,73,72,72,72,72,76,76,76,76,76,76,76,66,66,1,80,80,67,40,40,40,64,50,41,41,40,40,40,40,37,37,22,40,38,38,37,37,16,28,27,39,39,39,39,39,24,24,36,0],"gold":52,"neow_bonus":"HUNDRED_GOLD","is_prod":false,"is_daily":false,"chose_seed":false,"campfire_upgraded":6,"win_rate":0,"timestamp":1546669385,"path_taken":["M","$","M","?","M","R","M","R","T","?","M","?","R","?","R","BOSS","M","M","M","M","$","R","?","M","T","?","M","?","R","M","R","BOSS","M","$","M","?","M","R","M","R","T","M","R","$","M","?","R","BOSS"],"build_version":"2019-01-03v4","purchased_purges":4,"victory":false,"max_hp_per_floor":[75,75,75,75,75,75,80,80,80,80,80,80,80,80,80,80,80,80,80,80,80,80,80,80,80,80,40,40,40,40,40,40,40,40,40,40,40,40,40,40,40,40,40,40,40,40,40,40,40,40],"card_choices":[{"not_picked":["Rebound","Streamline"],"picked":"Conserve Battery","floor":1},{"not_picked":["Static Discharge","Chaos","Ball Lightning"],"picked":"SKIP","floor":3},{"not_picked":["Streamline","Stack"],"picked":"Beam Cell","floor":5},{"not_picked":["Steam Power","Glacier"],"picked":"Conserve Battery","floor":7},{"not_picked":["Stack","Double Energy","Rip and Tear"],"picked":"SKIP","floor":11},{"not_picked":["Steam","Streamline"],"picked":"Reboot","floor":14},{"not_picked":["Rainbow","Core Surge"],"picked":"Seek","floor":16},{"not_picked":["Compile Driver","Stack","Rebound"],"picked":"SKIP","floor":18},{"not_picked":["Stack","Genetic Algorithm"],"picked":"Beam Cell","floor":19},{"not_picked":["Self Repair","Capacitor+1"],"picked":"Coolheaded","floor":20},{"not_picked":["Leap","Turbo"],"picked":"Gash+1","floor":21},{"not_picked":["Melter","Tempest+1","Streamline"],"picked":"SKIP","floor":24},{"not_picked":["Redo","Coolheaded+1"],"picked":"Gash","floor":25},{"not_picked":["Consume","Amplify"],"picked":"Chill","floor":28},{"not_picked":["Storm","Go for the Eyes","Melter+1"],"picked":"SKIP","floor":31},{"not_picked":["Multi-Cast","Biased Cognition"],"picked":"Core Surge","floor":33},{"not_picked":["Heatsinks","Leap+1","Redo"],"picked":"SKIP","floor":35},{"not_picked":["Hologram","Blizzard"],"picked":"Go for the Eyes+1","floor":37},{"not_picked":["Melter+1","Turbo+1","Steam"],"picked":"SKIP","floor":39},{"not_picked":["Streamline","Rainbow","Reinforced Body+1"],"picked":"SKIP","floor":41},{"not_picked":["Conserve Battery+1","Redo+1","Turbo"],"picked":"SKIP","floor":44},{"not_picked":["Turbo+1","Redo+1","Heatsinks+1"],"picked":"SKIP","floor":47},{"not_picked":["Steam+1","Hologram+1","Stack+1"],"picked":"SKIP","floor":48}],"player_experience":141702,"relics_obtained":[],"event_choices":[{"cards_removed":["Defend_B"],"damage_healed":0,"gold_gain":0,"player_choice":"Offered Basic","damage_taken":0,"max_hp_gain":0,"max_hp_loss":0,"event_name":"Bonfire Elementals","floor":4,"gold_loss":0},{"damage_healed":0,"gold_gain":0,"player_choice":"Ignored","damage_taken":0,"max_hp_gain":0,"max_hp_loss":0,"event_name":"WeMeetAgain","floor":12,"gold_loss":0},{"damage_healed":0,"gold_gain":0,"player_choice":"Became a Ghost","damage_taken":0,"max_hp_gain":0,"max_hp_loss":40,"event_name":"Ghosts","floor":27,"gold_loss":0,"cards_obtained":["Ghostly","Ghostly","Ghostly","Ghostly","Ghostly"]},{"damage_healed":0,"gold_gain":0,"player_choice":"Simplicity","damage_taken":0,"max_hp_gain":0,"max_hp_loss":0,"event_name":"Back to Basics","floor":29,"gold_loss":0,"cards_upgraded":["Strike_B","Strike_B","Strike_B","Defend_B","Defend_B"]},{"damage_healed":0,"gold_gain":0,"player_choice":"Bought 0 Potions","damage_taken":0,"max_hp_gain":0,"max_hp_loss":0,"event_name":"The Woman in Blue","floor":38,"gold_loss":0}],"is_beta":false,"boss_relics":[{"not_picked":["Snecko Eye","Nuclear Battery","Inserter"]},{"not_picked":["Coffee Dripper","White Beast Statue","Astrolabe"]}],"items_purged_floors":[10,22,36,46],"is_endless":false,"potions_floor_spawned":[5,7,14,16,18,20,21,28,37],"killed_by":"Donu and Deca","ascension_level":0}