{"gold_per_floor":[112,112,125,135,135,170,170,204,204,221,221,232,232,266,266,362,362,373,298,72,92,102,102,114,114,138,148,159,23,23,42,42,142,142,158,158],"floor_reached":36,"playtime":1459,"items_purged":["Strike_B","Strike_B"],"score":483,"play_id":"b1b8d1cf-6780-45c9-aecd-3e0dad7b113d","local_time":"20190119043857","is_ascension_mode":true,"campfire_choices":[{"floor":7,"key":"REST"},{"floor":11,"key":"REST"},{"floor":13,"key":"REST"},{"floor":15,"key":"REST"},{"floor":23,"key":"REST"},{"floor":25,"key":"REST"},{"floor":32,"key":"REST"}],"neow_cost":"NONE","seed_source_timestamp":710896101192851,"circlet_count":0,"master_deck":["Strike_B","Defend_B","Defend_B","Defend_B","Zap","Dualcast","Gash","Core Surge","Conserve Battery","Conserve Battery","White Noise","Biased Cognition","FTL","Electrodynamics","White Noise","Gash+1","Loop+1","Electrodynamics","Defragment","Gash+1","Core Surge","Conserve Battery+1"],"relics":["Cracked Core","NeowsBlessing","Lantern","Question Card","Happy Flower","Bag of Preparation","Peace Pipe","Sozu","Bag of Marbles","Velvet Choker"],"potions_floor_usage":[8],"damage_taken":[{"damage":0,"enemies":"2 Louse","floor":1,"turns":1},{"damage":0,"enemies":"Cultist","floor":3,"turns":1},{"damage":0,"enemies":"Jaw Worm","floor":4,"turns":1},{"damage":30,"enemies":"Gremlin Nob","floor":6,"turns":4},{"damage":30,"enemies":"Lagavulin","floor":8,"turns":6},{"damage":25,"enemies":"Gremlin Gang","floor":10,"turns":3},{"damage":6,"enemies":"Looter","floor":12,"turns":3},{"damage":28,"enemies":"3 Sentries","floor":14,"turns":8},{"damage":29,"enemies":"Hexaghost","floor":16,"turns":9},{"damage":28,"enemies":"Spheric Guardian","floor":18,"turns":4},{"damage":10,"enemies":"2 Thieves","floor":21,"turns":2},{"damage":21,"enemies":"Shelled Parasite and Fungi","floor":22,"turns":4},{"damage":5,"enemies":"3 Cultists","floor":24,"turns":3},{"damage":7,"enemies":"Centurion and Healer","floor":27,"turns":3},{"damage":5,"enemies":"Snecko","floor":28,"turns":3},{"damage":0,"enemies":"3 Cultists","floor":31,"turns":2},{"damage":36,"enemies":"Automaton","floor":33,"turns":6},{"damage":33,"enemies":"3 Darklings","floor":35,"turns":2},{"damage":35,"enemies":"3 Shapes","floor":36,"turns":1}],"seed_played":"7932731141073050968","potions_obtained":[{"floor":4,"key":"Poison Potion"},{"floor":6,"key":"Strength Potion"},{"floor":14,"key":"Poison Potion"},{"floor":16,"key":"Energy Potion"}],"is_trial":false,"path_per_floor":["M","?","M","M","?","E","R","E","T","M","R","M","R","E","R","B",null,"M","?","$","M","M","R","M","R","T","M","M","$","?","M","R","B",null,"M","M"],"character_chosen":"DEFECT","items_purchased":["Electrodynamics","Defragment"],"campfire_rested":7,"item_purchase_floors":[20,29],"current_hp_per_floor":[75,75,75,75,75,45,67,37,37,12,34,28,50,22,44,15,60,32,32,32,22,1,23,18,40,40,33,28,28,28,28,50,14,60,27,0],"gold":158,"neow_bonus":"THREE_ENEMY_KILL","is_prod":false,"is_daily":false,"chose_seed":false,"campfire_upgraded":0,"win_rate":0,"timestamp":1547885337,"path_taken":["M","?","M","?","?","E","R","E","T","M","R","?","R","E","R","BOSS","M","?","$","M","M","R","M","R","T","M","M","$","?","M","R","BOSS","M","?"],"build_version":"2019-01-17v2","purchased_purges":2,"victory":false,"max_hp_per_floor":[75,75,75,75,75,75,75,75,75,75,75,75,75,75,75,75,75,75,75,75,75,75,75,75,75,75,75,75,75,75,75,75,75,75,75,75],"card_choices":[{"not_picked":["Hologram","Sweeping Beam","Ball Lightning"],"picked":"SKIP","floor":1},{"not_picked":["Barrage","Reinforced Body"],"picked":"Gash","floor":3},{"not_picked":["Stack","Force Field","Leap"],"picked":"SKIP","floor":4},{"not_picked":["Reprogram","Heatsinks","Stack"],"picked":"SKIP","floor":6},{"not_picked":["Barrage","Fusion","Rebound"],"picked":"Core Surge","floor":8},{"not_picked":["Loop","Fusion","Steam Power"],"picked":"Conserve Battery","floor":10},{"not_picked":["Storm","Leap","Barrage"],"picked":"Conserve Battery","floor":12},{"not_picked":["Sweeping Beam","Turbo","Beam Cell"],"picked":"White Noise","floor":14},{"not_picked":["Hyperbeam","All For One","Fission"],"picked":"Biased Cognition","floor":16},{"not_picked":["Leap+1","Beam Cell","Consume"],"picked":"FTL","floor":18},{"not_picked":["Lockon","Cold Snap","Loop"],"picked":"White Noise","floor":21},{"not_picked":["Turbo","Conserve Battery","Rebound"],"picked":"Gash+1","floor":22},{"not_picked":["Conserve Battery+1","Rip and Tear","Beam Cell"],"picked":"Loop+1","floor":24},{"not_picked":["Reboot","Conserve Battery","Coolheaded","Rebound"],"picked":"SKIP","floor":27},{"not_picked":["Undo","Rebound","Hologram+1"],"picked":"Electrodynamics","floor":28},{"not_picked":["Streamline","Compile Driver","Turbo+1","Barrage"],"picked":"SKIP","floor":31},{"not_picked":["Multi-Cast","Amplify","Meteor Strike"],"picked":"Core Surge","floor":33},{"not_picked":["Lockon+1","Blizzard","Sweeping Beam"],"picked":"Conserve Battery+1","floor":35}],"player_experience":183553,"relics_obtained":[{"floor":6,"key":"Question Card"},{"floor":8,"key":"Happy Flower"},{"floor":9,"key":"Bag of Preparation"},{"floor":14,"key":"Peace Pipe"},{"floor":26,"key":"Bag of Marbles"}],"event_choices":[{"cards_removed":["Defend_B"],"damage_healed":0,"gold_gain":0,"player_choice":"Purged","damage_taken":0,"max_hp_gain":0,"max_hp_loss":0,"event_name":"Purifier","floor":2,"gold_loss":0},{"damage_healed":0,"gold_gain":0,"player_choice":"Gave Potion","damage_taken":0,"relics_obtained":["Lantern"],"max_hp_gain":0,"max_hp_loss":0,"event_name":"WeMeetAgain","floor":5,"gold_loss":0},{"cards_removed":["Strike_B"],"damage_healed":0,"gold_gain":0,"player_choice":"Gave Gold","damage_taken":0,"max_hp_gain":0,"max_hp_loss":0,"event_name":"Beggar","floor":19,"gold_loss":75},{"damage_healed":0,"gold_gain":0,"player_choice":"Copied","damage_taken":0,"max_hp_gain":0,"max_hp_loss":0,"event_name":"Duplicator","floor":30,"gold_loss":0,"cards_obtained":["Gash"]}],"is_beta":false,"boss_relics":[{"not_picked":["Cursed Key","FrozenCore"],"picked":"Sozu"},{"not_picked":["Runic Dome","White Beast Statue"],"picked":"Velvet Choker"}],"items_purged_floors":[20,29],"is_endless":false,"potions_floor_spawned":[4,6,14,16,18,22,24,28,31],"killed_by":"3 Shapes","ascension_level":5}