{"gold_per_floor":[117,131,131,146,161,161,60,98,123,23,42,61,61,75,75,195,195,209,232,61,80,60,60],"floor_reached":23,"playtime":1075,"items_purged":["Strike_G","Strike_G"],"score":273,"play_id":"89995a40-c602-4533-b108-0fdfc606fa64","local_time":"20190114123531","is_ascension_mode":true,"campfire_choices":[{"data":"Bouncing Flask","floor":6,"key":"SMITH"},{"floor":13,"key":"REST"},{"data":"Noxious Fumes","floor":15,"key":"SMITH"}],"neow_cost":"NONE","seed_source_timestamp":3242918067347742,"circlet_count":0,"master_deck":["Defend_G","Defend_G","Defend_G","Defend_G","Defend_G","Strike_G","Strike_G","Strike_G","Survivor","Neutralize","Bouncing Flask+1","Dodge and Roll","Backstab","Poisoned Stab","Noxious Fumes+1","Bane","Malaise","Deadly Poison","Venomology","Backflip","Backflip","The Bomb","Leg Sweep"],"relics":["Ring of the Snake","Golden Idol","PreservedInsect","Juzu Bracelet","Orrery"],"potions_floor_usage":[16,18,18,19,21,21,21,23],"damage_taken":[{"damage":0,"enemies":"Small Slimes","floor":1,"turns":3},{"damage":3,"enemies":"Jaw Worm","floor":2,"turns":4},{"damage":0,"enemies":"Cultist","floor":4,"turns":3},{"damage":3,"enemies":"3 Louse","floor":5,"turns":4},{"damage":16,"enemies":"Gremlin Nob","floor":8,"turns":4},{"damage":0,"enemies":"2 Fungi Beasts","floor":11,"turns":4},{"damage":15,"enemies":"Large Slime","floor":12,"turns":7},{"damage":2,"enemies":"Looter","floor":14,"turns":3},{"damage":15,"enemies":"The Guardian","floor":16,"turns":8},{"damage":14,"enemies":"Chosen","floor":18,"turns":5},{"damage":16,"enemies":"3 Byrds","floor":19,"turns":6},{"damage":22,"enemies":"3 Cultists","floor":21,"turns":5},{"damage":27,"enemies":"Book of Stabbing","floor":23,"turns":3}],"seed_played":"-6846893238785099709","potions_obtained":[{"floor":1,"key":"Poison Potion"},{"floor":4,"key":"Weak Potion"},{"floor":8,"key":"Swift Potion"},{"floor":16,"key":"SteroidPotion"},{"floor":18,"key":"Strength Potion"},{"floor":22,"key":"SkillPotion"}],"is_trial":false,"path_per_floor":["M","M","?","M","M","R","$","E","T","$","M","M","R","M","R","B",null,"M","M","$","M","?","E"],"character_chosen":"THE_SILENT","items_purchased":["Poisoned Stab","The Bomb"],"campfire_rested":1,"item_purchase_floors":[7,20],"current_hp_per_floor":[70,67,67,67,64,64,64,48,48,48,48,33,54,52,52,37,63,49,33,33,11,11,0],"gold":60,"neow_bonus":"TEN_PERCENT_HP_BONUS","is_prod":false,"is_daily":false,"chose_seed":false,"campfire_upgraded":2,"win_rate":0,"timestamp":1547465731,"path_taken":["M","M","?","M","M","R","$","E","T","$","M","M","R","M","R","BOSS","M","M","$","M","?","E"],"build_version":"2019-01-10","purchased_purges":2,"victory":false,"max_hp_per_floor":[77,77,71,71,71,71,71,71,71,71,71,71,71,71,71,71,71,71,71,71,71,71,71],"card_choices":[{"not_picked":["Well Laid Plans","Blur"],"picked":"Bouncing Flask","floor":1},{"not_picked":["Blade Dance","Expertise"],"picked":"Dodge and Roll","floor":2},{"not_picked":["Dodge and Roll","Riddle With Holes"],"picked":"Backstab","floor":4},{"not_picked":["Acrobatics","PiercingWail","Quick Slash"],"picked":"SKIP","floor":5},{"not_picked":["Acrobatics","Tactician"],"picked":"Noxious Fumes","floor":8},{"not_picked":["Finisher","Endless Agony","Slice"],"picked":"SKIP","floor":11},{"not_picked":["Leg Sweep","Poisoned Stab"],"picked":"Bane","floor":12},{"not_picked":["Blade Dance","Riddle With Holes","Dodge and Roll"],"picked":"SKIP","floor":14},{"not_picked":["Tools of the Trade","Wraith Form v2"],"picked":"Malaise","floor":16},{"not_picked":["Quick Slash","Underhanded Strike"],"picked":"Deadly Poison","floor":17},{"not_picked":["Acrobatics","Dodge and Roll"],"picked":"Venomology","floor":17},{"not_picked":["Slice","Eviscerate+1"],"picked":"Backflip","floor":18},{"not_picked":["Finisher","Dodge and Roll"],"picked":"Backflip","floor":19},{"not_picked":["Cloak And Dagger","Bane"],"picked":"Leg Sweep","floor":21}],"player_experience":729494,"relics_obtained":[{"floor":8,"key":"PreservedInsect"},{"floor":9,"key":"Juzu Bracelet"}],"event_choices":[{"damage_healed":0,"gold_gain":0,"player_choice":"Lose Max HP","damage_taken":0,"relics_obtained":["Golden Idol"],"max_hp_gain":0,"max_hp_loss":6,"event_name":"Golden Idol","floor":3,"gold_loss":0},{"damage_healed":0,"gold_gain":0,"player_choice":"Bought 1 Potion","damage_taken":0,"max_hp_gain":0,"max_hp_loss":0,"event_name":"The Woman in Blue","floor":22,"gold_loss":0}],"is_beta":false,"boss_relics":[{"not_picked":["Snecko Eye","Velvet Choker"],"picked":"Orrery"}],"items_purged_floors":[7,10],"is_endless":false,"potions_floor_spawned":[1,4,8,14,16,18],"killed_by":"Book of Stabbing","ascension_level":8}