{"gold_per_floor":[116,116,129,129,139,165,165,194,206,218,245,257,269,67,67,162,162,172,183,194,211,230,255,59,84,84,84,3,3,35,49,49,49],"floor_reached":33,"playtime":2433,"items_purged":["Regret"],"score":360,"play_id":"a8686b64-fd13-427f-a4c4-4e1f4a82115d","local_time":"20181212224257","is_ascension_mode":true,"campfire_choices":[{"data":"Caltrops","floor":7,"key":"SMITH"},{"floor":10,"key":"REST"},{"floor":12,"key":"REST"},{"data":"Neutralize","floor":15,"key":"SMITH"},{"floor":27,"key":"REST"},{"data":"Noxious Fumes","floor":29,"key":"SMITH"},{"floor":32,"key":"REST"}],"neow_cost":"NONE","seed_source_timestamp":388528723482151,"circlet_count":0,"master_deck":["Defend_G","Defend_G","Defend_G","Defend_G","Defend_G","Strike_G","Strike_G","Strike_G","Strike_G","Strike_G","Survivor","Neutralize+1","Slice","Caltrops+1","Blur","Deflect","Masterful Stab","Dash+1","Flying Knee+1","Mind Blast+1","Glass Knife+1","PiercingWail","All Out Attack+1","Well Laid Plans","Footwork","Die Die Die+1","Metamorphosis+1","PiercingWail+1","Noxious Fumes+1","Backstab+1"],"relics":["Ring of the Snake","Bronze Scales","Mango","MawBank","Molten Egg 2","FaceOfCleric","Black Star","Toxic Egg 2","Art of War","Regal Pillow","Question Card","Sundial","Red Mask"],"potions_floor_usage":[6,8,16,21,22,30,33],"damage_taken":[{"damage":0,"enemies":"2 Louse","floor":1,"turns":3},{"damage":3,"enemies":"Cultist","floor":3,"turns":4},{"damage":6,"enemies":"Jaw Worm","floor":5,"turns":4},{"damage":35,"enemies":"Lagavulin","floor":6,"turns":11},{"damage":17,"enemies":"Gremlin Nob","floor":8,"turns":5},{"damage":0,"enemies":"3 Louse","floor":11,"turns":2},{"damage":34,"enemies":"Slime Boss","floor":16,"turns":12},{"damage":10,"enemies":"2 Thieves","floor":18,"turns":3},{"damage":0,"enemies":"Chosen","floor":19,"turns":4},{"damage":2,"enemies":"Snake Plant","floor":20,"turns":3},{"damage":8,"enemies":"Centurion and Healer","floor":21,"turns":5},{"damage":2,"enemies":"Snecko","floor":22,"turns":5},{"damage":29,"enemies":"Book of Stabbing","floor":23,"turns":7},{"damage":14,"enemies":"Slavers","floor":25,"turns":4},{"damage":25,"enemies":"Masked Bandits","floor":30,"turns":5},{"damage":1,"enemies":"Chosen and Byrds","floor":31,"turns":4},{"damage":106,"enemies":"Collector","floor":33,"turns":8}],"seed_played":"1712567127714411383","potions_obtained":[{"floor":3,"key":"Poison Potion"},{"floor":5,"key":"Ancient Potion"},{"floor":6,"key":"Block Potion"},{"floor":8,"key":"SkillPotion"},{"floor":18,"key":"SmokeBomb"},{"floor":19,"key":"Explosive Potion"},{"floor":21,"key":"Block Potion"},{"floor":25,"key":"FearPotion"},{"floor":31,"key":"SpeedPotion"}],"is_trial":false,"path_per_floor":["M","?","M","?","M","E","R","E","T","R","M","R","?","$","R","B",null,"M","M","M","M","M","E","$","E","T","R","$","R","?","M","R","B"],"character_chosen":"THE_SILENT","items_purchased":["Flying Knee+1","Mind Blast+1","Metamorphosis+1","PiercingWail+1","Noxious Fumes"],"campfire_rested":4,"item_purchase_floors":[14,14,24,24,28],"current_hp_per_floor":[77,77,74,74,68,47,47,30,30,57,57,84,84,84,84,51,92,83,84,83,76,75,47,47,34,34,78,78,78,54,54,99,0],"gold":49,"neow_bonus":"TEN_PERCENT_HP_BONUS","is_prod":false,"is_daily":false,"chose_seed":false,"campfire_upgraded":3,"win_rate":0,"timestamp":1544650977,"path_taken":["M","?","M","?","M","E","R","E","T","R","M","R","?","$","R","BOSS","M","M","M","M","?","E","$","E","T","R","?","R","?","M","R","BOSS"],"build_version":"2018-12-06","purchased_purges":1,"victory":false,"max_hp_per_floor":[77,77,77,77,77,91,91,91,91,91,91,91,91,91,91,92,92,93,94,95,96,97,98,98,99,99,99,99,99,100,101,101,101],"card_choices":[{"not_picked":["Dagger Throw","Escape Plan"],"picked":"Slice","floor":1},{"not_picked":["Cloak And Dagger","Eviscerate"],"picked":"Caltrops","floor":3},{"not_picked":["Sucker Punch","Bane"],"picked":"Blur","floor":5},{"not_picked":["Underhanded Strike","Predator"],"picked":"Deflect","floor":6},{"not_picked":["Bullet Time","Quick Slash"],"picked":"Masterful Stab","floor":8},{"not_picked":["Expertise","Underhanded Strike+1"],"picked":"Dash+1","floor":11},{"not_picked":["Tools of the Trade","Burst"],"picked":"Glass Knife+1","floor":16},{"not_picked":["Calculated Gamble+1","Accuracy+1"],"picked":"PiercingWail","floor":18},{"not_picked":["Sucker Punch+1","Outmaneuver+1"],"picked":"All Out Attack+1","floor":19},{"not_picked":["Sucker Punch+1","Distraction"],"picked":"Well Laid Plans","floor":20},{"not_picked":["Poisoned Stab+1","Bouncing Flask","Flechettes+1"],"picked":"SKIP","floor":21},{"not_picked":["Tactician+1","Dash+1"],"picked":"Footwork","floor":22},{"not_picked":["Dodge and Roll+1","Tactician"],"picked":"Die Die Die+1","floor":23},{"not_picked":["Cloak And Dagger+1","Prepared+1","Poisoned Stab+1"],"picked":"SKIP","floor":25},{"not_picked":["Prepared+1","Underhanded Strike+1","Slice+1"],"picked":"Backstab+1","floor":30},{"not_picked":["Predator+1","Reflex+1","Flechettes+1","Heel Hook+1"],"picked":"SKIP","floor":31}],"player_experience":166346,"relics_obtained":[{"floor":6,"key":"Mango"},{"floor":8,"key":"MawBank"},{"floor":9,"key":"Molten Egg 2"},{"floor":23,"key":"Toxic Egg 2"},{"floor":23,"key":"Art of War"},{"floor":25,"key":"Regal Pillow"},{"floor":25,"key":"Question Card"},{"floor":26,"key":"Sundial"},{"floor":30,"key":"Red Mask"}],"event_choices":[{"damage_healed":0,"gold_gain":0,"player_choice":"Box","damage_taken":0,"relics_obtained":["Bronze Scales"],"max_hp_gain":0,"max_hp_loss":0,"event_name":"Big Fish","floor":2,"gold_loss":0,"cards_obtained":["Regret"]},{"damage_healed":0,"gold_gain":0,"player_choice":"Ignored","damage_taken":0,"max_hp_gain":0,"max_hp_loss":0,"event_name":"Liars Game","floor":4,"gold_loss":0},{"damage_healed":0,"gold_gain":0,"player_choice":"Trade","damage_taken":0,"relics_obtained":["FaceOfCleric"],"max_hp_gain":0,"max_hp_loss":0,"event_name":"FaceTrader","floor":13,"gold_loss":0},{"damage_healed":0,"gold_gain":0,"player_choice":"Fought Bandits","damage_taken":0,"max_hp_gain":0,"max_hp_loss":0,"event_name":"Masked Bandits","floor":30,"gold_loss":0}],"is_beta":false,"boss_relics":[{"not_picked":["Sozu","White Beast Statue"],"picked":"Black Star"}],"items_purged_floors":[14],"is_endless":false,"potions_floor_spawned":[3,5,6,8,18,19,21,25,31],"killed_by":"Collector","ascension_level":1}