{"gold_per_floor":[111,33,33,46,65,65,90,110,110,135,135,152,152,177,177,177],"floor_reached":16,"playtime":539,"items_purged":[],"score":198,"play_id":"3ee2bf80-e512-4353-83f0-a472ebf04bf0","local_time":"20190202142121","is_ascension_mode":true,"campfire_choices":[{"data":"Dash","floor":6,"key":"SMITH"},{"floor":13,"key":"REST"},{"floor":15,"key":"REST"}],"neow_cost":"NONE","seed_source_timestamp":443029586200,"circlet_count":0,"master_deck":["AscendersBane","Defend_G","Defend_G","Defend_G","Defend_G","Defend_G","Strike_G","Strike_G","Strike_G","Strike_G","Strike_G","Survivor","Neutralize+1","Dash+1","Die Die Die","Catalyst","Poisoned Stab","Deadly Poison","Bane"],"relics":["Ring of the Snake","Lantern","Smiling Mask","Gremlin Horn","Toxic Egg 2"],"potions_floor_usage":[7,10,10],"damage_taken":[{"damage":0,"enemies":"2 Louse","floor":1,"turns":5},{"damage":1,"enemies":"Cultist","floor":4,"turns":4},{"damage":0,"enemies":"Jaw Worm","floor":5,"turns":4},{"damage":42,"enemies":"Gremlin Nob","floor":7,"turns":5},{"damage":0,"enemies":"Looter","floor":8,"turns":3},{"damage":5,"enemies":"Lagavulin","floor":10,"turns":10},{"damage":0,"enemies":"2 Fungi Beasts","floor":12,"turns":3},{"damage":22,"enemies":"Gremlin Nob","floor":14,"turns":4},{"damage":51,"enemies":"Slime Boss","floor":16,"turns":6}],"seed_played":"141245395388491909","potions_obtained":[{"floor":3,"key":"SkillPotion"},{"floor":3,"key":"GamblersBrew"},{"floor":5,"key":"EssenceOfSteel"},{"floor":8,"key":"Dexterity Potion"},{"floor":12,"key":"Dexterity Potion"}],"is_trial":false,"path_per_floor":["M","$","?","M","M","R","E","M","T","E","?","M","R","E","R","B"],"character_chosen":"THE_SILENT","items_purchased":["Die Die Die"],"campfire_rested":2,"item_purchase_floors":[2],"current_hp_per_floor":[63,63,63,62,62,62,20,20,20,15,15,15,36,14,35,0],"gold":177,"neow_bonus":"UPGRADE_CARD","is_prod":false,"is_daily":false,"chose_seed":false,"campfire_upgraded":1,"win_rate":0,"timestamp":1549110081,"path_taken":["M","$","?","?","M","R","E","M","T","E","?","M","R","E","R","BOSS"],"build_version":"2019-01-23","purchased_purges":0,"victory":false,"max_hp_per_floor":[70,70,70,70,70,70,70,70,70,70,70,70,70,70,70,70],"card_choices":[{"not_picked":["Deflect","Prepared"],"picked":"Dash","floor":1},{"not_picked":["Cloak And Dagger","Dagger Spray"],"picked":"Catalyst","floor":4},{"not_picked":["Predator","Prepared","Accuracy"],"picked":"SKIP","floor":5},{"not_picked":["Sucker Punch","Unload","Skewer"],"picked":"SKIP","floor":7},{"not_picked":["Cloak And Dagger","Underhanded Strike","Slice"],"picked":"SKIP","floor":8},{"not_picked":["Acrobatics","Bouncing Flask"],"picked":"Poisoned Stab","floor":10},{"not_picked":["Acrobatics","Eviscerate"],"picked":"Deadly Poison","floor":12},{"not_picked":["Dodge and Roll","Burst"],"picked":"Bane","floor":14}],"player_experience":565062,"relics_obtained":[{"floor":7,"key":"Lantern"},{"floor":9,"key":"Smiling Mask"},{"floor":10,"key":"Gremlin Horn"},{"floor":14,"key":"Toxic Egg 2"}],"event_choices":[{"damage_healed":0,"gold_gain":0,"player_choice":"Got Potions","damage_taken":0,"max_hp_gain":0,"max_hp_loss":0,"event_name":"Lab","floor":3,"gold_loss":0},{"damage_healed":0,"gold_gain":0,"player_choice":"Ignored","damage_taken":0,"max_hp_gain":0,"max_hp_loss":0,"event_name":"Shining Light","floor":11,"gold_loss":0}],"is_beta":false,"boss_relics":[],"items_purged_floors":[],"is_endless":false,"potions_floor_spawned":[4,5,8,12],"killed_by":"Slime Boss","ascension_level":13}