{"gold_per_floor":[109,125,50,50,125,157,57,57,113,113,144,144,144,158,158,259,259,273,293,309,24,39,39],"floor_reached":23,"playtime":1148,"items_purged":["Defend_R","Strike_R","Strike_R"],"score":199,"play_id":"3f898d41-ddc5-4b85-bf59-5eed2f8cb871","local_time":"20190202172557","is_ascension_mode":false,"campfire_choices":[{"floor":8,"key":"REST"},{"data":"Bash","floor":10,"key":"SMITH"},{"floor":12,"key":"REST"},{"data":"Metallicize","floor":15,"key":"SMITH"}],"neow_cost":"NONE","seed_source_timestamp":251356804523769,"circlet_count":0,"master_deck":["Defend_R","Defend_R","Bash+1","Fire Breathing","Ghostly Armor","Metallicize+1","Offering","Iron Wave+1","Evolve+1","Cleave+1","True Grit","Barricade"],"relics":["Burning Blood","Happy Flower","Tiny Chest","FossilizedHelix","Astrolabe"],"potions_floor_usage":[11,13,16,16,16,23],"damage_taken":[{"damage":2,"enemies":"Small Slimes","floor":1,"turns":6},{"damage":2,"enemies":"2 Louse","floor":2,"turns":4},{"damage":49,"enemies":"Gremlin Nob","floor":6,"turns":5},{"damage":38,"enemies":"3 Sentries","floor":11,"turns":11},{"damage":0,"enemies":"Cultist","floor":14,"turns":3},{"damage":37,"enemies":"Slime Boss","floor":16,"turns":19},{"damage":17,"enemies":"3 Byrds","floor":18,"turns":6},{"damage":6,"enemies":"Chosen","floor":19,"turns":6},{"damage":28,"enemies":"Snake Plant","floor":20,"turns":7},{"damage":11,"enemies":"3 Cultists","floor":22,"turns":7},{"damage":47,"enemies":"Slavers","floor":23,"turns":2}],"seed_played":"5013468557717339014","potions_obtained":[{"floor":1,"key":"Dexterity Potion"},{"floor":6,"key":"SteroidPotion"},{"floor":11,"key":"Swift Potion"},{"floor":13,"key":"PowerPotion"},{"floor":13,"key":"Fruit Juice"},{"floor":13,"key":"Swift Potion"},{"floor":22,"key":"LiquidBronze"}],"is_trial":false,"path_per_floor":["M","M","$","?","?","E","$","R","T","R","E","R","?","M","R","B",null,"M","M","M","$","M","E"],"character_chosen":"IRONCLAD","items_purchased":["Barricade"],"campfire_rested":2,"item_purchase_floors":[21],"current_hp_per_floor":[80,80,80,80,69,26,26,50,50,50,18,42,47,53,53,22,85,74,74,52,52,47,0],"gold":39,"neow_bonus":"REMOVE_CARD","is_prod":false,"is_daily":false,"chose_seed":false,"campfire_upgraded":2,"win_rate":0,"timestamp":1549157157,"path_taken":["M","M","$","?","?","E","$","R","T","R","E","R","?","M","R","BOSS","M","M","M","$","M","E"],"build_version":"2019-01-23","purchased_purges":3,"victory":false,"max_hp_per_floor":[80,80,80,80,80,80,80,80,80,80,80,80,85,85,85,85,85,85,85,85,85,85,85],"card_choices":[{"not_picked":["Seeing Red","Clash","Infernal Blade"],"picked":"SKIP","floor":1},{"not_picked":["Clothesline","Clash"],"picked":"Fire Breathing","floor":2},{"not_picked":["Berserk","Headbutt"],"picked":"Ghostly Armor","floor":6},{"not_picked":["Clash","Twin Strike","Armaments"],"picked":"SKIP","floor":11},{"not_picked":["Berserk","True Grit"],"picked":"Metallicize","floor":14},{"not_picked":["Feed","Berserk"],"picked":"Offering","floor":16},{"not_picked":["Evolve","Wild Strike","Sentinel+1"],"picked":"SKIP","floor":18},{"not_picked":["Heavy Blade","Perfected Strike+1"],"picked":"True Grit","floor":19},{"not_picked":["Body Slam","Sever Soul+1","Cleave"],"picked":"SKIP","floor":20},{"not_picked":["Heavy Blade","Uppercut","Whirlwind+1"],"picked":"SKIP","floor":22}],"player_experience":177197,"relics_obtained":[{"floor":6,"key":"Happy Flower"},{"floor":9,"key":"Tiny Chest"},{"floor":11,"key":"FossilizedHelix"}],"event_choices":[{"damage_healed":0,"gold_gain":0,"player_choice":"Ignored","damage_taken":0,"max_hp_gain":0,"max_hp_loss":0,"event_name":"Liars Game","floor":4,"gold_loss":0},{"damage_healed":0,"gold_gain":75,"player_choice":"Gather Gold","damage_taken":11,"max_hp_gain":0,"max_hp_loss":0,"event_name":"World of Goop","floor":5,"gold_loss":0},{"damage_healed":0,"gold_gain":0,"player_choice":"Got Potions","damage_taken":0,"max_hp_gain":0,"max_hp_loss":0,"event_name":"Lab","floor":13,"gold_loss":0}],"is_beta":false,"boss_relics":[{"not_picked":["Cursed Key","Runic Cube"],"picked":"Astrolabe"}],"items_purged_floors":[3,7,21],"is_endless":false,"potions_floor_spawned":[1,6,11,22],"killed_by":"Slavers","ascension_level":0}