{"gold_per_floor":[20,95,114,114,124,124,159,174,254,254,100,100,128,148,148,253,253,264,264,71,170,183,217,217,217,217,217,217,217,217,234,234,234],"floor_reached":33,"playtime":2340,"items_purged":["Parasite"],"score":325,"play_id":"2348bf98-7931-45aa-81a9-35887a361804","local_time":"20190124163128","is_ascension_mode":true,"campfire_choices":[{"data":"Neutralize","floor":6,"key":"SMITH"},{"floor":12,"key":"REST"},{"floor":15,"key":"REST"},{"floor":24,"key":"REST"},{"data":"Venomology","floor":27,"key":"SMITH"},{"floor":29,"key":"REST"},{"floor":32,"key":"REST"}],"neow_cost":"NO_GOLD","seed_source_timestamp":677060403063400,"circlet_count":0,"master_deck":["Defend_G","Defend_G","Defend_G","Defend_G","Defend_G+1","Strike_G+1","Strike_G","Strike_G","Survivor","Neutralize+1","All Out Attack","Backflip","Flying Knee","Outmaneuver","Footwork","Blur","Venomology+1","Noxious Fumes","Escape Plan","Backflip","Concentrate","Bane","Crippling Poison"],"relics":["Ring of the Snake","The Specimen","Peace Pipe","Singing Bowl","Art of War","Black Star","Strange Spoon","Snake Skull","Centennial Puzzle","Blood Vial"],"potions_floor_usage":[16,16,23,23,23,23,28,33,33,33,33],"damage_taken":[{"damage":2,"enemies":"Small Slimes","floor":1,"turns":4},{"damage":0,"enemies":"2 Louse","floor":3,"turns":2},{"damage":3,"enemies":"Jaw Worm","floor":5,"turns":4},{"damage":19,"enemies":"Gremlin Nob","floor":7,"turns":5},{"damage":20,"enemies":"Large Slime","floor":8,"turns":6},{"damage":19,"enemies":"Lagavulin","floor":13,"turns":10},{"damage":12,"enemies":"3 Louse","floor":14,"turns":3},{"damage":27,"enemies":"The Guardian","floor":16,"turns":19},{"damage":23,"enemies":"3 Byrds","floor":18,"turns":8},{"damage":2,"enemies":"Shell Parasite","floor":22,"turns":9},{"damage":59,"enemies":"Gremlin Leader","floor":23,"turns":9},{"damage":20,"enemies":"Colosseum Slavers","floor":28,"turns":7},{"damage":18,"enemies":"Centurion and Healer","floor":31,"turns":8},{"damage":36,"enemies":"Champ","floor":33,"turns":12}],"seed_played":"8818830427950064979","potions_obtained":[{"floor":1,"key":"Weak Potion"},{"floor":3,"key":"GhostInAJar"},{"floor":7,"key":"FearPotion"},{"floor":16,"key":"Fire Potion"}],"is_trial":false,"path_per_floor":["M","?","M","?","M","R","E","M","T","?","$","R","E","M","R","B",null,"M","?","$","?","M","E","R","T","T","R","?","R","?","M","R","B"],"character_chosen":"THE_SILENT","items_purchased":["Footwork","Strange Spoon"],"campfire_rested":5,"item_purchase_floors":[11,20],"current_hp_per_floor":[68,57,57,43,40,40,21,1,1,18,18,38,19,9,29,2,69,46,69,69,69,67,8,28,28,28,28,10,30,30,14,34,0],"gold":234,"neow_bonus":"ONE_RARE_RELIC","is_prod":false,"is_daily":false,"chose_seed":false,"campfire_upgraded":2,"win_rate":0,"timestamp":1548347488,"path_taken":["M","?","M","?","M","R","E","M","T","?","$","R","E","M","R","BOSS","M","?","$","?","M","E","R","?","T","R","?","R","?","M","R","BOSS"],"build_version":"2019-01-23","purchased_purges":1,"victory":false,"max_hp_per_floor":[70,70,70,70,70,70,70,70,70,70,67,67,67,69,69,69,69,69,69,69,69,69,69,69,69,69,69,69,69,69,69,69,69],"card_choices":[{"not_picked":["Sucker Punch","Bouncing Flask"],"picked":"All Out Attack","floor":1},{"not_picked":["Finisher","Cloak And Dagger"],"picked":"Backflip","floor":3},{"not_picked":["Dodge and Roll","Crippling Poison"],"picked":"Flying Knee","floor":5},{"not_picked":["Quick Slash","After Image","All Out Attack"],"picked":"SKIP","floor":7},{"not_picked":["Quick Slash","After Image","All Out Attack"],"picked":"SKIP","floor":7},{"not_picked":["Dagger Spray","Quick Slash"],"picked":"Outmaneuver","floor":8},{"not_picked":["Setup","Dodge and Roll"],"picked":"Blur","floor":13},{"not_picked":["Deflect","Slice","Quick Slash"],"picked":"Singing Bowl","floor":14},{"not_picked":["Wraith Form v2","Die Die Die"],"picked":"Venomology","floor":16},{"not_picked":["Dodge and Roll","Escape Plan"],"picked":"Noxious Fumes","floor":18},{"not_picked":["Dagger Spray","Masterful Stab"],"picked":"Escape Plan","floor":22},{"not_picked":["Cloak And Dagger","Flying Knee"],"picked":"Backflip","floor":23},{"not_picked":["Flying Knee+1","Finisher"],"picked":"Crippling Poison","floor":31}],"player_experience":159834,"relics_obtained":[{"floor":7,"key":"Peace Pipe"},{"floor":9,"key":"Singing Bowl"},{"floor":13,"key":"Art of War"},{"floor":23,"key":"Snake Skull"},{"floor":23,"key":"Centennial Puzzle"},{"floor":25,"key":"Blood Vial"}],"event_choices":[{"damage_healed":0,"gold_gain":75,"player_choice":"Gather Gold","damage_taken":11,"max_hp_gain":0,"max_hp_loss":0,"event_name":"World of Goop","floor":2,"gold_loss":0},{"damage_healed":0,"gold_gain":0,"player_choice":"Entered Light","damage_taken":14,"max_hp_gain":0,"max_hp_loss":0,"event_name":"Shining Light","floor":4,"gold_loss":0,"cards_upgraded":["Strike_G","Defend_G"]},{"damage_healed":17,"gold_gain":0,"player_choice":"Healed and dodged fight","damage_taken":0,"max_hp_gain":0,"max_hp_loss":0,"event_name":"Mushrooms","floor":10,"gold_loss":0,"cards_obtained":["Parasite"]},{"damage_healed":23,"gold_gain":0,"player_choice":"Heal","damage_taken":0,"max_hp_gain":0,"max_hp_loss":0,"event_name":"The Library","floor":19,"gold_loss":0},{"damage_healed":0,"gold_gain":99,"player_choice":"Stole From Cult","damage_taken":0,"max_hp_gain":0,"max_hp_loss":0,"event_name":"Nest","floor":21,"gold_loss":0},{"damage_healed":0,"gold_gain":0,"player_choice":"Fight","damage_taken":0,"max_hp_gain":0,"max_hp_loss":0,"event_name":"Colosseum","floor":28,"gold_loss":0},{"damage_healed":0,"gold_gain":0,"player_choice":"Fled From Nobs","damage_taken":0,"max_hp_gain":0,"max_hp_loss":0,"event_name":"Colosseum","floor":28,"gold_loss":0},{"damage_healed":0,"gold_gain":0,"cards_transformed":["Strike_G","Strike_G"],"player_choice":"Became Test Subject","damage_taken":0,"max_hp_gain":0,"max_hp_loss":0,"event_name":"Drug Dealer","floor":30,"gold_loss":0,"cards_obtained":["Concentrate","Bane"]}],"is_beta":false,"boss_relics":[{"not_picked":["Lizard Tail","White Beast Statue"],"picked":"Black Star"}],"items_purged_floors":[11],"is_endless":false,"potions_floor_spawned":[1,3,7,16,22,28],"killed_by":"Champ","ascension_level":4}