{"gold_per_floor":[114,134,150,166,166,179,179,215,241,241,257,271,312,326,326,326],"floor_reached":16,"playtime":1656,"items_purged":[],"score":116,"play_id":"6d17b9dc-cc01-4824-bde4-cab4c344a024","local_time":"20190128152146","is_ascension_mode":false,"campfire_choices":[{"data":"Calculated Gamble","floor":10.0,"key":"SMITH"},{"floor":15.0,"key":"REST"}],"neow_cost":"NONE","seed_source_timestamp":61971361279558,"circlet_count":0,"master_deck":["Defend_G","Defend_G","Defend_G","Defend_G","Defend_G","Strike_G","Strike_G","Strike_G","Strike_G","Strike_G","Survivor","Neutralize","After Image","Well Laid Plans","Deflect","Escape Plan","Dagger Spray","Calculated Gamble+1","Underhanded Strike","Underhanded Strike","Dagger Throw","Backflip","Endless Agony"],"special_seed":0,"relics":["Ring of the Snake","Golden Idol","Dream Catcher","Anchor","Art of War"],"potions_floor_usage":[],"damage_taken":[{"damage":0.0,"enemies":"Cultist","floor":1.0,"turns":5.0},{"damage":6.0,"enemies":"Jaw Worm","floor":2.0,"turns":4.0},{"damage":0.0,"enemies":"Small Slimes","floor":3.0,"turns":4.0},{"damage":0.0,"enemies":"Blue Slaver","floor":4.0,"turns":6.0},{"damage":0.0,"enemies":"Looter","floor":6.0,"turns":4.0},{"damage":16.0,"enemies":"3 Sentries","floor":8.0,"turns":12.0},{"damage":13.0,"enemies":"Large Slime","floor":11.0,"turns":7.0},{"damage":0.0,"enemies":"2 Fungi Beasts","floor":12.0,"turns":4.0},{"damage":23.0,"enemies":"Lagavulin","floor":13.0,"turns":8.0},{"damage":9.0,"enemies":"Gremlin Gang","floor":14.0,"turns":4.0},{"damage":20,"enemies":"Hexaghost","floor":16,"turns":16}],"seed_played":"-3350573345888392445","potions_obtained":[{"floor":2.0,"key":"Energy Potion"},{"floor":3.0,"key":"Swift Potion"},{"floor":4.0,"key":"SpeedPotion"},{"floor":14.0,"key":"Strength Potion"}],"is_trial":false,"path_per_floor":["M","M","M","M","?","M","?","E","T","R","M","M","E","M","R","B"],"character_chosen":"THE_SILENT","items_purchased":[],"campfire_rested":1,"item_purchase_floors":[],"current_hp_per_floor":[70,64,64,64,69,69,69,53,53,53,40,40,17,8,28,8],"gold":326,"neow_bonus":"ONE_RANDOM_RARE_CARD","is_prod":false,"is_daily":false,"chose_seed":false,"campfire_upgraded":1,"win_rate":0,"timestamp":1548710506,"path_taken":["M","?","M","M","?","M","?","E","T","R","M","M","E","M","R","BOSS"],"build_version":"2019-01-23","purchased_purges":0,"victory":false,"max_hp_per_floor":[70,70,70,70,75,75,69,69,69,69,69,69,69,69,69,69],"card_choices":[{"not_picked":["Quick Slash","Bane"],"picked":"Well Laid Plans","floor":1.0},{"not_picked":["Calculated Gamble","Dodge and Roll"],"picked":"Deflect","floor":2.0},{"not_picked":["Sucker Punch","Dagger Spray"],"picked":"Escape Plan","floor":3.0},{"not_picked":["Poisoned Stab","Catalyst"],"picked":"Dagger Spray","floor":4.0},{"not_picked":["Dash","Finisher"],"picked":"Calculated Gamble","floor":6.0},{"not_picked":["PiercingWail","Glass Knife"],"picked":"Underhanded Strike","floor":8.0},{"not_picked":["Heel Hook","Cloak And Dagger"],"picked":"Underhanded Strike","floor":11.0},{"not_picked":["Backflip","Quick Slash"],"picked":"Dagger Throw","floor":12.0},{"not_picked":["Poisoned Stab","Noxious Fumes","Flying Knee"],"picked":"SKIP","floor":13.0},{"not_picked":["Bane","Flechettes"],"picked":"Backflip","floor":14.0},{"not_picked":["Finisher","Blade Dance"],"picked":"Endless Agony","floor":15.0}],"player_experience":214823,"relics_obtained":[{"floor":8.0,"key":"Dream Catcher"},{"floor":9.0,"key":"Anchor"},{"floor":13.0,"key":"Art of War"}],"event_choices":[{"damage_healed":0.0,"max_hp_gain":5.0,"max_hp_loss":0.0,"gold_gain":0.0,"event_name":"Big Fish","player_choice":"Donut","floor":5.0,"gold_loss":0.0,"damage_taken":0.0},{"damage_healed":0.0,"max_hp_gain":0.0,"max_hp_loss":6.0,"gold_gain":0.0,"event_name":"Golden Idol","player_choice":"Lose Max HP","floor":7.0,"gold_loss":0.0,"damage_taken":0.0,"relics_obtained":["Golden Idol"]}],"is_beta":false,"boss_relics":[],"items_purged_floors":[],"is_endless":false,"potions_floor_spawned":[2,3,4,8,14],"killed_by":"Hexaghost","ascension_level":0}