{"gold_per_floor":[117,130,56,56,68,68,99,274,274,549,559,579,15,49,49,148,148,159,172,172,172],"floor_reached":21,"playtime":2644,"items_purged":["Regret"],"score":189,"play_id":"f932ea59-0dce-4874-9620-c1f4f64fe419","local_time":"20181111211715","is_ascension_mode":false,"campfire_choices":[{"data":"Heavy Blade","floor":6,"key":"SMITH"},{"floor":15,"key":"REST"}],"neow_cost":"NONE","seed_source_timestamp":367234116285896,"circlet_count":0,"master_deck":["Strike_R","Strike_R","Strike_R","Strike_R","Strike_R","Defend_R","Defend_R","Defend_R","Defend_R","Bash","Cleave","Sword Boomerang","Heavy Blade+1","Flex","Panacea","Impervious","Heavy Blade","Carnage","Carnage","Doubt","Seeing Red","Heavy Blade","Metallicize+1","Limit Break","Limit Break","Reaper","Twin Strike","Searing Blow"],"relics":["Burning Blood","Mango","Frozen Egg 2","Bottled Lightning","Boot","Busted Crown"],"potions_floor_usage":[14,14,14,20],"damage_taken":[{"damage":8,"enemies":"Small Slimes","floor":1,"turns":4},{"damage":15,"enemies":"Cultist","floor":2,"turns":4},{"damage":0,"enemies":"2 Louse","floor":5,"turns":3},{"damage":39,"enemies":"3 Sentries","floor":7,"turns":6},{"damage":18,"enemies":"2 Fungi Beasts","floor":11,"turns":4},{"damage":10,"enemies":"Red Slaver","floor":12,"turns":4},{"damage":33,"enemies":"Lagavulin","floor":14,"turns":11},{"damage":45,"enemies":"The Guardian","floor":16,"turns":11},{"damage":40,"enemies":"Shell Parasite","floor":18,"turns":8},{"damage":22,"enemies":"3 Byrds","floor":19,"turns":4},{"damage":25,"enemies":"Colosseum Slavers","floor":20,"turns":5},{"damage":40,"enemies":"Cultist and Chosen","floor":21,"turns":7}],"seed_played":"2335000098032358329","potions_obtained":[{"floor":0,"key":"Swift Potion"},{"floor":0,"key":"FearPotion"},{"floor":0,"key":"BloodPotion"},{"floor":7,"key":"LiquidBronze"},{"floor":11,"key":"SkillPotion"},{"floor":19,"key":"Fire Potion"}],"is_trial":false,"path_per_floor":["M","M","$","?","M","R","E","?","T","?","M","M","$","E","R","B",null,"M","M","?","M"],"character_chosen":"IRONCLAD","items_purchased":["Heavy Blade","Flex","Metallicize+1","Limit Break","Bottled Lightning"],"campfire_rested":1,"item_purchase_floors":[3,3,13,13,13],"current_hp_per_floor":[78,69,69,69,75,75,56,56,56,56,44,40,40,22,50,11,94,60,44,33,0],"gold":172,"neow_bonus":"THREE_SMALL_POTIONS","is_prod":false,"is_daily":false,"chose_seed":false,"campfire_upgraded":1,"win_rate":0.0,"timestamp":1541999835,"path_taken":["M","M","$","?","?","R","E","?","T","?","M","?","?","E","R","BOSS","M","M","?","M"],"build_version":"2018-11-08","purchased_purges":1,"victory":false,"max_hp_per_floor":[80,80,80,80,80,80,94,94,94,94,94,94,94,94,94,94,94,94,94,94,94],"card_choices":[{"not_picked":["Bloodletting","Searing Blow"],"picked":"Cleave","floor":1},{"not_picked":["Reckless Charge","Body Slam"],"picked":"Sword Boomerang","floor":2},{"not_picked":["Shockwave","Iron Wave"],"picked":"Carnage","floor":5},{"not_picked":["Shrug It Off","True Grit"],"picked":"Carnage","floor":7},{"not_picked":["Pommel Strike","Cleave"],"picked":"Seeing Red","floor":11},{"not_picked":["Pommel Strike","Dual Wield"],"picked":"Heavy Blade","floor":12},{"not_picked":["Rampage","Sword Boomerang"],"picked":"Limit Break","floor":14},{"not_picked":["Brutality+1","Fiend Fire"],"picked":"Reaper","floor":16},{"not_picked":[],"picked":"Twin Strike","floor":18},{"not_picked":[],"picked":"Searing Blow","floor":19}],"player_experience":14756,"relics_obtained":[{"floor":7,"key":"Mango"},{"floor":9,"key":"Frozen Egg 2"},{"floor":14,"key":"Boot"}],"event_choices":[{"damage_healed":0,"gold_gain":0,"player_choice":"3 cards matched","damage_taken":0,"max_hp_gain":0,"max_hp_loss":0,"event_name":"Match and Keep!","floor":4,"gold_loss":0,"cards_obtained":["Panacea","Impervious","Heavy Blade"]},{"damage_healed":0,"gold_gain":175,"player_choice":"AGREE","damage_taken":0,"max_hp_gain":0,"max_hp_loss":0,"event_name":"Liars Game","floor":8,"gold_loss":0,"cards_obtained":["Doubt"]},{"damage_healed":0,"gold_gain":275,"player_choice":"Desecrate","damage_taken":0,"max_hp_gain":0,"max_hp_loss":0,"event_name":"Golden Shrine","floor":10,"gold_loss":0,"cards_obtained":["Regret"]},{"damage_healed":0,"gold_gain":0,"player_choice":"Fight","damage_taken":0,"max_hp_gain":0,"max_hp_loss":0,"event_name":"Colosseum","floor":20,"gold_loss":0},{"damage_healed":0,"gold_gain":0,"player_choice":"Fled From Nobs","damage_taken":0,"max_hp_gain":0,"max_hp_loss":0,"event_name":"Colosseum","floor":20,"gold_loss":0}],"is_beta":false,"boss_relics":[{"not_picked":["Cursed Key","Lizard Tail"],"picked":"Busted Crown"}],"items_purged_floors":[13],"is_endless":false,"potions_floor_spawned":[2,7,11,19,20],"killed_by":"Cultist and Chosen","ascension_level":0}