{"gold_per_floor":[112,128,128,144,144,144,177,177,177,177,211,231,241,14,14,110,110,121,139,153,181,193,224,224,243,321,331,128,128,3,14,14,14],"floor_reached":33,"playtime":1449,"items_purged":["Strike_R","Strike_R","Defend_R"],"score":304,"play_id":"880a23b8-f073-4e6e-9989-8138f5e73960","local_time":"20181231010859","is_ascension_mode":false,"campfire_choices":[{"data":"Pommel Strike","floor":6,"key":"SMITH"},{"data":"Clash","floor":8,"key":"SMITH"},{"data":"Strike_R","floor":10,"key":"SMITH"},{"floor":15,"key":"REST"},{"data":"Clash","floor":24,"key":"SMITH"},{"floor":32,"key":"REST"}],"neow_cost":"NONE","seed_source_timestamp":786101149676464,"circlet_count":0,"master_deck":["Strike_R","Strike_R+1","Strike_R+1","Defend_R","Defend_R","Bash+1","Pommel Strike+1","Clash+1","Clash","Pommel Strike","Clash+1","Flex+1"],"relics":["Burning Blood","NeowsBlessing","Blood Vial","Paper Frog","Dodecahedron","Lantern","Runic Pyramid","Red Mask","Strawberry","Question Card"],"potions_floor_usage":[11,16,25,25,28,33,33],"damage_taken":[{"damage":0,"enemies":"Cultist","floor":1,"turns":1},{"damage":0,"enemies":"2 Louse","floor":2,"turns":1},{"damage":0,"enemies":"Jaw Worm","floor":4,"turns":1},{"damage":36,"enemies":"Lagavulin","floor":7,"turns":5},{"damage":35,"enemies":"3 Sentries","floor":11,"turns":6},{"damage":0,"enemies":"Exordium Wildlife","floor":12,"turns":2},{"damage":5,"enemies":"Looter","floor":13,"turns":2},{"damage":44,"enemies":"The Guardian","floor":16,"turns":6},{"damage":5,"enemies":"Chosen","floor":18,"turns":3},{"damage":0,"enemies":"Spheric Guardian","floor":19,"turns":2},{"damage":30,"enemies":"Centurion and Healer","floor":20,"turns":4},{"damage":20,"enemies":"Masked Bandits","floor":21,"turns":4},{"damage":14,"enemies":"Shelled Parasite and Fungi","floor":22,"turns":5},{"damage":11,"enemies":"Book of Stabbing","floor":23,"turns":3},{"damage":0,"enemies":"Snake Plant","floor":25,"turns":1},{"damage":1,"enemies":"Chosen and Byrds","floor":27,"turns":3},{"damage":4,"enemies":"Centurion and Healer","floor":31,"turns":3},{"damage":90,"enemies":"Automaton","floor":33,"turns":6}],"seed_played":"3594242407862361088","potions_obtained":[{"floor":1,"key":"GamblersBrew"},{"floor":7,"key":"PowerPotion"},{"floor":11,"key":"SteroidPotion"},{"floor":16,"key":"SpeedPotion"},{"floor":20,"key":"GamblersBrew"},{"floor":23,"key":"SkillPotion"},{"floor":31,"key":"Explosive Potion"}],"is_trial":false,"path_per_floor":["M","M","?","M","?","R","E","R","T","R","E","M","M","$","R","B",null,"M","M","M","?","M","E","R","M","T","M","$","?","$","M","R","B"],"character_chosen":"IRONCLAD","items_purchased":["Lantern","Fruit Juice"],"campfire_rested":2,"item_purchase_floors":[14,28],"current_hp_per_floor":[80,80,64,70,70,70,40,40,40,40,13,21,24,24,48,12,80,80,80,56,44,38,42,42,50,50,57,62,44,44,48,77,0],"gold":14,"neow_bonus":"THREE_ENEMY_KILL","is_prod":false,"is_daily":false,"chose_seed":false,"campfire_upgraded":4,"win_rate":0,"timestamp":1546231139,"path_taken":["M","M","?","M","?","R","E","R","T","R","E","M","M","$","R","BOSS","M","?","M","?","M","E","R","M","T","M","$","?","$","M","R","BOSS"],"build_version":"2018-12-20","purchased_purges":3,"victory":false,"max_hp_per_floor":[80,80,80,80,80,80,80,80,80,80,80,80,80,80,80,80,80,80,80,80,80,80,87,87,87,87,87,92,97,97,97,97,97],"card_choices":[{"not_picked":["Twin Strike","Clothesline"],"picked":"Pommel Strike","floor":1},{"not_picked":["Reckless Charge","Battle Trance"],"picked":"Clash","floor":2},{"not_picked":["Rage","Thunderclap","Iron Wave"],"picked":"SKIP","floor":4},{"not_picked":["Twin Strike","Flex","Flame Barrier"],"picked":"SKIP","floor":7},{"not_picked":["Flame Barrier","Headbutt","Perfected Strike"],"picked":"SKIP","floor":11},{"not_picked":["Rupture","Feel No Pain"],"picked":"Clash","floor":12},{"not_picked":["Iron Wave","Heavy Blade","Second Wind"],"picked":"SKIP","floor":13},{"not_picked":["Sword Boomerang+1","Twin Strike"],"picked":"Pommel Strike","floor":18},{"not_picked":["Iron Wave","Sword Boomerang","Blood for Blood"],"picked":"SKIP","floor":19},{"not_picked":["True Grit","Burning Pact","Perfected Strike+1"],"picked":"SKIP","floor":20},{"not_picked":["Thunderclap","Shrug It Off"],"picked":"Clash","floor":22},{"not_picked":["Impervious","Shrug It Off","Headbutt"],"picked":"SKIP","floor":23},{"not_picked":["Pommel Strike","Shrug It Off"],"picked":"Flex+1","floor":25},{"not_picked":["Headbutt","Feel No Pain","Shrug It Off","Second Wind+1"],"picked":"SKIP","floor":27},{"not_picked":["Hemokinesis+1","Shrug It Off","Heavy Blade","Inflame"],"picked":"SKIP","floor":31}],"player_experience":128852,"relics_obtained":[{"floor":7,"key":"Blood Vial"},{"floor":9,"key":"Paper Frog"},{"floor":11,"key":"Dodecahedron"},{"floor":21,"key":"Red Mask"},{"floor":23,"key":"Strawberry"},{"floor":26,"key":"Question Card"}],"event_choices":[{"damage_healed":0,"gold_gain":0,"player_choice":"Entered Light","damage_taken":16,"max_hp_gain":0,"max_hp_loss":0,"event_name":"Shining Light","floor":3,"gold_loss":0,"cards_upgraded":["Bash","Strike_R"]},{"cards_removed":["Defend_R"],"damage_healed":0,"gold_gain":0,"player_choice":"Offered Basic","damage_taken":0,"max_hp_gain":0,"max_hp_loss":0,"event_name":"Bonfire Elementals","floor":5,"gold_loss":0},{"damage_healed":0,"gold_gain":0,"player_choice":"Fought Bandits","damage_taken":0,"max_hp_gain":0,"max_hp_loss":0,"event_name":"Masked Bandits","floor":21,"gold_loss":0},{"damage_healed":0,"gold_gain":0,"player_choice":"Shed Blood","damage_taken":23,"max_hp_gain":5,"max_hp_loss":0,"event_name":"Forgotten Altar","floor":29,"gold_loss":0}],"is_beta":false,"boss_relics":[{"not_picked":["Philosopher\u0027s Stone","Eternal Feather"],"picked":"Runic Pyramid"}],"items_purged_floors":[14,28,30],"is_endless":false,"potions_floor_spawned":[1,7,11,16,20,23,31],"killed_by":"Automaton","ascension_level":0}