{"gold_per_floor":[115,290,304,321,321,354,354,386,386,386,417,432,452,465,465,569,569,589,65,79,79,79,111,131,158,213,232,232,251,268,193,193,296,296,312,312,322,341,67,97,97,114,114,114],"floor_reached":44,"playtime":3210,"items_purged":["Strike_B","Zap"],"score":527,"play_id":"0c9702c6-6ff2-49eb-9046-ab56de538ea7","local_time":"20181226191958","is_ascension_mode":true,"campfire_choices":[{"floor":7,"key":"REST"},{"floor":10,"key":"REST"},{"data":"Storm","floor":15,"key":"SMITH"},{"data":"Static Discharge","floor":28,"key":"SMITH"},{"floor":32,"key":"REST"}],"neow_cost":"TEN_PERCENT_HP_LOSS","seed_source_timestamp":417792119906228,"circlet_count":0,"master_deck":["Strike_B","Defend_B","Defend_B","Defend_B","Chill","Conserve Battery","Go for the Eyes+1","Storm+1","Rebound+1","Biased Cognition","Core Surge+1","Sweeping Beam+1","Static Discharge+1","White Noise","Thunder Strike+1","Capacitor","Mayhem","Zap","All For One+1","FTL+1","Storm+1","Thunder Strike+1","Discovery","Capacitor","Echo Form","Conserve Battery","Consume+1"],"relics":["Cracked Core","Happy Flower","Molten Egg 2","Mummified Hand","Gambling Chip","Black Star","Matryoshka","Torii","Ginger","Bottled Flame","Strawberry","Tiny Chest","Eternal Feather","Pen Nib","Whetstone","Regal Pillow","Toxic Egg 2"],"potions_floor_usage":[6,25,33,33,44,44,44],"damage_taken":[{"damage":2,"enemies":"2 Louse","floor":1,"turns":2},{"damage":1,"enemies":"Small Slimes","floor":3,"turns":3},{"damage":0,"enemies":"Cultist","floor":4,"turns":4},{"damage":30,"enemies":"Lagavulin","floor":6,"turns":7},{"damage":22,"enemies":"Gremlin Nob","floor":8,"turns":4},{"damage":4,"enemies":"3 Sentries","floor":11,"turns":8},{"damage":0,"enemies":"2 Fungi Beasts","floor":12,"turns":2},{"damage":6,"enemies":"3 Louse","floor":13,"turns":2},{"damage":2,"enemies":"Blue Slaver","floor":14,"turns":3},{"damage":13,"enemies":"Hexaghost","floor":16,"turns":5},{"damage":0,"enemies":"3 Byrds","floor":18,"turns":3},{"damage":0,"enemies":"Spheric Guardian","floor":20,"turns":3},{"damage":9,"enemies":"Slavers","floor":23,"turns":5},{"damage":0,"enemies":"Snecko","floor":24,"turns":2},{"damage":15,"enemies":"Gremlin Leader","floor":25,"turns":5},{"damage":28,"enemies":"Snake Plant","floor":27,"turns":2},{"damage":1,"enemies":"Centurion and Healer","floor":29,"turns":2},{"damage":1,"enemies":"Sentry and Sphere","floor":30,"turns":3},{"damage":25,"enemies":"Champ","floor":33,"turns":4},{"damage":21,"enemies":"3 Shapes","floor":35,"turns":3},{"damage":10,"enemies":"Orb Walker","floor":37,"turns":2},{"damage":0,"enemies":"Transient","floor":38,"turns":5},{"damage":9,"enemies":"Giant Head","floor":40,"turns":4},{"damage":7,"enemies":"4 Shapes","floor":42,"turns":3},{"damage":28,"enemies":"Reptomancer","floor":44,"turns":2}],"seed_played":"-3368434199465477333","potions_obtained":[{"floor":3,"key":"LiquidBronze"},{"floor":6,"key":"Ancient Potion"},{"floor":11,"key":"SpeedPotion"},{"floor":23,"key":"Strength Potion"},{"floor":25,"key":"SkillPotion"},{"floor":29,"key":"AttackPotion"},{"floor":33,"key":"Energy Potion"},{"floor":37,"key":"GamblersBrew"}],"is_trial":false,"path_per_floor":["M","?","M","M","?","E","R","E","T","R","E","M","M","M","R","B",null,"M","$","M","?","?","E","M","E","T","M","R","M","M","?","R","B",null,"M","?","M","M","$","E","?","M","T","E"],"character_chosen":"DEFECT","items_purchased":["Mayhem","Matryoshka","Echo Form","Conserve Battery"],"campfire_rested":3,"item_purchase_floors":[19,19,39,39],"current_hp_per_floor":[66,66,65,65,58,28,48,26,26,46,42,42,36,34,34,21,68,68,68,68,68,68,59,59,51,51,23,23,22,21,21,43,18,75,54,54,44,44,44,35,35,28,28,0],"gold":114,"neow_bonus":"TRANSFORM_TWO_CARDS","is_prod":false,"is_daily":false,"chose_seed":false,"campfire_upgraded":2,"win_rate":0,"timestamp":1545864598,"path_taken":["M","?","M","M","?","E","R","E","T","R","E","M","M","M","R","BOSS","M","$","M","?","?","E","M","E","T","M","R","M","?","?","R","BOSS","M","?","M","M","$","E","?","M","T","E"],"build_version":"2018-12-20","purchased_purges":2,"victory":false,"max_hp_per_floor":[68,68,68,68,68,68,68,68,68,68,68,68,68,68,68,68,68,68,68,68,68,68,68,68,75,75,75,75,75,75,75,75,75,75,75,75,75,75,75,75,75,75,75,75],"card_choices":[{"not_picked":["Barrage","Beam Cell"],"picked":"Go for the Eyes","floor":1},{"not_picked":["Ball Lightning","Hello World"],"picked":"Storm","floor":3},{"not_picked":["Turbo","Barrage"],"picked":"Rebound","floor":4},{"not_picked":["Barrage","Sweeping Beam"],"picked":"Biased Cognition","floor":6},{"not_picked":["Reinforced Body","Tempest"],"picked":"Core Surge","floor":8},{"not_picked":["Skim","Recycle"],"picked":"Sweeping Beam+1","floor":11},{"not_picked":["Loop","Darkness"],"picked":"Static Discharge","floor":12},{"not_picked":["Hologram","Turbo","Coolheaded"],"picked":"SKIP","floor":13},{"not_picked":["Sweeping Beam+1","Compile Driver+1"],"picked":"White Noise","floor":14},{"not_picked":["Rainbow","Meteor Strike+1"],"picked":"Thunder Strike+1","floor":16},{"not_picked":["Scrape+1","Go for the Eyes+1"],"picked":"Capacitor","floor":18},{"not_picked":["Coolheaded","Cold Snap+1","Leap"],"picked":"SKIP","floor":20},{"not_picked":["Rebound+1","Leap"],"picked":"FTL+1","floor":23},{"not_picked":["Redo","Turbo","Go for the Eyes+1"],"picked":"SKIP","floor":24},{"not_picked":["Turbo","Rebound+1","Ball Lightning+1"],"picked":"SKIP","floor":25},{"not_picked":["Turbo","Steam+1","Cold Snap+1"],"picked":"SKIP","floor":27},{"not_picked":["Stack","Hologram"],"picked":"Storm+1","floor":29},{"not_picked":["Loop","Meteor Strike+1","Skim"],"picked":"SKIP","floor":30},{"not_picked":["Multi-Cast","Rainbow"],"picked":"Thunder Strike+1","floor":33},{"not_picked":["Leap","Sweeping Beam+1","Go for the Eyes+1"],"picked":"SKIP","floor":35},{"not_picked":["Madness","Impatience"],"picked":"Discovery","floor":36},{"not_picked":["Double Energy","Ball Lightning+1","Rebound+1"],"picked":"SKIP","floor":37},{"not_picked":["BootSequence+1","Double Energy"],"picked":"Capacitor","floor":38},{"not_picked":["Cold Snap+1","Rebound+1"],"picked":"Consume+1","floor":40},{"not_picked":["Ball Lightning+1","Compile Driver+1","Blizzard+1"],"picked":"SKIP","floor":42}],"player_experience":47040,"relics_obtained":[{"floor":6,"key":"Happy Flower"},{"floor":8,"key":"Molten Egg 2"},{"floor":9,"key":"Mummified Hand"},{"floor":11,"key":"Gambling Chip"},{"floor":23,"key":"Torii"},{"floor":23,"key":"Ginger"},{"floor":25,"key":"Bottled Flame"},{"floor":25,"key":"Strawberry"},{"floor":26,"key":"Tiny Chest"},{"floor":40,"key":"Pen Nib"},{"floor":40,"key":"Whetstone"},{"floor":43,"key":"Regal Pillow"},{"floor":43,"key":"Toxic Egg 2"}],"event_choices":[{"damage_healed":0,"gold_gain":175,"player_choice":"AGREE","damage_taken":0,"max_hp_gain":0,"max_hp_loss":0,"event_name":"Liars Game","floor":2,"gold_loss":0,"cards_obtained":["Doubt"]},{"cards_removed":["Doubt"],"damage_healed":0,"gold_gain":0,"player_choice":"Card Removal","damage_taken":7,"max_hp_gain":0,"max_hp_loss":0,"event_name":"Golden Wing","floor":5,"gold_loss":0},{"cards_removed":["Strike_B"],"damage_healed":0,"gold_gain":0,"player_choice":"Elegance","damage_taken":0,"max_hp_gain":0,"max_hp_loss":0,"event_name":"Back to Basics","floor":21,"gold_loss":0},{"damage_healed":0,"gold_gain":0,"player_choice":"3 cards matched","damage_taken":0,"max_hp_gain":0,"max_hp_loss":0,"event_name":"Match and Keep!","floor":22,"gold_loss":0,"cards_obtained":["Zap","Shame","All For One"]},{"cards_removed":["Shame"],"damage_healed":0,"gold_gain":0,"player_choice":"Gave Gold","damage_taken":0,"max_hp_gain":0,"max_hp_loss":0,"event_name":"Beggar","floor":31,"gold_loss":75},{"damage_healed":0,"gold_gain":0,"player_choice":"Memory 1","damage_taken":0,"max_hp_gain":0,"max_hp_loss":0,"event_name":"SensoryStone","floor":36,"gold_loss":0},{"cards_removed":["Dualcast"],"damage_healed":0,"gold_gain":0,"player_choice":"Removed Skill","damage_taken":0,"max_hp_gain":0,"max_hp_loss":0,"event_name":"Falling","floor":41,"gold_loss":0}],"is_beta":false,"boss_relics":[{"not_picked":["Coffee Dripper","Lizard Tail"],"picked":"Black Star"},{"not_picked":["Fusion Hammer","Calling Bell"],"picked":"Eternal Feather"}],"items_purged_floors":[19,39],"is_endless":false,"potions_floor_spawned":[3,6,11,23,25,27,29,30,33,37,40,42],"killed_by":"Reptomancer","ascension_level":1}