{"gold_per_floor":[117,117,117,142,158,158,191,191,238,316,332,12,12,33,33,153,153,173,191,191,191,205,205,205,205,231,246,246,260,280,30,30,153,153,167,92,112,237,255,255,255,274,274,607,98,98,0,14,14,14],"floor_reached":50,"playtime":2327,"items_purged":["Strike_G","Strike_G","Defend_G"],"score":467,"play_id":"028b2dd8-34df-4a1a-b196-12e49e356a53","local_time":"20190109034350","is_ascension_mode":false,"campfire_choices":[{"floor":8,"key":"REST"},{"data":"Discovery","floor":13,"key":"SMITH"},{"data":"Deadly Poison","floor":15,"key":"SMITH"},{"floor":23,"key":"REST"},{"floor":24,"key":"REST"},{"floor":28,"key":"RECALL"},{"floor":32,"key":"REST"},{"floor":40,"key":"REST"},{"floor":46,"key":"REST"},{"floor":49,"key":"REST"}],"neow_cost":"PERCENT_DAMAGE","seed_source_timestamp":45287292560955,"circlet_count":0,"master_deck":["Defend_G","Defend_G","Defend_G","Defend_G","Strike_G+1","Strike_G","Strike_G","Survivor","Neutralize+1","Deadly Poison+1","Dash+1","Dagger Spray","Discovery+1","Blur+1","Deflect+1","Deadly Poison+1","Noxious Fumes","Caltrops","Catalyst","Wraith Form v2","Footwork","Footwork","Backflip+1","Bouncing Flask","Bane","Expertise","Sucker Punch+1"],"relics":["Ring of the Snake","Turnip","Vajra","WingedGreaves","Art of War","Sozu","Whetstone","Lizard Tail","Torii","Bag of Marbles","Bottled Tornado","Red Mask"],"potions_floor_usage":[7,11,16],"damage_taken":[{"damage":2,"enemies":"2 Louse","floor":1,"turns":3},{"damage":0,"enemies":"Small Slimes","floor":4,"turns":3},{"damage":0,"enemies":"Cultist","floor":5,"turns":3},{"damage":18,"enemies":"Lagavulin","floor":7,"turns":9},{"damage":0,"enemies":"Large Slime","floor":11,"turns":8},{"damage":0,"enemies":"Lots of Slimes","floor":14,"turns":2},{"damage":7,"enemies":"Hexaghost","floor":16,"turns":12},{"damage":2,"enemies":"3 Byrds","floor":18,"turns":5},{"damage":5,"enemies":"Chosen","floor":19,"turns":5},{"damage":22,"enemies":"Colosseum Slavers","floor":20,"turns":5},{"damage":20,"enemies":"Sentry and Sphere","floor":22,"turns":9},{"damage":0,"enemies":"Snake Plant","floor":27,"turns":4},{"damage":6,"enemies":"Cultist and Chosen","floor":29,"turns":7},{"damage":1,"enemies":"Shelled Parasite and Fungi","floor":30,"turns":5},{"damage":42,"enemies":"Collector","floor":33,"turns":9},{"damage":24,"enemies":"3 Darklings","floor":35,"turns":6},{"damage":16,"enemies":"Orb Walker","floor":37,"turns":4},{"damage":0,"enemies":"Mind Bloom Boss Battle","floor":38,"turns":8},{"damage":1,"enemies":"Writhing Mass","floor":39,"turns":8},{"damage":16,"enemies":"Jaw Worm Horde","floor":42,"turns":6},{"damage":34,"enemies":"Transient","floor":48,"turns":5},{"damage":76,"enemies":"Donu and Deca","floor":50,"turns":7}],"seed_played":"4620342978188147910","potions_obtained":[{"floor":1,"key":"Weak Potion"},{"floor":7,"key":"Regen Potion"},{"floor":11,"key":"Dexterity Potion"}],"is_trial":false,"path_per_floor":["M","?","?","M","M","?","E","R","T","?","M","$","R","M","R","B",null,"M","M","?","?","M","R","R","?","T","M","R","M","M","$","R","B",null,"M","$","M","?","M","R","?","M","T","?","$","R","?","M","R","B"],"character_chosen":"THE_SILENT","items_purchased":["Art of War","Discovery","Caltrops","Catalyst","Footwork","Bottled Tornado","Bane","Expertise"],"campfire_rested":7,"item_purchase_floors":[12,12,31,31,36,45,45,45],"current_hp_per_floor":[47,29,29,29,29,29,11,30,30,30,45,45,45,45,45,38,65,63,58,36,36,16,35,54,54,54,54,54,48,47,47,65,23,65,41,41,25,25,24,43,43,27,27,27,27,46,46,12,31,0],"gold":14,"neow_bonus":"ONE_RARE_RELIC","is_prod":false,"is_daily":false,"chose_seed":false,"campfire_upgraded":2,"win_rate":0,"timestamp":1546998230,"path_taken":["M","?","?","M","M","?","E","R","T","?","M","$","R","M","R","BOSS","M","M","?","?","?","R","R","?","T","M","R","M","?","$","R","BOSS","M","$","M","?","M","R","?","?","T","?","$","R","?","M","R","BOSS"],"build_version":"2019-01-03v4","purchased_purges":3,"victory":false,"max_hp_per_floor":[70,70,65,65,65,65,65,65,65,65,65,65,65,65,65,65,65,65,65,65,65,65,65,65,65,65,65,65,65,65,65,65,65,65,65,65,65,65,65,65,65,65,65,65,65,65,65,65,65,65],"card_choices":[{"not_picked":["Eviscerate","Sucker Punch"],"picked":"Deadly Poison","floor":1},{"not_picked":["Flechettes","Terror"],"picked":"Dash","floor":4},{"not_picked":["Underhanded Strike","Terror","Eviscerate"],"picked":"SKIP","floor":5},{"not_picked":["Setup","Doppelganger"],"picked":"Dagger Spray","floor":7},{"not_picked":["Prepared","Underhanded Strike","Quick Slash"],"picked":"SKIP","floor":11},{"not_picked":["Dodge and Roll","Terror"],"picked":"Blur","floor":14},{"not_picked":["Flechettes","Flying Knee"],"picked":"Deflect+1","floor":18},{"not_picked":["Outmaneuver","Flying Knee"],"picked":"Deadly Poison+1","floor":19},{"not_picked":["Dash+1","Poisoned Stab","Slice"],"picked":"SKIP","floor":22},{"not_picked":["Quick Slash+1","Night Terror","Cloak And Dagger+1"],"picked":"SKIP","floor":27},{"not_picked":["Cloak And Dagger","PiercingWail+1"],"picked":"Noxious Fumes","floor":29},{"not_picked":["Flying Knee+1","Blade Dance","Prepared"],"picked":"SKIP","floor":30},{"not_picked":["Glass Knife","Malaise"],"picked":"Wraith Form v2","floor":33},{"not_picked":["Concentrate+1","Accuracy","Outmaneuver+1"],"picked":"SKIP","floor":35},{"not_picked":["Dagger Throw+1","Outmaneuver"],"picked":"Footwork","floor":37},{"not_picked":["Cloak And Dagger+1","Underhanded Strike+1"],"picked":"Backflip+1","floor":38},{"not_picked":["Dodge and Roll","Cloak And Dagger+1"],"picked":"Bouncing Flask","floor":39},{"not_picked":["Flying Knee","Predator+1","Quick Slash+1"],"picked":"SKIP","floor":42},{"not_picked":["Quick Slash","Skewer"],"picked":"Sucker Punch+1","floor":48}],"player_experience":166596,"relics_obtained":[{"floor":7,"key":"WingedGreaves"},{"floor":26,"key":"Whetstone"},{"floor":38,"key":"Torii"},{"floor":43,"key":"Bag of Marbles"}],"event_choices":[{"damage_healed":0,"gold_gain":0,"player_choice":"Success","damage_taken":18,"relics_obtained":["Vajra"],"max_hp_gain":0,"max_hp_loss":0,"event_name":"Scrap Ooze","floor":2,"gold_loss":0},{"damage_healed":0,"gold_gain":0,"player_choice":"Lose Max HP","damage_taken":0,"relics_obtained":["Golden Idol"],"max_hp_gain":0,"max_hp_loss":5,"event_name":"Golden Idol","floor":3,"gold_loss":0},{"damage_healed":0,"gold_gain":0,"player_choice":"Grow","damage_taken":0,"max_hp_gain":0,"max_hp_loss":0,"event_name":"Living Wall","floor":6,"gold_loss":0,"cards_upgraded":["Neutralize"]},{"damage_healed":0,"gold_gain":78,"player_choice":"Gained Gold","damage_taken":0,"max_hp_gain":0,"max_hp_loss":0,"event_name":"Golden Wing","floor":10,"gold_loss":0},{"damage_healed":0,"gold_gain":0,"player_choice":"Fight","damage_taken":0,"max_hp_gain":0,"max_hp_loss":0,"event_name":"Colosseum","floor":20,"gold_loss":0},{"damage_healed":0,"gold_gain":0,"player_choice":"Fled From Nobs","damage_taken":0,"max_hp_gain":0,"max_hp_loss":0,"event_name":"Colosseum","floor":20,"gold_loss":0},{"damage_healed":0,"gold_gain":0,"player_choice":"Bought 0 Potions","damage_taken":0,"max_hp_gain":0,"max_hp_loss":0,"event_name":"The Woman in Blue","floor":21,"gold_loss":0},{"damage_healed":0,"gold_gain":0,"player_choice":"Upgraded","damage_taken":0,"max_hp_gain":0,"max_hp_loss":0,"event_name":"Upgrade Shrine","floor":25,"gold_loss":0,"cards_upgraded":["Blur"]},{"damage_healed":0,"gold_gain":0,"player_choice":"Fight","damage_taken":0,"max_hp_gain":0,"max_hp_loss":0,"event_name":"MindBloom","floor":38,"gold_loss":0},{"damage_healed":0,"gold_gain":0,"player_choice":"Ignored","damage_taken":0,"max_hp_gain":0,"max_hp_loss":0,"event_name":"SecretPortal","floor":41,"gold_loss":0},{"damage_healed":0,"gold_gain":333,"player_choice":"Gave Idol","damage_taken":0,"max_hp_gain":0,"max_hp_loss":0,"event_name":"The Moai Head","floor":44,"relics_lost":["Golden Idol"],"gold_loss":0},{"damage_healed":0,"gold_gain":0,"player_choice":"Paid","damage_taken":0,"relics_obtained":["Red Mask"],"max_hp_gain":0,"max_hp_loss":0,"event_name":"Tomb of Lord Red Mask","floor":47,"gold_loss":98}],"is_beta":false,"boss_relics":[{"not_picked":["Philosopher\u0027s Stone","White Beast Statue"],"picked":"Sozu"},{"not_picked":["Coffee Dripper","Velvet Choker"],"picked":"Lizard Tail"}],"items_purged_floors":[12,31,45],"is_endless":false,"potions_floor_spawned":[1,7,11,18,20,22,29,33,35,38,48],"killed_by":"Donu and Deca","ascension_level":0}