{"gold_per_floor":[112,13,25,44,44,57,86,105,154,154,166,166,94,127,127,226,226,241,261,280,293,305,305,320,320,320,320,320,336,370,382,382,382],"floor_reached":33,"playtime":2807,"items_purged":[],"score":358,"play_id":"a6ea0ef1-230c-46b2-a46d-ce58ecabf890","local_time":"20180717210507","is_ascension_mode":false,"campfire_choices":[{"floor":10.0,"key":"REST"},{"floor":15.0,"key":"REST"},{"floor":23,"key":"REST"},{"floor":25,"key":"REST"},{"floor":27,"key":"REST"},{"floor":32,"key":"REST"}],"neow_cost":"NONE","seed_source_timestamp":0,"circlet_count":0,"master_deck":["Strike_R","Strike_R","Strike_R","Strike_R","Strike_R","Defend_R","Defend_R","Defend_R","Defend_R","Bash","Rage","Madness","Shrug It Off","Infernal Blade","Anger","Feed","Battle Trance","True Grit","Headbutt","Ghostly Armor","Flex","Headbutt","Feed","Flame Barrier","Pommel Strike","Iron Wave","Thunderclap","Blood for Blood","Flex","Cleave","Infernal Blade+1","Offering","RitualDagger","Anger","Flex","Warcry+1","Anger+1"],"special_seed":0,"relics":["Burning Blood","Strawberry","Pen Nib","Dream Catcher","Matryoshka","Lizard Tail","Centennial Puzzle","Paper Frog","Bottled Flame"],"potions_floor_usage":[21,21,21],"damage_taken":[{"damage":2.0,"enemies":"Small Slimes","floor":1.0,"turns":4.0},{"damage":2.0,"enemies":"Jaw Worm","floor":3.0,"turns":4.0},{"damage":4.0,"enemies":"2 Louse","floor":4.0,"turns":4.0},{"damage":39.0,"enemies":"Exordium Thugs","floor":6.0,"turns":8.0},{"damage":33.0,"enemies":"Lagavulin","floor":7.0,"turns":9.0},{"damage":0.0,"enemies":"Looter","floor":8.0,"turns":4.0},{"damage":0.0,"enemies":"Large Slime","floor":11.0,"turns":4.0},{"damage":50.0,"enemies":"Gremlin Nob","floor":14.0,"turns":6.0},{"damage":59.0,"enemies":"Slime Boss","floor":16.0,"turns":20.0},{"damage":23,"enemies":"Spheric Guardian","floor":18,"turns":4},{"damage":17,"enemies":"3 Byrds","floor":19,"turns":5},{"damage":19,"enemies":"Centurion and Healer","floor":20,"turns":10},{"damage":48,"enemies":"Snecko","floor":21,"turns":9},{"damage":29,"enemies":"Sentry and Sphere","floor":22,"turns":7},{"damage":22,"enemies":"Cultist and Chosen","floor":24,"turns":8},{"damage":37,"enemies":"Slaver and Parasite","floor":29,"turns":5},{"damage":96,"enemies":"Slavers","floor":30,"turns":11},{"damage":3,"enemies":"Snecko","floor":31,"turns":4},{"damage":99,"enemies":"Collector","floor":33,"turns":7}],"seed_played":"4498318413773559194","potions_obtained":[{"floor":1.0,"key":"FearPotion"},{"floor":3.0,"key":"Ancient Potion"},{"floor":11.0,"key":"BloodPotion"},{"floor":14.0,"key":"Fire Potion"},{"floor":19,"key":"BloodPotion"},{"floor":22,"key":"Ancient Potion"},{"floor":30,"key":"Strength Potion"},{"floor":31,"key":"Fire Potion"}],"is_trial":false,"path_per_floor":["M","$","M","M","?","M","E","M","T","R","M","?","$","E","R","B",null,"M","M","M","M","M","R","M","R","T","R","?","M","E","M","R"],"character_chosen":"IRONCLAD","items_purchased":["Madness","Ghostly Armor"],"campfire_rested":6,"item_purchase_floors":[2,13],"current_hp_per_floor":[87,87,87,87,87,58,35,44,44,71,80,85,85,41,70,28,101,84,76,66,44,24,57,44,77,77,110,104,73,62,65,99,0],"gold":382,"neow_bonus":"RANDOM_COMMON_RELIC","is_prod":false,"is_daily":false,"chose_seed":false,"campfire_upgraded":0,"win_rate":0.0,"timestamp":1531832707,"path_taken":["M","$","M","M","?","M","E","M","T","R","M","?","$","E","R","BOSS","M","M","M","M","M","R","M","R","T","R","?","M","E","M","R","BOSS"],"build_version":"2018-07-12","purchased_purges":0,"victory":false,"max_hp_per_floor":[87,87,87,87,87,87,87,90,90,90,93,98,98,98,98,101,101,101,104,107,107,110,110,113,113,113,113,113,113,116,116,116,116],"card_choices":[{"not_picked":["Clash","Hemokinesis"],"picked":"Rage","floor":1.0},{"not_picked":["Sword Boomerang","Cleave"],"picked":"Shrug It Off","floor":3.0},{"not_picked":["Feel No Pain","Clash"],"picked":"Infernal Blade","floor":4.0},{"not_picked":["Body Slam","Carnage"],"picked":"Anger","floor":6.0},{"not_picked":["Juggernaut","Searing Blow"],"picked":"Feed","floor":7.0},{"not_picked":["Pummel","True Grit"],"picked":"Battle Trance","floor":8.0},{"not_picked":["Uppercut","Entrench"],"picked":"True Grit","floor":10.0},{"not_picked":["Battle Trance","Armaments"],"picked":"Headbutt","floor":11.0},{"not_picked":["Entrench","Fiend Fire"],"picked":"Flex","floor":14.0},{"not_picked":["Spot Weakness","Sword Boomerang"],"picked":"Headbutt","floor":15.0},{"not_picked":["Reaper","Impervious"],"picked":"Feed","floor":16.0},{"not_picked":["Rage","Fire Breathing+1"],"picked":"Flame Barrier","floor":18},{"not_picked":["Rage","Armaments+1"],"picked":"Pommel Strike","floor":19},{"not_picked":["Entrench","Rupture"],"picked":"Iron Wave","floor":20},{"not_picked":["Fiend Fire","Iron Wave"],"picked":"Thunderclap","floor":21},{"not_picked":["Power Through","True Grit"],"picked":"Blood for Blood","floor":22},{"not_picked":["Intimidate+1","Heavy Blade"],"picked":"Flex","floor":23},{"not_picked":["Flex","Body Slam"],"picked":"Cleave","floor":24},{"not_picked":["Anger","Thunderclap"],"picked":"Infernal Blade+1","floor":25},{"not_picked":["Perfected Strike","Armaments"],"picked":"Offering","floor":27},{"not_picked":["Twin Strike","Warcry"],"picked":"Anger","floor":29},{"not_picked":["True Grit","Reckless Charge"],"picked":"Flex","floor":30},{"not_picked":["Twin Strike","Clash"],"picked":"Warcry+1","floor":31},{"not_picked":["Sword Boomerang+1","Heavy Blade"],"picked":"Anger+1","floor":32}],"player_experience":12396,"relics_obtained":[{"floor":7.0,"key":"Pen Nib"},{"floor":9.0,"key":"Dream Catcher"},{"floor":14.0,"key":"Matryoshka"},{"floor":26,"key":"Centennial Puzzle"},{"floor":26,"key":"Paper Frog"},{"floor":30,"key":"Bottled Flame"}],"event_choices":[{"event_name":"Liars Game","player_choice":"disagreed","floor":5.0,"damage_taken":0.0},{"event_name":"Big Fish","player_choice":"Donut","floor":12.0,"damage_taken":0.0},{"event_name":"Nest","player_choice":"Joined the Cult","floor":28,"damage_taken":0}],"boss_relics":[{"not_picked":["Runic Dome","Mark of Pain"],"picked":"Lizard Tail"}],"items_purged_floors":[],"is_endless":false,"potions_floor_spawned":[1,3,11,14,16,19,22,30,31],"killed_by":"Collector","ascension_level":0}