{"gold_per_floor":[114,125,142,142,158,158,158,186,186,212,232,250,90,104,104,204,204,215,215,215,234,253,153,153,186,186,186,204,204,79,96,96,96],"floor_reached":33,"playtime":1503,"items_purged":["Strike_R","Strike_R","Strike_R"],"score":363,"play_id":"d62fc44a-0152-489b-8c47-e223bf218f72","local_time":"20190112121707","is_ascension_mode":true,"campfire_choices":[{"data":"Bash","floor":6,"key":"SMITH"},{"data":"Pommel Strike","floor":15,"key":"SMITH"},{"floor":24,"key":"REST"},{"floor":27,"key":"REST"},{"floor":32,"key":"REST"}],"neow_cost":"NONE","seed_source_timestamp":73035435117800,"circlet_count":0,"master_deck":["Strike_R","Strike_R","Defend_R","Defend_R","Defend_R","Defend_R","Bash+1","Immolate","Armaments","Metallicize","Disarm","Pain","Pommel Strike+1","Shrug It Off","Bandage Up","Offering","Blood for Blood","True Grit+1","Bloodletting"],"relics":["Burning Blood","WarpedTongs","Question Card","Mummified Hand","Lantern","Runic Cube","Enchiridion","Frozen Egg 2","Bottled Lightning","Toxic Egg 2"],"potions_floor_usage":[16,25,33,33],"damage_taken":[{"damage":7,"enemies":"Small Slimes","floor":1,"turns":3},{"damage":7,"enemies":"Jaw Worm","floor":2,"turns":3},{"damage":3,"enemies":"Cultist","floor":3,"turns":3},{"damage":16,"enemies":"Blue Slaver","floor":5,"turns":3},{"damage":12,"enemies":"Gremlin Nob","floor":8,"turns":4},{"damage":19,"enemies":"3 Sentries","floor":10,"turns":6},{"damage":10,"enemies":"Exordium Thugs","floor":11,"turns":2},{"damage":12,"enemies":"3 Louse","floor":12,"turns":3},{"damage":12,"enemies":"Exordium Wildlife","floor":14,"turns":3},{"damage":35,"enemies":"Hexaghost","floor":16,"turns":12},{"damage":13,"enemies":"3 Byrds","floor":18,"turns":5},{"damage":17,"enemies":"Shell Parasite","floor":21,"turns":3},{"damage":15,"enemies":"Chosen and Byrds","floor":22,"turns":5},{"damage":61,"enemies":"Slavers","floor":25,"turns":6},{"damage":26,"enemies":"Shelled Parasite and Fungi","floor":28,"turns":3},{"damage":16,"enemies":"Snecko","floor":31,"turns":4},{"damage":67,"enemies":"Collector","floor":33,"turns":6}],"seed_played":"-4501117349500247535","potions_obtained":[{"floor":2,"key":"Dexterity Potion"},{"floor":8,"key":"BloodPotion"},{"floor":11,"key":"Explosive Potion"},{"floor":14,"key":"LiquidBronze"},{"floor":25,"key":"SpeedPotion"},{"floor":28,"key":"Regen Potion"}],"is_trial":false,"path_per_floor":["M","M","M","?","M","R","?","E","T","E","M","M","$","M","R","B",null,"M","?","?","M","M","$","R","E","T","R","M","T","$","M","R","B"],"character_chosen":"IRONCLAD","items_purchased":["Bandage Up"],"campfire_rested":3,"item_purchase_floors":[13],"current_hp_per_floor":[71,70,73,78,68,68,68,62,62,49,45,39,39,37,37,14,67,64,48,40,33,28,28,53,10,10,35,21,21,21,15,40,0],"gold":96,"neow_bonus":"ONE_RANDOM_RARE_CARD","is_prod":false,"is_daily":false,"chose_seed":false,"campfire_upgraded":2,"win_rate":0,"timestamp":1547295427,"path_taken":["M","M","M","?","M","R","?","E","T","E","M","M","$","M","R","BOSS","M","?","?","M","M","$","R","E","T","R","?","?","?","M","R","BOSS"],"build_version":"2019-01-10","purchased_purges":3,"victory":false,"max_hp_per_floor":[80,80,80,85,85,85,85,85,85,85,85,85,85,85,85,85,85,85,85,85,85,85,85,85,85,85,85,85,85,85,85,85,85],"card_choices":[{"not_picked":["Carnage","Anger"],"picked":"Armaments","floor":1},{"not_picked":["Iron Wave","Wild Strike"],"picked":"Metallicize","floor":2},{"not_picked":["Entrench","Rampage"],"picked":"Disarm","floor":3},{"not_picked":["Twin Strike","True Grit","Clash"],"picked":"SKIP","floor":5},{"not_picked":["Havoc","Ghostly Armor","Burning Pact"],"picked":"SKIP","floor":8},{"not_picked":["Dropkick","Armaments","Thunderclap","Sword Boomerang"],"picked":"SKIP","floor":10},{"not_picked":["Burning Pact","Exhume","Havoc"],"picked":"Pommel Strike","floor":11},{"not_picked":["Sword Boomerang","Twin Strike","Corruption"],"picked":"Shrug It Off","floor":12},{"not_picked":["Reckless Charge","Combust","Warcry","Wild Strike"],"picked":"SKIP","floor":14},{"not_picked":["Dark Embrace","Fiend Fire","Immolate"],"picked":"Offering","floor":16},{"not_picked":["Warcry","Cleave","Dual Wield+1"],"picked":"Blood for Blood","floor":18},{"not_picked":["Clothesline+1","True Grit+1","Warcry","Thunderclap"],"picked":"SKIP","floor":21},{"not_picked":["Clothesline+1","Warcry","Thunderclap"],"picked":"True Grit+1","floor":21},{"not_picked":["Bludgeon","Clash+1","Anger","Body Slam"],"picked":"SKIP","floor":22},{"not_picked":["Pummel+1","Seeing Red","Power Through"],"picked":"Bloodletting","floor":25},{"not_picked":["Warcry","Fire Breathing+1","Dual Wield","Body Slam"],"picked":"SKIP","floor":28},{"not_picked":["Anger","Iron Wave","Body Slam","Ghostly Armor+1"],"picked":"SKIP","floor":31}],"player_experience":95341,"relics_obtained":[{"floor":8,"key":"Question Card"},{"floor":9,"key":"Mummified Hand"},{"floor":10,"key":"Lantern"},{"floor":19,"key":"Enchiridion"},{"floor":25,"key":"Frozen Egg 2"},{"floor":26,"key":"Bottled Lightning"},{"floor":29,"key":"Toxic Egg 2"}],"event_choices":[{"damage_healed":0,"gold_gain":0,"player_choice":"Donut","damage_taken":0,"max_hp_gain":5,"max_hp_loss":0,"event_name":"Big Fish","floor":4,"gold_loss":0},{"damage_healed":0,"gold_gain":0,"player_choice":"Rummage","damage_taken":0,"relics_obtained":["WarpedTongs"],"max_hp_gain":0,"max_hp_loss":0,"event_name":"Accursed Blacksmith","floor":7,"gold_loss":0,"cards_obtained":["Pain"]},{"damage_healed":0,"gold_gain":0,"player_choice":"Obtained Book","damage_taken":16,"max_hp_gain":0,"max_hp_loss":0,"event_name":"Cursed Tome","floor":19,"gold_loss":0},{"damage_healed":0,"gold_gain":0,"player_choice":"Damaged","damage_taken":8,"max_hp_gain":0,"max_hp_loss":0,"event_name":"Wheel of Change","floor":20,"gold_loss":0}],"is_beta":false,"boss_relics":[{"not_picked":["Black Blood","Black Star"],"picked":"Runic Cube"}],"items_purged_floors":[13,23,30],"is_endless":false,"potions_floor_spawned":[2,8,11,14,25,28,31],"killed_by":"Collector","ascension_level":6}