{"gold_per_floor":[110,123,136,33,48,48,76,76,76,1,13,14,30,46,46,150,150,170,203,203,143],"floor_reached":21,"playtime":1500,"items_purged":["Survivor"],"score":183,"play_id":"e76d0794-bcd6-4800-8b66-c30a06629f9c","local_time":"20190125163056","is_ascension_mode":false,"campfire_choices":[{"floor":8,"key":"REST"},{"floor":15,"key":"REST"}],"neow_cost":"PERCENT_DAMAGE","seed_source_timestamp":430476914255583,"circlet_count":0,"master_deck":["Defend_G","Defend_G","Defend_G","Defend_G","Defend_G","Strike_G","Strike_G","Neutralize","Eviscerate","Bouncing Flask","Flying Knee","Noxious Fumes","Catalyst","Footwork","Dodge and Roll","Infinite Blades","Catalyst+1","Bane+1"],"relics":["Ring of the Snake","Pear","Paper Crane","Molten Egg 2","Philosopher\u0027s Stone","Red Mask"],"potions_floor_usage":[19,19,19],"damage_taken":[{"damage":10,"enemies":"2 Louse","floor":1,"turns":5},{"damage":0,"enemies":"Cultist","floor":2,"turns":3},{"damage":0,"enemies":"Jaw Worm","floor":3,"turns":3},{"damage":9,"enemies":"Gremlin Gang","floor":5,"turns":6},{"damage":24,"enemies":"3 Sentries","floor":7,"turns":9},{"damage":3,"enemies":"Exordium Wildlife","floor":11,"turns":7},{"damage":16,"enemies":"Exordium Thugs","floor":12,"turns":5},{"damage":0,"enemies":"2 Fungi Beasts","floor":13,"turns":5},{"damage":0,"enemies":"Red Slaver","floor":14,"turns":6},{"damage":7,"enemies":"The Guardian","floor":16,"turns":11},{"damage":5,"enemies":"Shell Parasite","floor":18,"turns":5},{"damage":73,"enemies":"Masked Bandits","floor":19,"turns":7},{"damage":13,"enemies":"2 Thieves","floor":21,"turns":2}],"seed_played":"-5611180473926831762","potions_obtained":[{"floor":1,"key":"Regen Potion"},{"floor":2,"key":"Fire Potion"},{"floor":7,"key":"AttackPotion"},{"floor":12,"key":"Energy Potion"}],"is_trial":false,"path_per_floor":["M","M","M","$","M","?","E","R","T","$","M","M","M","M","R","B",null,"M","?","?","M"],"character_chosen":"THE_SILENT","items_purchased":["Catalyst","Footwork"],"campfire_rested":2,"item_purchase_floors":[4,4],"current_hp_per_floor":[39,39,39,39,30,40,16,40,40,40,37,21,21,21,45,38,80,75,11,11,0],"gold":143,"neow_bonus":"TRANSFORM_TWO_CARDS","is_prod":false,"is_daily":false,"chose_seed":false,"campfire_upgraded":0,"win_rate":0.0,"timestamp":1548455456,"path_taken":["M","M","M","$","M","?","E","R","T","$","M","M","M","M","R","BOSS","M","?","?","?"],"build_version":"2019-01-23","purchased_purges":1,"victory":false,"max_hp_per_floor":[70,70,70,70,70,80,80,80,80,80,80,80,80,80,80,80,80,80,80,80,80],"card_choices":[{"not_picked":["Endless Agony","PiercingWail"],"picked":"Flying Knee","floor":1},{"not_picked":["Distraction","Deadly Poison"],"picked":"Noxious Fumes","floor":2},{"not_picked":["Deadly Poison","Reflex","Escape Plan"],"picked":"SKIP","floor":3},{"not_picked":["Sucker Punch","Deadly Poison","Dodge and Roll"],"picked":"SKIP","floor":5},{"not_picked":["Backflip","Underhanded Strike"],"picked":"Dodge and Roll","floor":7},{"not_picked":["Finisher+1","Deadly Poison","Tactician"],"picked":"SKIP","floor":11},{"not_picked":["Venomology","Underhanded Strike+1","Eviscerate+1"],"picked":"SKIP","floor":12},{"not_picked":["Poisoned Stab+1","Masterful Stab+1","Sucker Punch+1"],"picked":"SKIP","floor":13},{"not_picked":["Well Laid Plans","Escape Plan"],"picked":"Infinite Blades","floor":14},{"not_picked":["Underhanded Strike+1","Tactician"],"picked":"Catalyst+1","floor":18},{"not_picked":["Predator+1","Heel Hook+1"],"picked":"Bane+1","floor":19}],"player_experience":174620,"relics_obtained":[{"floor":7,"key":"Paper Crane"},{"floor":9,"key":"Molten Egg 2"},{"floor":19,"key":"Red Mask"}],"event_choices":[{"damage_healed":0,"gold_gain":0,"player_choice":"Gave Potion","damage_taken":0,"relics_obtained":["Pear"],"max_hp_gain":0,"max_hp_loss":0,"event_name":"WeMeetAgain","floor":6,"gold_loss":0},{"damage_healed":0,"gold_gain":0,"player_choice":"Fought Bandits","damage_taken":0,"max_hp_gain":0,"max_hp_loss":0,"event_name":"Masked Bandits","floor":19,"gold_loss":0},{"cards_removed":["Strike_G"],"damage_healed":0,"gold_gain":0,"player_choice":"Purged","damage_taken":0,"max_hp_gain":0,"max_hp_loss":0,"event_name":"Purifier","floor":20,"gold_loss":0}],"is_beta":false,"boss_relics":[{"not_picked":["White Beast Statue","Lizard Tail"],"picked":"Philosopher\u0027s Stone"}],"items_purged_floors":[10],"is_endless":false,"potions_floor_spawned":[1,2,7,12,13],"killed_by":"2 Thieves","ascension_level":0}