{"gold_per_floor":[13,13,13,13,88,101,125,150,150,170,170,184,184],"floor_reached":13,"playtime":315,"items_purged":[],"score":77,"play_id":"8624055b-e1fa-40db-aa28-8d7afe86d381","local_time":"20190130234219","is_ascension_mode":false,"campfire_choices":[{"floor":11,"key":"REST"}],"neow_cost":"NO_GOLD","seed_source_timestamp":97420717028293,"circlet_count":0,"master_deck":["Strike_R","Strike_R","Strike_R","Strike_R","Defend_R","Defend_R","Defend_R","Defend_R","Bash","Searing Blow"],"relics":["Burning Blood","Du-Vu Doll","Golden Idol","Bag of Marbles"],"potions_floor_usage":[8,12],"damage_taken":[{"damage":0,"enemies":"Small Slimes","floor":1,"turns":4},{"damage":1,"enemies":"2 Louse","floor":6,"turns":3},{"damage":14,"enemies":"Jaw Worm","floor":7,"turns":4},{"damage":31,"enemies":"Large Slime","floor":8,"turns":10},{"damage":9,"enemies":"3 Louse","floor":10,"turns":4},{"damage":34,"enemies":"Exordium Thugs","floor":12,"turns":6},{"damage":0,"enemies":"3 Sentries","floor":13,"turns":2}],"seed_played":"-4161888779241475116","potions_obtained":[{"floor":6,"key":"PowerPotion"},{"floor":7,"key":"Fire Potion"}],"is_trial":false,"path_per_floor":["M","?","?","?","?","M","M","M","T","M","R","M","E"],"character_chosen":"IRONCLAD","items_purchased":[],"campfire_rested":1,"item_purchase_floors":[],"current_hp_per_floor":[80,80,80,60,49,54,46,21,21,18,42,14,14],"gold":184,"neow_bonus":"ONE_RARE_RELIC","is_prod":false,"is_daily":false,"chose_seed":false,"campfire_upgraded":0,"win_rate":0,"timestamp":1548904339,"path_taken":["M","?","?","?","?","M","?","M","T","M","R","M","E"],"build_version":"2019-01-23","purchased_purges":0,"victory":false,"max_hp_per_floor":[80,80,80,80,80,80,80,80,80,80,80,80,80],"card_choices":[{"not_picked":["Cleave","Thunderclap","Flame Barrier"],"picked":"SKIP","floor":1},{"not_picked":["Warcry","Shrug It Off","Sword Boomerang"],"picked":"SKIP","floor":6},{"not_picked":["Clash","Twin Strike","Shrug It Off"],"picked":"SKIP","floor":7},{"not_picked":["Headbutt","Perfected Strike"],"picked":"Searing Blow","floor":8},{"not_picked":["Intimidate","Havoc","Pommel Strike"],"picked":"SKIP","floor":10},{"not_picked":["True Grit","Fiend Fire","Ghostly Armor"],"picked":"SKIP","floor":12}],"player_experience":287793,"relics_obtained":[{"floor":9,"key":"Bag of Marbles"}],"event_choices":[{"damage_healed":0,"gold_gain":0,"player_choice":"Ignored","damage_taken":0,"max_hp_gain":0,"max_hp_loss":0,"event_name":"Liars Game","floor":2,"gold_loss":0},{"cards_removed":["Strike_R"],"damage_healed":0,"gold_gain":0,"player_choice":"Forget","damage_taken":0,"max_hp_gain":0,"max_hp_loss":0,"event_name":"Living Wall","floor":3,"gold_loss":0},{"damage_healed":0,"gold_gain":0,"player_choice":"Take Damage","damage_taken":20,"relics_obtained":["Golden Idol"],"max_hp_gain":0,"max_hp_loss":0,"event_name":"Golden Idol","floor":4,"gold_loss":0},{"damage_healed":0,"gold_gain":75,"player_choice":"Gather Gold","damage_taken":11,"max_hp_gain":0,"max_hp_loss":0,"event_name":"World of Goop","floor":5,"gold_loss":0}],"is_beta":false,"boss_relics":[],"items_purged_floors":[],"is_endless":false,"potions_floor_spawned":[6,7],"killed_by":"3 Sentries","ascension_level":0}