{"gold_per_floor":[365,209,384,384,140,140,154,193,205,260,272,304,316,328,340,352],"floor_reached":16,"playtime":804,"items_purged":["Doubt"],"score":133,"play_id":"8613fc9c-4166-4a7f-bb50-fd5108b7ead1","local_time":"20190127124530","is_ascension_mode":true,"campfire_choices":[{"data":"Neutralize","floor":6,"key":"SMITH"},{"floor":11,"key":"REST"},{"data":"Poisoned Stab","floor":13,"key":"SMITH"},{"floor":15,"key":"REST"}],"neow_cost":"TEN_PERCENT_HP_LOSS","seed_source_timestamp":231214003477600,"circlet_count":0,"master_deck":["Defend_G","Defend_G","Defend_G","Defend_G","Defend_G","Strike_G","Strike_G","Strike_G","Strike_G","Strike_G","Survivor","Neutralize+1","Backstab","Footwork","Discovery","Poisoned Stab+1","Malaise","Blade Dance","Deflect"],"relics":["Ring of the Snake","Anchor","Golden Idol","MawBank","Peace Pipe","Question Card","FossilizedHelix"],"potions_floor_usage":[],"damage_taken":[{"damage":0,"enemies":"Cultist","floor":1,"turns":4},{"damage":6,"enemies":"Jaw Worm","floor":7,"turns":4},{"damage":13,"enemies":"Gremlin Nob","floor":8,"turns":4},{"damage":10,"enemies":"3 Sentries","floor":10,"turns":11},{"damage":4,"enemies":"Small Slimes","floor":12,"turns":4},{"damage":39,"enemies":"Slime Boss","floor":16,"turns":10}],"seed_played":"4094046548177689632","potions_obtained":[{"floor":1,"key":"LiquidBronze"}],"is_trial":false,"path_per_floor":["M","$","?","?","$","R","M","E","T","E","R","M","R","?","R","B"],"character_chosen":"THE_SILENT","items_purchased":["Anchor","Footwork","Discovery","Block Potion"],"campfire_rested":2,"item_purchase_floors":[2,5,5,5],"current_hp_per_floor":[63,63,63,48,48,48,42,29,29,19,37,33,33,21,39,0],"gold":352,"neow_bonus":"TWO_FIFTY_GOLD","is_prod":false,"is_daily":false,"chose_seed":false,"campfire_upgraded":2,"win_rate":0,"timestamp":1548593130,"path_taken":["M","$","?","?","$","R","M","E","T","E","R","M","R","?","R","BOSS"],"build_version":"2019-01-23","purchased_purges":1,"victory":false,"max_hp_per_floor":[63,63,63,63,63,63,63,63,63,63,63,63,63,63,63,63],"card_choices":[{"not_picked":["Dodge and Roll","Slice"],"picked":"Backstab","floor":1},{"not_picked":["Tactician","Caltrops"],"picked":"Poisoned Stab","floor":7},{"not_picked":["Predator","Flying Knee"],"picked":"Malaise","floor":8},{"not_picked":["Sucker Punch","Accuracy"],"picked":"Blade Dance","floor":10},{"not_picked":["Flying Knee","Outmaneuver","Dash"],"picked":"Deflect","floor":12}],"player_experience":177707,"relics_obtained":[{"floor":8,"key":"MawBank"},{"floor":9,"key":"Peace Pipe"},{"floor":10,"key":"Question Card"}],"event_choices":[{"damage_healed":0,"gold_gain":175,"player_choice":"AGREE","damage_taken":0,"max_hp_gain":0,"max_hp_loss":0,"event_name":"Liars Game","floor":3,"gold_loss":0,"cards_obtained":["Doubt"]},{"damage_healed":0,"gold_gain":0,"player_choice":"Take Damage","damage_taken":15,"relics_obtained":["Golden Idol"],"max_hp_gain":0,"max_hp_loss":0,"event_name":"Golden Idol","floor":4,"gold_loss":0},{"damage_healed":0,"gold_gain":0,"player_choice":"Success","damage_taken":12,"relics_obtained":["FossilizedHelix"],"max_hp_gain":0,"max_hp_loss":0,"event_name":"Scrap Ooze","floor":14,"gold_loss":0}],"is_beta":false,"boss_relics":[],"items_purged_floors":[5],"is_endless":false,"potions_floor_spawned":[1],"killed_by":"Slime Boss","ascension_level":5}