{"gold_per_floor":[119,119,130,130,148,148,175,175,252,202,212,212,27,54,54,157,157,175,175,185,7,27,60,78,78,78,78],"floor_reached":27,"playtime":1965,"items_purged":[],"score":241,"play_id":"bb5b656b-af88-442c-ac82-5376690d1594","local_time":"20190123234957","is_ascension_mode":false,"campfire_choices":[{"data":"Gash","floor":6,"key":"SMITH"},{"floor":8,"key":"REST"},{"floor":12,"key":"REST"},{"data":"Strike_B","floor":15,"key":"PURGE"},{"floor":25,"key":"REST"}],"neow_cost":"PERCENT_DAMAGE","seed_source_timestamp":662705838339768,"circlet_count":0,"master_deck":["Defend_B","Defend_B","Defend_B","Defend_B","Zap","Dualcast","Sweeping Beam","Gash+1","Sunder","Echo Form","Chrysalis","FTL","All For One","Auto Shields","Loop","Chrysalis","Auto Shields+1"],"relics":["Cracked Core","Juzu Bracelet","Lantern","Letter Opener","Peace Pipe","Busted Crown","Ginger","Sundial"],"potions_floor_usage":[20,23,23,23,23,27,27],"damage_taken":[{"damage":5,"enemies":"Small Slimes","floor":1,"turns":4},{"damage":6,"enemies":"Jaw Worm","floor":3,"turns":3},{"damage":0,"enemies":"2 Louse","floor":5,"turns":2},{"damage":26,"enemies":"3 Sentries","floor":7,"turns":6},{"damage":0,"enemies":"Large Slime","floor":11,"turns":5},{"damage":1,"enemies":"Lagavulin","floor":14,"turns":7},{"damage":38,"enemies":"The Guardian","floor":16,"turns":8},{"damage":6,"enemies":"Spheric Guardian","floor":18,"turns":4},{"damage":25,"enemies":"2 Thieves","floor":20,"turns":4},{"damage":14,"enemies":"Snake Plant","floor":22,"turns":7},{"damage":21,"enemies":"Gremlin Leader","floor":23,"turns":5},{"damage":26,"enemies":"Shelled Parasite and Fungi","floor":24,"turns":4},{"damage":44,"enemies":"Slavers","floor":27,"turns":3}],"seed_played":"-2735892309787761763","potions_obtained":[{"floor":7,"key":"EntropicBrew"},{"floor":14,"key":"Dexterity Potion"},{"floor":16,"key":"Regen Potion"},{"floor":18,"key":"Regen Potion"},{"floor":24,"key":"Poison Potion"}],"is_trial":false,"path_per_floor":["M","?","M","?","M","R","E","R","T","?","M","R","$","E","R","B",null,"M","?","M","$","M","E","M","R","T","E"],"character_chosen":"DEFECT","items_purchased":["Chrysalis","Chrysalis"],"campfire_rested":3,"item_purchase_floors":[13,21],"current_hp_per_floor":[49,37,31,56,56,56,30,52,52,52,52,74,74,73,73,35,75,69,69,56,56,42,35,9,31,31,0],"gold":78,"neow_bonus":"REMOVE_TWO","is_prod":false,"is_daily":false,"chose_seed":false,"campfire_upgraded":1,"win_rate":0.0,"timestamp":1548254997,"path_taken":["M","?","M","?","M","R","E","R","T","?","M","R","$","E","R","BOSS","M","?","M","$","M","E","M","R","T","E"],"build_version":"2019-01-17v2","purchased_purges":0,"victory":false,"max_hp_per_floor":[75,75,75,75,75,75,75,75,75,75,75,75,75,75,75,75,75,75,75,75,75,75,75,75,75,75,75],"card_choices":[{"not_picked":["Beam Cell","Hologram"],"picked":"Sweeping Beam","floor":1},{"not_picked":["Blizzard","Skim"],"picked":"Gash","floor":3},{"not_picked":["Steam","Redo"],"picked":"Sunder","floor":5},{"not_picked":["Go for the Eyes","Fusion"],"picked":"Echo Form","floor":7},{"not_picked":["Steam","Streamline","Stack"],"picked":"SKIP","floor":11},{"not_picked":["Fusion","Ball Lightning"],"picked":"FTL","floor":14},{"not_picked":["Fission","Seek"],"picked":"All For One","floor":16},{"not_picked":[],"picked":"Auto Shields","floor":18},{"not_picked":[],"picked":"Loop","floor":20},{"not_picked":["Steam"],"picked":"SKIP","floor":22},{"not_picked":[],"picked":"Auto Shields+1","floor":23},{"not_picked":["Steam Power"],"picked":"SKIP","floor":24}],"player_experience":49815,"relics_obtained":[{"floor":7,"key":"Lantern"},{"floor":9,"key":"Letter Opener"},{"floor":14,"key":"Peace Pipe"},{"floor":23,"key":"Ginger"},{"floor":26,"key":"Sundial"}],"event_choices":[{"damage_healed":0,"gold_gain":0,"player_choice":"Success","damage_taken":12,"relics_obtained":["Juzu Bracelet"],"max_hp_gain":0,"max_hp_loss":0,"event_name":"Scrap Ooze","floor":2,"gold_loss":0},{"damage_healed":25,"gold_gain":0,"player_choice":"Banana","damage_taken":0,"max_hp_gain":0,"max_hp_loss":0,"event_name":"Big Fish","floor":4,"gold_loss":0},{"cards_removed":["Strike_B"],"damage_healed":0,"gold_gain":0,"player_choice":"Card Removal","damage_taken":0,"max_hp_gain":0,"max_hp_loss":0,"event_name":"The Cleric","floor":10,"gold_loss":50},{"damage_healed":0,"gold_gain":0,"player_choice":"Ignored","damage_taken":0,"max_hp_gain":0,"max_hp_loss":0,"event_name":"Cursed Tome","floor":19,"gold_loss":0}],"is_beta":false,"boss_relics":[{"not_picked":["Eternal Feather","White Beast Statue"],"picked":"Busted Crown"}],"items_purged_floors":[],"is_endless":false,"potions_floor_spawned":[7,14,16,18,24],"killed_by":"Slavers","ascension_level":0}