{"gold_per_floor":[111,111,39,39,39,39,39,57,106,131,154,188,188,227,227,358,358,378,398,124,124,124,153,169,180,180,27,27,54,72,84,84,84],"floor_reached":33,"playtime":1480,"items_purged":[],"score":295,"play_id":"5eeb0e1a-8613-4220-948d-d8bbc19161c9","local_time":"20181202115059","is_ascension_mode":false,"campfire_choices":[{"data":"Reckless Charge","floor":6,"key":"SMITH"},{"floor":13,"key":"REST"},{"data":"Shrug It Off","floor":15,"key":"SMITH"},{"data":"Seeing Red","floor":28,"key":"SMITH"},{"data":"Spot Weakness","floor":32,"key":"SMITH"}],"neow_cost":"NONE","seed_source_timestamp":1520908265924565,"circlet_count":0,"master_deck":["Strike_R","Strike_R","Strike_R","Strike_R","Strike_R","Defend_R","Defend_R","Defend_R","Defend_R","Pommel Strike","Reckless Charge+1","Shrug It Off+1","Flex","Twin Strike","Carnage+1","Rampage+1","Immolate+1","Seeing Red+1","Metallicize","Cleave+1","Spot Weakness+1","Twin Strike+1","Double Tap","Perfected Strike+1","Shame","Blood for Blood+1"],"relics":["Burning Blood","NeowsBlessing","Du-Vu Doll","Bloody Idol","Oddly Smooth Stone","Molten Egg 2","Magic Flower","Cursed Key","Anchor","CultistMask","Mercury Hourglass","Dream Catcher","Pen Nib","Regal Pillow"],"potions_floor_usage":[12,16,23,33,33,33],"damage_taken":[{"damage":0,"enemies":"Jaw Worm","floor":1,"turns":1},{"damage":0,"enemies":"Small Slimes","floor":8,"turns":1},{"damage":0,"enemies":"2 Louse","floor":10,"turns":1},{"damage":6,"enemies":"Blue Slaver","floor":11,"turns":4},{"damage":27,"enemies":"Lagavulin","floor":12,"turns":6},{"damage":10,"enemies":"Gremlin Nob","floor":14,"turns":3},{"damage":52,"enemies":"Hexaghost","floor":16,"turns":9},{"damage":0,"enemies":"Chosen","floor":18,"turns":3},{"damage":0,"enemies":"3 Byrds","floor":19,"turns":3},{"damage":30,"enemies":"Book of Stabbing","floor":23,"turns":5},{"damage":0,"enemies":"Snake Plant","floor":24,"turns":2},{"damage":0,"enemies":"Snecko","floor":25,"turns":3},{"damage":21,"enemies":"Gremlin Leader","floor":29,"turns":4},{"damage":0,"enemies":"Centurion and Healer","floor":30,"turns":2},{"damage":14,"enemies":"Shelled Parasite and Fungi","floor":31,"turns":3},{"damage":102,"enemies":"Champ","floor":33,"turns":8}],"seed_played":"-5270630233089409477","potions_obtained":[{"floor":1,"key":"Dexterity Potion"},{"floor":11,"key":"GamblersBrew"},{"floor":16,"key":"Poison Potion"},{"floor":23,"key":"SpeedPotion"},{"floor":24,"key":"SteroidPotion"},{"floor":30,"key":"BloodPotion"}],"is_trial":false,"path_per_floor":["M","?","$","?","?","R","?","M","T","M","M","E","R","E","R","B",null,"M","M","$","?","?","E","M","M","T","$","R","E","M","M","R","B"],"character_chosen":"IRONCLAD","items_purchased":["Reckless Charge","Anchor","Cleave+1","Spot Weakness","Pen Nib"],"campfire_rested":1,"item_purchase_floors":[3,20,20,20,27],"current_hp_per_floor":[80,77,77,77,70,70,70,76,76,80,80,59,80,76,76,33,80,80,80,80,80,80,64,78,80,80,80,80,73,80,80,80,0],"gold":84,"neow_bonus":"THREE_ENEMY_KILL","is_prod":false,"is_daily":false,"chose_seed":false,"campfire_upgraded":4,"win_rate":0,"timestamp":1543747859,"path_taken":["M","?","$","?","?","R","?","M","T","M","?","E","R","E","R","BOSS","M","M","$","?","?","E","?","M","T","$","R","E","M","M","R","BOSS"],"build_version":"2018-11-15","purchased_purges":0,"victory":false,"max_hp_per_floor":[80,80,80,80,80,80,80,80,80,80,80,80,80,80,80,80,80,80,80,80,80,80,80,80,80,80,80,80,80,80,80,80,80],"card_choices":[{"not_picked":["Burning Pact","Heavy Blade"],"picked":"Pommel Strike","floor":1},{"not_picked":["Body Slam","Havoc"],"picked":"Shrug It Off","floor":8},{"not_picked":["Heavy Blade","Disarm"],"picked":"Flex","floor":10},{"not_picked":["Feel No Pain","Uppercut"],"picked":"Twin Strike","floor":11},{"not_picked":["Clothesline","Limit Break"],"picked":"Carnage","floor":12},{"not_picked":["Corruption","Headbutt+1"],"picked":"Rampage+1","floor":14},{"not_picked":["Reaper+1","Barricade"],"picked":"Immolate+1","floor":16},{"not_picked":["Warcry","Armaments+1"],"picked":"Seeing Red","floor":18},{"not_picked":["Metallicize","Flame Barrier","Thunderclap+1"],"picked":"SKIP","floor":19},{"not_picked":["Flame Barrier","Thunderclap+1"],"picked":"Metallicize","floor":19},{"not_picked":["Feel No Pain+1","Thunderclap+1"],"picked":"Twin Strike+1","floor":23},{"not_picked":["Perfected Strike+1","Whirlwind+1"],"picked":"Double Tap","floor":24},{"not_picked":["Armaments+1","Ghostly Armor"],"picked":"Perfected Strike+1","floor":25},{"not_picked":["Anger+1","Berserk","Heavy Blade+1"],"picked":"SKIP","floor":29},{"not_picked":["Cleave+1","Ghostly Armor"],"picked":"Blood for Blood+1","floor":30},{"not_picked":["Shrug It Off","Shockwave","Reaper+1"],"picked":"SKIP","floor":31}],"player_experience":124196,"relics_obtained":[{"floor":9,"key":"Oddly Smooth Stone"},{"floor":12,"key":"Molten Egg 2"},{"floor":14,"key":"Magic Flower"},{"floor":23,"key":"Mercury Hourglass"},{"floor":26,"key":"Dream Catcher"},{"floor":29,"key":"Regal Pillow"}],"event_choices":[{"damage_healed":0,"gold_gain":0,"player_choice":"Success","damage_taken":3,"relics_obtained":["Du-Vu Doll"],"max_hp_gain":0,"max_hp_loss":0,"event_name":"Scrap Ooze","floor":2,"gold_loss":0},{"damage_healed":0,"gold_gain":0,"player_choice":"Take Wound","damage_taken":0,"relics_obtained":["Golden Idol"],"max_hp_gain":0,"max_hp_loss":0,"event_name":"Golden Idol","floor":4,"gold_loss":0,"cards_obtained":["Injury"]},{"cards_removed":["Bash"],"damage_healed":0,"gold_gain":0,"player_choice":"Card Removal","damage_taken":7,"max_hp_gain":0,"max_hp_loss":0,"event_name":"Golden Wing","floor":5,"gold_loss":0},{"cards_removed":["Injury"],"damage_healed":0,"gold_gain":0,"player_choice":"Forget","damage_taken":0,"max_hp_gain":0,"max_hp_loss":0,"event_name":"Living Wall","floor":7,"gold_loss":0},{"damage_healed":0,"gold_gain":0,"player_choice":"Gave Idol","damage_taken":0,"relics_obtained":["Bloody Idol"],"max_hp_gain":0,"max_hp_loss":0,"event_name":"Forgotten Altar","floor":21,"relics_lost":["Golden Idol"],"gold_loss":0},{"damage_healed":0,"gold_gain":0,"player_choice":"Trade","damage_taken":0,"relics_obtained":["CultistMask"],"max_hp_gain":0,"max_hp_loss":0,"event_name":"FaceTrader","floor":22,"gold_loss":0}],"is_beta":false,"boss_relics":[{"not_picked":["Eternal Feather","Ectoplasm"],"picked":"Cursed Key"}],"items_purged_floors":[],"is_endless":false,"potions_floor_spawned":[1,11,16,23,24,30],"killed_by":"Champ","ascension_level":0}