{"gold_per_floor":[116,191,205,205,224,224,33,33,33,46,59,59,77,91,91,188,188,203,219,219,0,100,100,100,119,146,146,166,166,166,178,178,178],"floor_reached":33,"playtime":2594,"items_purged":["Bash"],"score":241,"play_id":"843202f2-fe02-4e60-9021-86ebd349a02b","local_time":"20181117123121","is_ascension_mode":false,"campfire_choices":[{"data":"Rampage","floor":6,"key":"SMITH"},{"data":"Apotheosis","floor":8,"key":"SMITH"},{"data":"Rage","floor":12,"key":"SMITH"},{"floor":15,"key":"DIG"},{"floor":23,"key":"DIG"},{"floor":30,"key":"REST"},{"floor":32,"key":"REST"}],"neow_cost":"NONE","seed_source_timestamp":226166039643532,"circlet_count":0,"master_deck":["Strike_R","Strike_R","Strike_R","Strike_R","Strike_R","Defend_R","Defend_R","Defend_R","Sword Boomerang","Rampage+1","Shrug It Off","Apotheosis+1","Rage+1","Reaper","Juggernaut","Searing Blow+1"],"relics":["Burning Blood","NeowsBlessing","Shovel","Shuriken","Lizard Tail","MutagenicStrength","Anchor","Ornamental Fan","Smiling Mask"],"potions_floor_usage":[16,16,16,27,29],"damage_taken":[{"damage":0,"enemies":"Cultist","floor":1,"turns":1},{"damage":0,"enemies":"Small Slimes","floor":3,"turns":1},{"damage":0,"enemies":"2 Louse","floor":5,"turns":1},{"damage":4,"enemies":"2 Fungi Beasts","floor":10,"turns":3},{"damage":7,"enemies":"Exordium Thugs","floor":11,"turns":7},{"damage":0,"enemies":"3 Louse","floor":13,"turns":3},{"damage":0,"enemies":"Large Slime","floor":14,"turns":5},{"damage":36,"enemies":"Slime Boss","floor":16,"turns":9},{"damage":30,"enemies":"Shell Parasite","floor":18,"turns":8},{"damage":8,"enemies":"Chosen","floor":19,"turns":6},{"damage":10,"enemies":"Snecko","floor":25,"turns":6},{"damage":6,"enemies":"Cultist and Chosen","floor":27,"turns":4},{"damage":25,"enemies":"Snake Plant","floor":28,"turns":6},{"damage":39,"enemies":"Colosseum Slavers","floor":29,"turns":7},{"damage":41,"enemies":"Snecko","floor":31,"turns":7},{"damage":142,"enemies":"Automaton","floor":33,"turns":10}],"seed_played":"-6765935884014369977","potions_obtained":[{"floor":5,"key":"EssenceOfSteel"},{"floor":10,"key":"GamblersBrew"},{"floor":11,"key":"Fruit Juice"},{"floor":14,"key":"EssenceOfSteel"},{"floor":18,"key":"Energy Potion"},{"floor":25,"key":"SmokeBomb"}],"is_trial":false,"path_per_floor":["M","?","M","?","M","R","$","R","T","M","M","R","M","M","R","B",null,"M","M","?","$","?","R","$","M","T","M","M","?","R","M","R","B"],"character_chosen":"IRONCLAD","items_purchased":["Apotheosis","Anchor"],"campfire_rested":2,"item_purchase_floors":[7,21],"current_hp_per_floor":[80,69,75,75,80,80,80,80,80,80,79,79,80,80,80,64,85,61,63,63,63,63,63,63,65,65,75,56,29,54,23,48,0],"gold":178,"neow_bonus":"THREE_ENEMY_KILL","is_prod":false,"is_daily":false,"chose_seed":false,"campfire_upgraded":3,"win_rate":0,"timestamp":1542454281,"path_taken":["M","?","M","?","M","R","$","R","T","?","M","R","M","M","R","BOSS","M","M","?","$","?","R","$","M","T","M","?","?","R","M","R","BOSS"],"build_version":"2018-11-08","purchased_purges":1,"victory":false,"max_hp_per_floor":[80,80,80,80,80,80,80,80,80,80,80,80,80,80,80,85,85,85,85,85,85,85,85,85,85,85,85,85,85,85,85,85,85],"card_choices":[{"not_picked":["Flex","Second Wind"],"picked":"Sword Boomerang","floor":1},{"not_picked":["Heavy Blade","Disarm"],"picked":"Rampage","floor":3},{"not_picked":["Heavy Blade","Clothesline"],"picked":"Shrug It Off","floor":5},{"not_picked":["Sentinel","Headbutt"],"picked":"Rage","floor":10},{"not_picked":["Disarm","Perfected Strike"],"picked":"Reaper","floor":11},{"not_picked":["Pommel Strike","Twin Strike","Bloodletting"],"picked":"SKIP","floor":13},{"not_picked":["Sever Soul","Feel No Pain","Rampage"],"picked":"SKIP","floor":14},{"not_picked":["Impervious","Feed"],"picked":"Juggernaut","floor":16},{"not_picked":["Flame Barrier","Uppercut+1","Warcry"],"picked":"SKIP","floor":18},{"not_picked":["Thunderclap+1","Body Slam","Twin Strike"],"picked":"SKIP","floor":19},{"not_picked":["Shockwave","Sword Boomerang","Reckless Charge"],"picked":"SKIP","floor":25},{"not_picked":["Wild Strike","Intimidate+1"],"picked":"Searing Blow+1","floor":28},{"not_picked":["True Grit","Flame Barrier+1","Sever Soul+1"],"picked":"SKIP","floor":31}],"player_experience":51442,"relics_obtained":[{"floor":9,"key":"Shovel"},{"floor":15,"key":"Shuriken"},{"floor":23,"key":"Ornamental Fan"},{"floor":26,"key":"Smiling Mask"}],"event_choices":[{"damage_healed":0,"gold_gain":75,"player_choice":"Gather Gold","damage_taken":11,"max_hp_gain":0,"max_hp_loss":0,"event_name":"World of Goop","floor":2,"gold_loss":0},{"cards_removed":["Defend_R"],"damage_healed":0,"gold_gain":0,"player_choice":"Purged","damage_taken":0,"max_hp_gain":0,"max_hp_loss":0,"event_name":"Purifier","floor":4,"gold_loss":0},{"damage_healed":0,"gold_gain":0,"player_choice":"Inject Mutagens","damage_taken":0,"relics_obtained":["MutagenicStrength"],"max_hp_gain":0,"max_hp_loss":0,"event_name":"Drug Dealer","floor":20,"gold_loss":0},{"damage_healed":0,"gold_gain":100,"player_choice":"Pray","damage_taken":0,"max_hp_gain":0,"max_hp_loss":0,"event_name":"Golden Shrine","floor":22,"gold_loss":0},{"damage_healed":0,"gold_gain":0,"player_choice":"Fight","damage_taken":0,"max_hp_gain":0,"max_hp_loss":0,"event_name":"Colosseum","floor":29,"gold_loss":0},{"damage_healed":0,"gold_gain":0,"player_choice":"Fled From Nobs","damage_taken":0,"max_hp_gain":0,"max_hp_loss":0,"event_name":"Colosseum","floor":29,"gold_loss":0}],"is_beta":false,"boss_relics":[{"not_picked":["Coffee Dripper","Ectoplasm"],"picked":"Lizard Tail"}],"items_purged_floors":[21],"is_endless":false,"potions_floor_spawned":[5,10,11,14,18,25,27],"killed_by":"Automaton","ascension_level":0}