{"gold_per_floor":[116,129,140,160,92,92,125,135,135,153,183,148,148,148,148,251,251,264,25,25,42,222,222,250,250,250,250,261,261,295,312,312,417,417,437,437,130,130,149,149,149,166,166,181,191,210,210,228,228,228,228,228,52,78,78],"floor_reached":55,"playtime":4069,"items_purged":["Strike_B"],"score":744,"play_id":"91aecc5f-5ac8-4257-a02c-2e6e9aa5103e","local_time":"20190128224538","is_ascension_mode":false,"campfire_choices":[{"floor":6,"key":"RECALL"},{"data":"Conserve Battery","floor":13,"key":"SMITH"},{"data":"Sweeping Beam","floor":15,"key":"SMITH"},{"floor":23,"key":"REST"},{"data":"Buffer","floor":25,"key":"SMITH"},{"data":"Zap","floor":27,"key":"SMITH"},{"data":"Sunder","floor":32,"key":"SMITH"},{"data":"Reinforced Body","floor":40,"key":"SMITH"},{"floor":47,"key":"REST"},{"floor":49,"key":"REST"},{"data":"Glacier","floor":52,"key":"SMITH"}],"neow_cost":"NONE","seed_source_timestamp":18248556754862,"circlet_count":0,"master_deck":["Strike_B+1","Strike_B+1","Strike_B+1","Defend_B+1","Defend_B+1","Defend_B+1","Defend_B+1","Zap+1","Dualcast","Sweeping Beam+1","Chill","Go for the Eyes","Self Repair","FTL","Conserve Battery+1","Core Surge","BootSequence","Buffer+1","Leap","Seek","Ball Lightning","Ball Lightning","Glacier+1","Sunder+1","Doom and Gloom+1","Creative AI+1","Storm+1","Reinforced Body+1","Static Discharge+1","Melter+1","Madness","Madness","Cold Snap+1","Reinforced Body+1","Leap","Buffer+1"],"relics":["Cracked Core","Anchor","Blue Candle","Kunai","Dodecahedron","Lizard Tail","Mercury Hourglass","Frozen Egg 2","Omamori","Inserter","WarpedTongs","Bronze Scales","Question Card","Ornamental Fan"],"potions_floor_usage":[16,16,42,46,50,50,54,54,55],"damage_taken":[{"damage":0,"enemies":"Jaw Worm","floor":1,"turns":3},{"damage":0,"enemies":"Small Slimes","floor":2,"turns":2},{"damage":0,"enemies":"Cultist","floor":3,"turns":3},{"damage":0,"enemies":"3 Louse","floor":4,"turns":3},{"damage":3,"enemies":"3 Sentries","floor":7,"turns":7},{"damage":2,"enemies":"Gremlin Gang","floor":8,"turns":5},{"damage":1,"enemies":"Looter","floor":10,"turns":3},{"damage":26,"enemies":"Lagavulin","floor":11,"turns":10},{"damage":34,"enemies":"Hexaghost","floor":16,"turns":13},{"damage":10,"enemies":"Spheric Guardian","floor":18,"turns":5},{"damage":1,"enemies":"2 Thieves","floor":21,"turns":4},{"damage":0,"enemies":"Gremlin Leader","floor":24,"turns":7},{"damage":0,"enemies":"Shelled Parasite and Fungi","floor":28,"turns":4},{"damage":0,"enemies":"Slavers","floor":30,"turns":5},{"damage":0,"enemies":"Centurion and Healer","floor":31,"turns":4},{"damage":66,"enemies":"Champ","floor":33,"turns":17},{"damage":0,"enemies":"Orb Walker","floor":35,"turns":4},{"damage":17,"enemies":"3 Darklings","floor":39,"turns":5},{"damage":3,"enemies":"Maw","floor":42,"turns":8},{"damage":45,"enemies":"Transient","floor":44,"turns":5},{"damage":7,"enemies":"Jaw Worm Horde","floor":45,"turns":5},{"damage":3,"enemies":"Maw","floor":46,"turns":10},{"damage":6,"enemies":"3 Darklings","floor":48,"turns":6},{"damage":57,"enemies":"Awakened One","floor":50,"turns":17},{"damage":59,"enemies":"Shield and Spear","floor":54,"turns":8},{"damage":92,"enemies":"The Heart","floor":55,"turns":5}],"seed_played":"-1803732973726955523","potions_obtained":[{"floor":1,"key":"Block Potion"},{"floor":7,"key":"SneckoOil"},{"floor":10,"key":"Block Potion"},{"floor":16,"key":"Dexterity Potion"},{"floor":24,"key":"PowerPotion"},{"floor":28,"key":"SpeedPotion"},{"floor":45,"key":"SkillPotion"},{"floor":48,"key":"SmokeBomb"}],"is_trial":false,"path_per_floor":["M","M","M","M","$","R","E","M","T","M","E","?","R","?","R","B",null,"M","$","?","M","?","R","E","R","T","R","M","?","E","M","R","B",null,"M","?","$","T","M","R","?","M","T","M","M","M","R","M","R","B",null,"R","$","E","B"],"character_chosen":"DEFECT","items_purchased":["Self Repair","Seek","Bronze Scales","Reinforced Body","Static Discharge+1","SkillPotion","Dexterity Potion","Explosive Potion","Leap"],"campfire_rested":3,"item_purchase_floors":[5,19,37,37,37,53,53,53,53],"current_hp_per_floor":[75,75,75,75,75,75,75,75,75,75,56,74,74,74,74,47,75,72,72,72,75,54,75,75,75,75,75,75,75,75,75,75,16,75,75,75,75,75,68,68,59,66,66,28,21,28,50,51,73,16,75,75,75,23,0],"gold":78,"neow_bonus":"RANDOM_COMMON_RELIC","is_prod":false,"is_daily":false,"chose_seed":false,"campfire_upgraded":7,"win_rate":0,"timestamp":1548737138,"path_taken":["M","M","M","M","$","R","E","M","T","M","E","?","R","?","R","BOSS","M","$","?","M","?","R","E","R","T","R","?","?","E","?","R","BOSS","M","?","$","?","M","R","?","M","T","?","M","M","R","M","R","BOSS","R","$","E","BOSS"],"build_version":"2019-01-23","purchased_purges":1,"victory":false,"max_hp_per_floor":[75,75,75,75,75,75,75,75,75,75,75,75,75,75,75,75,75,75,75,75,75,75,75,75,75,75,75,75,75,75,75,75,75,75,75,75,75,75,75,75,75,75,75,75,75,75,75,75,75,75,75,75,75,75,75],"card_choices":[{"not_picked":["Gash","Turbo"],"picked":"Sweeping Beam","floor":1},{"not_picked":["Rebound","Amplify"],"picked":"Chill","floor":2},{"not_picked":["Sweeping Beam","Barrage","Gash"],"picked":"SKIP","floor":3},{"not_picked":["Rebound","Tempest"],"picked":"Go for the Eyes","floor":4},{"not_picked":["Hello World","Sweeping Beam"],"picked":"FTL","floor":7},{"not_picked":["Capacitor","Darkness"],"picked":"Conserve Battery","floor":8},{"not_picked":["Stack","Steam"],"picked":"Core Surge","floor":10},{"not_picked":["Aggregate","Barrage"],"picked":"BootSequence","floor":11},{"not_picked":["Core Surge","Fission"],"picked":"Buffer","floor":16},{"not_picked":["FTL","Sweeping Beam"],"picked":"Leap","floor":18},{"not_picked":["Leap","Turbo"],"picked":"Ball Lightning","floor":21},{"not_picked":["Gash","All For One"],"picked":"Ball Lightning","floor":24},{"not_picked":["Hologram","Aggregate"],"picked":"Glacier","floor":28},{"not_picked":["Cold Snap","Tempest"],"picked":"Sunder","floor":30},{"not_picked":["Beam Cell","Gash"],"picked":"Doom and Gloom+1","floor":31},{"not_picked":["Electrodynamics+1","Multi-Cast"],"picked":"Creative AI+1","floor":33},{"not_picked":["Darkness","Steam+1"],"picked":"Storm+1","floor":35},{"not_picked":["Hologram","Loop+1"],"picked":"Melter+1","floor":39},{"not_picked":["Go for the Eyes","Leap"],"picked":"Cold Snap+1","floor":42},{"not_picked":["Storm+1","Redo","Chill+1","Doom and Gloom+1"],"picked":"SKIP","floor":44},{"not_picked":["Steam","Redo+1","Stack","Steam Power+1"],"picked":"SKIP","floor":45},{"not_picked":["Conserve Battery","Go for the Eyes","Gash+1","Ball Lightning+1"],"picked":"SKIP","floor":46},{"not_picked":["Compile Driver","Lockon","Sweeping Beam"],"picked":"Reinforced Body+1","floor":48},{"not_picked":["BootSequence","Turbo+1","Glacier"],"picked":"Buffer+1","floor":54}],"player_experience":339229,"relics_obtained":[{"floor":7,"key":"Blue Candle"},{"floor":9,"key":"Kunai"},{"floor":11,"key":"Dodecahedron"},{"floor":24,"key":"Mercury Hourglass"},{"floor":26,"key":"Frozen Egg 2"},{"floor":30,"key":"Omamori"},{"floor":43,"key":"Question Card"},{"floor":54,"key":"Ornamental Fan"}],"event_choices":[{"damage_healed":18,"gold_gain":0,"player_choice":"Healed","damage_taken":0,"max_hp_gain":0,"max_hp_loss":0,"event_name":"The Cleric","floor":12,"gold_loss":35},{"damage_healed":0,"gold_gain":0,"player_choice":"Ignored","damage_taken":0,"max_hp_gain":0,"max_hp_loss":0,"event_name":"Liars Game","floor":14,"gold_loss":0},{"damage_healed":0,"gold_gain":0,"player_choice":"Simplicity","damage_taken":0,"max_hp_gain":0,"max_hp_loss":0,"event_name":"Back to Basics","floor":20,"gold_loss":0,"cards_upgraded":["Strike_B","Strike_B","Strike_B","Defend_B","Defend_B","Defend_B","Defend_B"]},{"damage_healed":0,"gold_gain":180,"player_choice":"GOLD GOLD ","damage_taken":21,"max_hp_gain":0,"max_hp_loss":0,"event_name":"Knowing Skull","floor":22,"potions_obtained":[],"gold_loss":0,"cards_obtained":[]},{"damage_healed":0,"gold_gain":0,"player_choice":"Ignored","damage_taken":0,"max_hp_gain":0,"max_hp_loss":0,"event_name":"N\u0027loth","floor":29,"gold_loss":0},{"damage_healed":0,"gold_gain":0,"player_choice":"Rummage","damage_taken":0,"relics_obtained":["WarpedTongs"],"max_hp_gain":0,"max_hp_loss":0,"event_name":"Accursed Blacksmith","floor":36,"gold_loss":0,"cards_obtained":["Pain"]},{"damage_healed":0,"gold_gain":0,"player_choice":"Embrace Madness","damage_taken":9,"max_hp_gain":0,"max_hp_loss":0,"event_name":"Winding Halls","floor":41,"gold_loss":0,"cards_obtained":["Madness","Madness"]}],"is_beta":false,"boss_relics":[{"not_picked":["Calling Bell","Empty Cage"],"picked":"Lizard Tail"},{"not_picked":["Tiny House","Cursed Key"],"picked":"Inserter"}],"items_purged_floors":[19],"is_endless":false,"potions_floor_spawned":[1,7,10,16,24,28,35,45,48],"killed_by":"The Heart","ascension_level":0}