{"gold_per_floor":[115,40,59,59,59,59,94,94,94,27,27,27,59,59,59,158,158,168,181,181,181,197,197,226,226,226,242,277,277,295,305,305,404,404,417,169,469,126,143,143,153,180,207,207,258,287,307,326,326,326],"floor_reached":51,"playtime":2026,"items_purged":["Defend_B","Strike_B","Strike_B"],"score":851,"play_id":"5ee6549f-f83c-4ee6-87ae-5c11fd667e23","local_time":"20190130194744","is_ascension_mode":false,"campfire_choices":[{"data":"Dualcast","floor":6,"key":"SMITH"},{"floor":8,"key":"REST"},{"floor":15,"key":"REST"},{"data":"Buffer","floor":23,"key":"SMITH"},{"data":"White Noise","floor":25,"key":"SMITH"},{"data":"Heatsinks","floor":32,"key":"SMITH"},{"data":"Storm","floor":40,"key":"SMITH"},{"floor":49,"key":"REST"}],"neow_cost":"PERCENT_DAMAGE","seed_source_timestamp":81626320649593,"circlet_count":0,"master_deck":["Defend_B","Defend_B","Defend_B","Zap","Dualcast+1","Rip and Tear+1","FTL+1","White Noise+1","Defragment","Conserve Battery+1","Echo Form","White Noise+1","White Noise+1","Buffer+1","Amplify+1","Heatsinks+1","Fission+1","Defragment","Storm+1","Tempest+1","FTL+1","Fission+1","Melter+1","Heatsinks"],"relics":["Cracked Core","Mummified Hand","Darkstone Periapt","Toxic Egg 2","Lizard Tail","Blood Vial","Meat on the Bone","Dodecahedron","Inserter","DataDisk","Dream Catcher","Pantograph","Whetstone","Girya","Happy Flower"],"potions_floor_usage":[16,16,16,24,24,27,50,50,50],"damage_taken":[{"damage":0,"enemies":"Small Slimes","floor":1,"turns":2},{"damage":1,"enemies":"Cultist","floor":3,"turns":3},{"damage":31,"enemies":"3 Sentries","floor":7,"turns":6},{"damage":21,"enemies":"Lagavulin","floor":13,"turns":5},{"damage":19,"enemies":"The Guardian","floor":16,"turns":8},{"damage":17,"enemies":"Spheric Guardian","floor":18,"turns":4},{"damage":0,"enemies":"3 Byrds","floor":19,"turns":2},{"damage":13,"enemies":"Shelled Parasite and Fungi","floor":22,"turns":3},{"damage":65,"enemies":"Slavers","floor":24,"turns":5},{"damage":4,"enemies":"Chosen and Byrds","floor":27,"turns":8},{"damage":12,"enemies":"Gremlin Leader","floor":28,"turns":5},{"damage":0,"enemies":"Snecko","floor":30,"turns":5},{"damage":0,"enemies":"3 Cultists","floor":31,"turns":4},{"damage":0,"enemies":"Collector","floor":33,"turns":7},{"damage":9,"enemies":"3 Darklings","floor":35,"turns":6},{"damage":0,"enemies":"Orb Walker","floor":39,"turns":2},{"damage":0,"enemies":"Sphere and 2 Shapes","floor":41,"turns":2},{"damage":13,"enemies":"Reptomancer","floor":42,"turns":2},{"damage":13,"enemies":"2 Orb Walkers","floor":45,"turns":3},{"damage":0,"enemies":"Giant Head","floor":46,"turns":3},{"damage":16,"enemies":"4 Shapes","floor":47,"turns":2},{"damage":0,"enemies":"3 Darklings","floor":48,"turns":2},{"damage":8,"enemies":"Awakened One","floor":50,"turns":5}],"seed_played":"1203393912179780242","potions_obtained":[{"floor":1,"key":"EntropicBrew"},{"floor":4,"key":"Fire Potion"},{"floor":4,"key":"SmokeBomb"},{"floor":19,"key":"FearPotion"},{"floor":24,"key":"Explosive Potion"},{"floor":33,"key":"SteroidPotion"},{"floor":35,"key":"Regen Potion"},{"floor":48,"key":"LiquidBronze"}],"is_trial":false,"path_per_floor":["M","$","M","?","$","R","E","R","T","$","?","?","E","$","R","B",null,"M","M","?","?","M","R","E","R","T","M","E","?","M","M","R","B",null,"M","$","?","$","M","R","M","E","T","?","?","E","M","M","R","B",null],"character_chosen":"DEFECT","items_purchased":["Defragment","DataDisk","Storm","Dream Catcher"],"campfire_rested":3,"item_purchase_floors":[10,36,38,38],"current_hp_per_floor":[54,54,53,53,53,53,22,44,44,44,44,49,28,28,52,33,80,63,63,63,63,50,50,40,40,40,50,52,52,54,56,56,58,80,71,71,71,71,73,73,75,64,64,64,53,55,41,43,65,76],"gold":326,"neow_bonus":"TRANSFORM_TWO_CARDS","is_prod":false,"is_daily":false,"chose_seed":false,"campfire_upgraded":5,"win_rate":0,"timestamp":1548890264,"path_taken":["M","$","M","?","$","R","E","R","T","?","?","?","E","$","R","BOSS","M","M","?","?","M","R","E","R","T","M","E","?","M","M","R","BOSS","M","$","?","$","?","R","M","E","T","?","?","E","M","M","R","BOSS"],"build_version":"2019-01-23","purchased_purges":3,"victory":true,"max_hp_per_floor":[75,75,75,75,75,75,75,75,75,75,75,80,80,80,80,80,80,80,80,80,80,80,80,80,80,80,80,80,80,80,80,80,80,80,80,80,80,80,80,80,80,80,80,76,76,76,76,76,76,76],"card_choices":[{"not_picked":["BootSequence","Hello World","Streamline"],"picked":"SKIP","floor":1},{"not_picked":["Chaos","Leap"],"picked":"FTL","floor":3},{"not_picked":["Beam Cell","Aggregate"],"picked":"White Noise","floor":7},{"not_picked":["Barrage","Multi-Cast"],"picked":"Conserve Battery","floor":13},{"not_picked":["Machine Learning","Seek+1"],"picked":"Echo Form","floor":16},{"not_picked":["Skim+1","Stack+1"],"picked":"White Noise+1","floor":18},{"not_picked":["Rebound+1","Redo+1"],"picked":"White Noise+1","floor":19},{"not_picked":["Hologram+1","Streamline","Chill+1"],"picked":"SKIP","floor":22},{"not_picked":["Barrage","Cold Snap"],"picked":"Amplify+1","floor":24},{"not_picked":["Beam Cell","Stack+1","Fusion+1"],"picked":"SKIP","floor":27},{"not_picked":["Cold Snap","Reinforced Body+1"],"picked":"Heatsinks","floor":28},{"not_picked":["Glacier+1","Compile Driver","Coolheaded+1"],"picked":"SKIP","floor":30},{"not_picked":["Aggregate+1","Barrage","Turbo+1"],"picked":"SKIP","floor":31},{"not_picked":["Meteor Strike","Hyperbeam"],"picked":"Fission+1","floor":33},{"not_picked":["Rebound","Cold Snap+1"],"picked":"Defragment","floor":35},{"not_picked":["Coolheaded+1","Redo+1"],"picked":"Tempest+1","floor":39},{"not_picked":["Sweeping Beam+1","Barrage"],"picked":"FTL+1","floor":41},{"not_picked":["Hologram+1","Glacier+1"],"picked":"Fission+1","floor":42},{"not_picked":["Ball Lightning+1","Go for the Eyes+1"],"picked":"Melter+1","floor":45},{"not_picked":["Cold Snap","Ball Lightning+1","Steam Power+1"],"picked":"SKIP","floor":46},{"not_picked":["Leap+1","FTL+1"],"picked":"Heatsinks","floor":47},{"not_picked":["Gash+1","Sweeping Beam","Reinforced Body+1"],"picked":"SKIP","floor":48}],"player_experience":275447,"relics_obtained":[{"floor":7,"key":"Mummified Hand"},{"floor":9,"key":"Darkstone Periapt"},{"floor":13,"key":"Toxic Egg 2"},{"floor":24,"key":"Blood Vial"},{"floor":26,"key":"Meat on the Bone"},{"floor":28,"key":"Dodecahedron"},{"floor":42,"key":"Pantograph"},{"floor":43,"key":"Whetstone"},{"floor":45,"key":"Girya"},{"floor":46,"key":"Happy Flower"}],"event_choices":[{"damage_healed":0,"gold_gain":0,"player_choice":"Got Potions","damage_taken":0,"max_hp_gain":0,"max_hp_loss":0,"event_name":"Lab","floor":4,"gold_loss":0},{"damage_healed":0,"gold_gain":0,"player_choice":"Leave","damage_taken":0,"max_hp_gain":0,"max_hp_loss":0,"event_name":"The Cleric","floor":11,"gold_loss":0},{"damage_healed":0,"gold_gain":0,"player_choice":"Donut","damage_taken":0,"max_hp_gain":5,"max_hp_loss":0,"event_name":"Big Fish","floor":12,"gold_loss":0},{"cards_removed":["Blizzard"],"damage_healed":0,"gold_gain":0,"player_choice":"Elegance","damage_taken":0,"max_hp_gain":0,"max_hp_loss":0,"event_name":"Back to Basics","floor":20,"gold_loss":0},{"damage_healed":0,"gold_gain":0,"player_choice":"Read","damage_taken":0,"max_hp_gain":0,"max_hp_loss":0,"event_name":"The Library","floor":21,"gold_loss":0,"cards_obtained":["Buffer"]},{"damage_healed":0,"gold_gain":0,"player_choice":"Ignored","damage_taken":0,"max_hp_gain":0,"max_hp_loss":0,"event_name":"Ghosts","floor":29,"gold_loss":0},{"damage_healed":0,"gold_gain":300,"player_choice":"Gold","damage_taken":0,"max_hp_gain":0,"max_hp_loss":0,"event_name":"Wheel of Change","floor":37,"gold_loss":0},{"damage_healed":0,"gold_gain":0,"player_choice":"Max HP","damage_taken":0,"max_hp_gain":0,"max_hp_loss":4,"event_name":"Winding Halls","floor":44,"gold_loss":0},{"damage_healed":0,"gold_gain":0,"player_choice":"Fight","damage_taken":0,"max_hp_gain":0,"max_hp_loss":0,"event_name":"Mysterious Sphere","floor":45,"gold_loss":0}],"is_beta":false,"boss_relics":[{"not_picked":["Snecko Eye","Runic Dome"],"picked":"Lizard Tail"},{"not_picked":["Velvet Choker","Calling Bell"],"picked":"Inserter"}],"items_purged_floors":[2,36,38],"is_endless":false,"potions_floor_spawned":[1,7,13,19,24,33,35,39,45,48],"ascension_level":0}