{"gold_per_floor":[109,109,126,301,301,327,327,339,339,368,368,144,144,157,157,259,309,319,336,336,354,372,406,406,406],"floor_reached":25,"playtime":1345,"items_purged":["Doubt"],"score":323,"play_id":"1cfb2b7e-9d8e-4de2-bfaa-2319e9d168b2","local_time":"20190112133941","is_ascension_mode":true,"campfire_choices":[{"data":"Bouncing Flask","floor":7,"key":"SMITH"},{"data":"Bouncing Flask","floor":11,"key":"SMITH"},{"data":"Neutralize","floor":13,"key":"SMITH"},{"floor":15,"key":"REST"},{"floor":24,"key":"REST"}],"neow_cost":"NONE","seed_source_timestamp":138647255542132,"circlet_count":0,"master_deck":["Defend_G+1","Defend_G+1","Defend_G+1","Defend_G+1","Defend_G","Strike_G","Strike_G","Strike_G","Survivor","Neutralize+1","Bouncing Flask+1","Bouncing Flask+1","Blur+1","Escape Plan+1","Bullet Time+1","Deadly Poison+1"],"relics":["Ring of the Snake","NeowsBlessing","Ancient Tea Set","Toxic Egg 2","Ginger","War Paint","Tiny House","StoneCalendar"],"potions_floor_usage":[10,10,22,23,25,25],"damage_taken":[{"damage":0,"enemies":"2 Louse","floor":1,"turns":1},{"damage":0,"enemies":"Jaw Worm","floor":3,"turns":1},{"damage":0,"enemies":"3 Sentries","floor":6,"turns":1},{"damage":0,"enemies":"Cultist","floor":8,"turns":3},{"damage":15,"enemies":"Gremlin Nob","floor":10,"turns":4},{"damage":1,"enemies":"Lots of Slimes","floor":14,"turns":4},{"damage":24,"enemies":"Slime Boss","floor":16,"turns":14},{"damage":44,"enemies":"Chosen","floor":18,"turns":7},{"damage":6,"enemies":"Shell Parasite","floor":19,"turns":5},{"damage":0,"enemies":"Snecko","floor":21,"turns":4},{"damage":14,"enemies":"Centurion and Healer","floor":22,"turns":7},{"damage":0,"enemies":"Book of Stabbing","floor":23,"turns":5},{"damage":14,"enemies":"Gremlin Leader","floor":25,"turns":6}],"seed_played":"-6814993794618942844","potions_obtained":[{"floor":1,"key":"Explosive Potion"},{"floor":8,"key":"EssenceOfSteel"},{"floor":16,"key":"Strength Potion"},{"floor":17,"key":"Energy Potion"},{"floor":18,"key":"Dexterity Potion"},{"floor":19,"key":"Explosive Potion"},{"floor":22,"key":"SpeedPotion"}],"is_trial":false,"path_per_floor":["M","?","M","?","?","E","R","M","T","E","R","$","R","M","R","B",null,"M","M","?","M","M","E","R","E"],"character_chosen":"THE_SILENT","items_purchased":["War Paint"],"campfire_rested":2,"item_purchase_floors":[12],"current_hp_per_floor":[70,70,70,70,56,56,56,56,56,41,41,41,41,40,61,37,75,31,25,25,25,11,11,33,19],"gold":406,"neow_bonus":"THREE_ENEMY_KILL","is_prod":false,"is_daily":false,"chose_seed":false,"campfire_upgraded":3,"win_rate":0,"timestamp":1547312981,"path_taken":["M","?","M","?","?","E","R","M","T","E","R","$","R","M","R","BOSS","M","M","?","M","M","E","R","E"],"build_version":"2019-01-10","purchased_purges":1,"victory":false,"max_hp_per_floor":[70,70,70,70,70,70,70,70,70,70,70,70,70,70,70,70,75,75,75,75,75,75,75,75,75],"card_choices":[{"not_picked":["Noxious Fumes","Outmaneuver"],"picked":"Bouncing Flask","floor":1},{"not_picked":["Distraction","Reflex"],"picked":"Bouncing Flask","floor":3},{"not_picked":["Concentrate","Eviscerate"],"picked":"Blur","floor":6},{"not_picked":["PiercingWail","Deflect","Flechettes"],"picked":"SKIP","floor":8},{"not_picked":["Blade Dance+1","Skewer"],"picked":"Escape Plan+1","floor":10},{"not_picked":["Blade Dance+1","Dagger Throw","Acrobatics+1"],"picked":"SKIP","floor":14},{"not_picked":["Storm of Steel+1","Phantasmal Killer+1"],"picked":"Bullet Time+1","floor":16},{"not_picked":["Endless Agony","Infinite Blades"],"picked":"Deadly Poison+1","floor":18},{"not_picked":["Masterful Stab","Underhanded Strike","PiercingWail+1"],"picked":"SKIP","floor":19},{"not_picked":["Grand Finale","Masterful Stab","Leg Sweep+1"],"picked":"SKIP","floor":21},{"not_picked":["Terror+1","Tactician+1","Flying Knee"],"picked":"SKIP","floor":22},{"not_picked":["Prepared+1","Poisoned Stab","Quick Slash"],"picked":"SKIP","floor":23}],"player_experience":160177,"relics_obtained":[{"floor":6,"key":"Ancient Tea Set"},{"floor":9,"key":"Toxic Egg 2"},{"floor":10,"key":"Ginger"},{"floor":23,"key":"StoneCalendar"}],"event_choices":[{"cards_removed":["Strike_G"],"damage_healed":0,"gold_gain":0,"player_choice":"Forget","damage_taken":0,"max_hp_gain":0,"max_hp_loss":0,"event_name":"Living Wall","floor":2,"gold_loss":0},{"damage_healed":0,"gold_gain":175,"player_choice":"AGREE","damage_taken":0,"max_hp_gain":0,"max_hp_loss":0,"event_name":"Liars Game","floor":4,"gold_loss":0,"cards_obtained":["Doubt"]},{"damage_healed":0,"gold_gain":0,"player_choice":"Entered Light","damage_taken":14,"max_hp_gain":0,"max_hp_loss":0,"event_name":"Shining Light","floor":5,"gold_loss":0,"cards_upgraded":["Defend_G","Defend_G"]},{"cards_removed":["Strike_G"],"damage_healed":0,"gold_gain":0,"player_choice":"Elegance","damage_taken":0,"max_hp_gain":0,"max_hp_loss":0,"event_name":"Back to Basics","floor":20,"gold_loss":0}],"is_beta":false,"boss_relics":[{"not_picked":["Empty Cage","Cursed Key"],"picked":"Tiny House"}],"items_purged_floors":[12],"is_endless":false,"potions_floor_spawned":[1,8,16,18,19,22],"killed_by":"Gremlin Leader","ascension_level":3}