{"gold_per_floor":[117,117,130,305,305,335,348,23,23,23,23,42,42,82,94,227,239,265,277,289,301,337,349,395,418,509,191,191,91,102,117,117,220,220,237,253,608,178,178,194,194,44,44,44],"floor_reached":44,"playtime":3430,"items_purged":["Doubt","Strike_B","Strike_B","Defend_B"],"score":482,"play_id":"bcaf19c7-a37f-49f8-ab19-b835be124f9d","local_time":"20190201200311","is_ascension_mode":false,"campfire_choices":[{"floor":13,"key":"REST"},{"floor":15,"key":"REST"},{"data":"Creative AI","floor":23,"key":"SMITH"},{"data":"Seek","floor":28,"key":"SMITH"},{"data":"Defragment","floor":32,"key":"SMITH"},{"floor":41,"key":"REST"}],"neow_cost":"NONE","seed_source_timestamp":253956225685294,"circlet_count":0,"master_deck":["Defend_B","Defend_B","Defend_B","Zap","Dualcast+1","Compile Driver","Thunder Strike","Sunder+1","Defragment+1","Glacier","Loop","Double Energy","Conserve Battery","Creative AI+1","Capacitor","White Noise+1","Redo+1","Seek+1","Amplify","Compile Driver+1","Coolheaded+1","Heatsinks+1","Meteor Strike","Aggregate+1","Double Energy+1","Hologram+1","Force Field+1","Creative AI","Madness","Madness","Static Discharge"],"relics":["FrozenCore","Juzu Bracelet","Prayer Wheel","Omamori","Regal Pillow","Bloody Idol","MawBank","Necronomicon","Art of War","Gremlin Horn","Bottled Flame","Question Card","Empty Cage","Old Coin","Lantern","Bottled Tornado"],"potions_floor_usage":[6,8,14,37,44],"damage_taken":[{"damage":1,"enemies":"Jaw Worm","floor":1,"turns":4},{"damage":8,"enemies":"Small Slimes","floor":3,"turns":3},{"damage":30,"enemies":"Gremlin Nob","floor":6,"turns":4},{"damage":0,"enemies":"2 Louse","floor":7,"turns":1},{"damage":1,"enemies":"Blue Slaver","floor":12,"turns":3},{"damage":25,"enemies":"Lagavulin","floor":14,"turns":5},{"damage":57,"enemies":"Slime Boss","floor":16,"turns":19},{"damage":28,"enemies":"Chosen","floor":18,"turns":12},{"damage":22,"enemies":"Gremlin Leader","floor":24,"turns":10},{"damage":0,"enemies":"Spheric Guardian","floor":25,"turns":32},{"damage":26,"enemies":"Snake Plant","floor":30,"turns":5},{"damage":0,"enemies":"Centurion and Healer","floor":31,"turns":4},{"damage":7,"enemies":"Collector","floor":33,"turns":10},{"damage":4,"enemies":"3 Darklings","floor":35,"turns":2},{"damage":19,"enemies":"Orb Walker","floor":36,"turns":4},{"damage":23,"enemies":"2 Orb Walkers","floor":37,"turns":4},{"damage":15,"enemies":"Spire Growth","floor":40,"turns":8},{"damage":75,"enemies":"Reptomancer","floor":44,"turns":3}],"seed_played":"-8321551916411799839","potions_obtained":[{"floor":1,"key":"Fire Potion"},{"floor":6,"key":"Poison Potion"},{"floor":16,"key":"Weak Potion"},{"floor":18,"key":"Dexterity Potion"},{"floor":30,"key":"Swift Potion"},{"floor":33,"key":"Energy Potion"},{"floor":35,"key":"EssenceOfSteel"},{"floor":40,"key":"Dexterity Potion"}],"is_trial":false,"path_per_floor":["M","$","M","?","T","E","M","$","T","?","?","M","R","E","R","B",null,"M","?","?","?","T","R","E","M","T","$","R","$","M","M","R","B",null,"M","M","?","$","?","M","R","$","T","E"],"character_chosen":"DEFECT","items_purchased":["Fruit Juice","Defragment","Glacier","Question Card","Amplify","Lantern","Creative AI"],"campfire_rested":3,"item_purchase_floors":[8,8,8,27,27,38,38],"current_hp_per_floor":[74,74,66,66,66,36,36,41,41,25,25,24,61,36,73,16,74,46,46,30,30,40,45,33,43,53,58,58,58,37,42,42,40,74,74,60,47,47,38,28,65,65,65,0],"gold":44,"neow_bonus":"RANDOM_COMMON_RELIC","is_prod":false,"is_daily":false,"chose_seed":false,"campfire_upgraded":3,"win_rate":0,"timestamp":1549063991,"path_taken":["M","$","M","?","?","E","M","$","T","?","?","M","R","E","R","BOSS","M","?","?","?","?","R","E","M","T","$","R","$","M","M","R","BOSS","M","M","?","$","?","M","R","$","T","E"],"build_version":"2019-01-23","purchased_purges":4,"victory":false,"max_hp_per_floor":[75,75,75,75,75,75,75,80,80,80,74,74,74,74,74,74,74,74,74,74,74,74,74,74,74,74,74,74,74,74,74,74,74,74,74,74,74,74,74,74,74,74,74,74],"card_choices":[{"not_picked":["Barrage","Redo"],"picked":"Compile Driver","floor":1},{"not_picked":["Coolheaded","Redo","Turbo"],"picked":"SKIP","floor":3},{"not_picked":["Sweeping Beam","BootSequence"],"picked":"Thunder Strike","floor":6},{"not_picked":["Steam","Beam Cell"],"picked":"Sunder","floor":7},{"not_picked":["Recycle","Chill","Steam"],"picked":"SKIP","floor":7},{"not_picked":["Redo","Skim"],"picked":"Loop","floor":12},{"not_picked":["Lockon","Stack"],"picked":"Double Energy","floor":12},{"not_picked":["Auto Shields","Cold Snap"],"picked":"Conserve Battery","floor":14},{"not_picked":["Seek","Multi-Cast"],"picked":"Creative AI","floor":16},{"not_picked":["Rip and Tear","Leap+1"],"picked":"Capacitor","floor":18},{"not_picked":["Coolheaded+1","Reprogram"],"picked":"White Noise+1","floor":18},{"not_picked":["Rebound+1","Auto Shields+1"],"picked":"Redo+1","floor":24},{"not_picked":["Tempest+1","Redo"],"picked":"Seek","floor":25},{"not_picked":["Turbo","Stack","Cold Snap"],"picked":"SKIP","floor":25},{"not_picked":["Go for the Eyes","Streamline+1","Skim"],"picked":"Compile Driver+1","floor":30},{"not_picked":["Ball Lightning","Go for the Eyes","Stack"],"picked":"Coolheaded+1","floor":30},{"not_picked":["Capacitor","Rebound","Recycle+1"],"picked":"Heatsinks+1","floor":31},{"not_picked":["Cold Snap","Redo+1","Turbo","Beam Cell"],"picked":"SKIP","floor":31},{"not_picked":["Reboot","Biased Cognition","Rainbow"],"picked":"Meteor Strike","floor":33},{"not_picked":["Beam Cell+1","Genetic Algorithm+1","Go for the Eyes+1"],"picked":"Aggregate+1","floor":35},{"not_picked":["Steam","Compile Driver","Rebound","Ball Lightning"],"picked":"SKIP","floor":35},{"not_picked":["Streamline+1","Heatsinks+1","Beam Cell"],"picked":"Double Energy+1","floor":36},{"not_picked":["Chill+1","Reprogram","Sweeping Beam+1"],"picked":"Hologram+1","floor":36},{"not_picked":["Static Discharge+1","Streamline","Turbo"],"picked":"Force Field+1","floor":37},{"not_picked":["Beam Cell+1","Steam","Steam Power+1"],"picked":"Static Discharge","floor":40},{"not_picked":["Rebound","Multi-Cast","Streamline","Hologram"],"picked":"SKIP","floor":40}],"player_experience":300712,"relics_obtained":[{"floor":5,"key":"Prayer Wheel"},{"floor":6,"key":"Omamori"},{"floor":9,"key":"Regal Pillow"},{"floor":14,"key":"MawBank"},{"floor":20,"key":"Necronomicon"},{"floor":22,"key":"Art of War"},{"floor":24,"key":"Gremlin Horn"},{"floor":26,"key":"Bottled Flame"},{"floor":37,"key":"Old Coin"},{"floor":43,"key":"Bottled Tornado"}],"event_choices":[{"damage_healed":0,"gold_gain":175,"player_choice":"AGREE","damage_taken":0,"max_hp_gain":0,"max_hp_loss":0,"event_name":"Liars Game","floor":4,"gold_loss":0,"cards_obtained":["Doubt"]},{"damage_healed":0,"gold_gain":0,"player_choice":"Entered Light","damage_taken":16,"max_hp_gain":0,"max_hp_loss":0,"event_name":"Shining Light","floor":10,"gold_loss":0,"cards_upgraded":["Dualcast","Sunder"]},{"damage_healed":0,"gold_gain":0,"player_choice":"Lose Max HP","damage_taken":0,"relics_obtained":["Golden Idol"],"max_hp_gain":0,"max_hp_loss":6,"event_name":"Golden Idol","floor":11,"gold_loss":0},{"damage_healed":0,"gold_gain":0,"player_choice":"Ignored","damage_taken":0,"max_hp_gain":0,"max_hp_loss":0,"event_name":"The Mausoleum","floor":19,"gold_loss":0},{"damage_healed":0,"gold_gain":0,"player_choice":"Obtained Book","damage_taken":16,"max_hp_gain":0,"max_hp_loss":0,"event_name":"Cursed Tome","floor":20,"gold_loss":0},{"damage_healed":0,"gold_gain":0,"player_choice":"Gave Idol","damage_taken":0,"relics_obtained":["Bloody Idol"],"max_hp_gain":0,"max_hp_loss":0,"event_name":"Forgotten Altar","floor":21,"relics_lost":["Golden Idol"],"gold_loss":0},{"damage_healed":0,"gold_gain":0,"player_choice":"Fight","damage_taken":0,"max_hp_gain":0,"max_hp_loss":0,"event_name":"Mysterious Sphere","floor":37,"gold_loss":0},{"damage_healed":0,"gold_gain":0,"player_choice":"Embrace Madness","damage_taken":9,"max_hp_gain":0,"max_hp_loss":0,"event_name":"Winding Halls","floor":39,"gold_loss":0,"cards_obtained":["Madness","Madness"]}],"is_beta":false,"boss_relics":[{"not_picked":["Pandora\u0027s Box","Black Star"],"picked":"FrozenCore"},{"not_picked":["Runic Dome","White Beast Statue"],"picked":"Empty Cage"}],"items_purged_floors":[8,29,38,42],"is_endless":false,"potions_floor_spawned":[1,6,16,18,30,33,35,36,40],"killed_by":"Reptomancer","ascension_level":0}