{"gold_per_floor":[113,113,132,55,69,69,87,87,113,113,148,148,167,202,202,297,297,315,325,250,268,268,268,297,297,376,404,179,179,195,213,213,213],"floor_reached":33,"playtime":3083,"items_purged":["Defend_B"],"score":295,"play_id":"d64fadff-6a96-4b7d-8fc6-b179ae3894a3","local_time":"20190101123037","is_ascension_mode":false,"campfire_choices":[{"data":"White Noise","floor":6,"key":"SMITH"},{"data":"Sunder","floor":10,"key":"SMITH"},{"data":"Loop","floor":12,"key":"SMITH"},{"floor":15,"key":"REST"},{"floor":23,"key":"REST"},{"floor":25,"key":"REST"},{"floor":32,"key":"REST"}],"neow_cost":"NONE","seed_source_timestamp":17411413536010,"circlet_count":0,"master_deck":["Strike_B","Defend_B","Defend_B+1","Zap","Dualcast","Loop+1","Electrodynamics","Glacier+1","Sunder+1","White Noise+1","Rebound","Auto Shields","Reinforced Body","Creative AI","Consume+1","Loop+1","Beam Cell+1","FTL","Leap","White Noise","Leap","Conserve Battery+1","Self Repair","Chill+1","Self Repair+1"],"relics":["Cracked Core","NeowsBlessing","Bronze Scales","War Paint","Centennial Puzzle","Astrolabe","Potion Belt","Toxic Egg 2","PreservedInsect"],"potions_floor_usage":[16,27,33,33],"damage_taken":[{"damage":0,"enemies":"2 Louse","floor":1,"turns":1},{"damage":0,"enemies":"Cultist","floor":3,"turns":1},{"damage":0,"enemies":"Jaw Worm","floor":5,"turns":1},{"damage":0,"enemies":"Large Slime","floor":7,"turns":4},{"damage":9,"enemies":"Gremlin Nob","floor":11,"turns":4},{"damage":10,"enemies":"Looter","floor":13,"turns":2},{"damage":7,"enemies":"3 Sentries","floor":14,"turns":3},{"damage":27,"enemies":"Hexaghost","floor":16,"turns":9},{"damage":20,"enemies":"2 Thieves","floor":18,"turns":3},{"damage":2,"enemies":"3 Byrds","floor":19,"turns":3},{"damage":2,"enemies":"Snecko","floor":21,"turns":4},{"damage":20,"enemies":"Book of Stabbing","floor":24,"turns":6},{"damage":41,"enemies":"Slavers","floor":27,"turns":6},{"damage":20,"enemies":"Colosseum Slavers","floor":29,"turns":4},{"damage":17,"enemies":"Snake Plant","floor":30,"turns":5},{"damage":5,"enemies":"Cultist and Chosen","floor":31,"turns":8},{"damage":40,"enemies":"Collector","floor":33,"turns":6}],"seed_played":"2685585751911172126","potions_obtained":[{"floor":3,"key":"Ancient Potion"},{"floor":5,"key":"LiquidBronze"},{"floor":7,"key":"Energy Potion"},{"floor":18,"key":"Fire Potion"},{"floor":27,"key":"Strength Potion"},{"floor":31,"key":"GamblersBrew"}],"is_trial":false,"path_per_floor":["M","?","M","$","M","R","M","$","T","R","E","R","M","E","R","B",null,"M","M","?","M","?","R","E","R","T","E","$","?","M","M","R","B"],"character_chosen":"DEFECT","items_purchased":["Sunder","Self Repair","Chill+1"],"campfire_rested":4,"item_purchase_floors":[4,28,28],"current_hp_per_floor":[75,75,75,75,75,75,75,75,75,75,66,66,56,49,71,44,75,55,53,53,51,51,73,53,75,75,34,34,21,11,13,35,0],"gold":213,"neow_bonus":"THREE_ENEMY_KILL","is_prod":false,"is_daily":false,"chose_seed":false,"campfire_upgraded":3,"win_rate":0,"timestamp":1546367437,"path_taken":["M","?","M","$","M","R","M","$","T","R","E","R","M","E","R","BOSS","M","M","?","M","?","R","E","R","T","E","?","?","M","M","R","BOSS"],"build_version":"2018-12-20","purchased_purges":1,"victory":false,"max_hp_per_floor":[75,75,75,75,75,75,75,75,75,75,75,75,75,75,75,75,75,75,75,75,75,75,75,75,75,75,75,75,75,75,75,75,75],"card_choices":[{"not_picked":["Conserve Battery","Gash"],"picked":"Loop","floor":1},{"not_picked":["Beam Cell","Coolheaded"],"picked":"Glacier","floor":3},{"not_picked":["Go for the Eyes","Steam Power"],"picked":"White Noise","floor":5},{"not_picked":["Barrage","Sunder","Heatsinks"],"picked":"SKIP","floor":7},{"not_picked":["Electrodynamics","Heatsinks"],"picked":"Rebound","floor":11},{"not_picked":["Gash","Ball Lightning"],"picked":"Auto Shields","floor":13},{"not_picked":["Leap","Streamline"],"picked":"Reinforced Body","floor":14},{"not_picked":["Machine Learning","Amplify"],"picked":"Creative AI","floor":16},{"not_picked":["Chaos","Loop"],"picked":"FTL","floor":18},{"not_picked":["Tempest","Chaos+1"],"picked":"Leap","floor":19},{"not_picked":["Stack+1","Sweeping Beam+1"],"picked":"White Noise","floor":21},{"not_picked":["White Noise","Reprogram"],"picked":"Leap","floor":24},{"not_picked":["Fusion+1","Turbo+1"],"picked":"Conserve Battery+1","floor":27},{"not_picked":["Biased Cognition","Stack+1","Scrape"],"picked":"SKIP","floor":30},{"not_picked":["Static Discharge","Stack+1"],"picked":"Self Repair+1","floor":31}],"player_experience":123166,"relics_obtained":[{"floor":9,"key":"Bronze Scales"},{"floor":11,"key":"War Paint"},{"floor":14,"key":"Centennial Puzzle"},{"floor":24,"key":"Potion Belt"},{"floor":26,"key":"Toxic Egg 2"},{"floor":27,"key":"PreservedInsect"}],"event_choices":[{"damage_healed":0,"gold_gain":0,"player_choice":"1 cards matched","damage_taken":0,"max_hp_gain":0,"max_hp_loss":0,"event_name":"Match and Keep!","floor":2,"gold_loss":0,"cards_obtained":["Electrodynamics"]},{"cards_removed":["Strike_B"],"damage_healed":0,"gold_gain":0,"player_choice":"Gave Gold","damage_taken":0,"max_hp_gain":0,"max_hp_loss":0,"event_name":"Beggar","floor":20,"gold_loss":75},{"damage_healed":0,"gold_gain":0,"player_choice":"Ignored","damage_taken":0,"max_hp_gain":0,"max_hp_loss":0,"event_name":"Vampires","floor":22,"gold_loss":0},{"damage_healed":0,"gold_gain":0,"player_choice":"Fight","damage_taken":0,"max_hp_gain":0,"max_hp_loss":0,"event_name":"Colosseum","floor":29,"gold_loss":0},{"damage_healed":0,"gold_gain":0,"player_choice":"Fled From Nobs","damage_taken":0,"max_hp_gain":0,"max_hp_loss":0,"event_name":"Colosseum","floor":29,"gold_loss":0}],"is_beta":false,"boss_relics":[{"not_picked":["Busted Crown","Snecko Eye"],"picked":"Astrolabe"}],"items_purged_floors":[28],"is_endless":false,"potions_floor_spawned":[3,5,7,13,18,21,27,31],"killed_by":"Collector","ascension_level":0}