{"gold_per_floor":[111,131,150,163,163,197,197,231,231,241,241,252,277,277,277,377,377,388,408,508,508,524,524],"floor_reached":23,"playtime":2224,"items_purged":[],"score":213,"play_id":"47693565-f1ec-4be7-8cee-204e252106e9","local_time":"20181225210052","is_ascension_mode":false,"campfire_choices":[{"floor":11,"key":"REST"},{"floor":15,"key":"REST"}],"neow_cost":"PERCENT_DAMAGE","seed_source_timestamp":338432637873811,"circlet_count":0,"master_deck":["Defend_G+1","Defend_G","Defend_G","Defend_G","Defend_G+1","Strike_G","Strike_G","Strike_G","Strike_G","Survivor","Neutralize","Flying Knee","Finisher","Flechettes","Finisher","Burst+1","Distraction","Crippling Poison+1","Flying Knee","Bouncing Flask+1","Adrenaline+1","Deflect+1","Calculated Gamble+1","Noxious Fumes","Necronomicurse","Choke"],"relics":["Ring of the Snake","Peace Pipe","Oddly Smooth Stone","Mercury Hourglass","Nunchaku","Toxic Egg 2","War Paint","Fusion Hammer","Ice Cream","Paper Crane","Necronomicon"],"potions_floor_usage":[6,20,23],"damage_taken":[{"damage":1,"enemies":"Cultist","floor":1,"turns":4},{"damage":0,"enemies":"2 Louse","floor":2,"turns":2},{"damage":0,"enemies":"Jaw Worm","floor":3,"turns":2},{"damage":0,"enemies":"3 Louse","floor":4,"turns":3},{"damage":22,"enemies":"3 Sentries","floor":6,"turns":10},{"damage":10,"enemies":"Gremlin Nob","floor":8,"turns":5},{"damage":10,"enemies":"Exordium Thugs","floor":10,"turns":3},{"damage":5,"enemies":"Blue Slaver","floor":12,"turns":3},{"damage":6,"enemies":"3 Sentries","floor":13,"turns":4},{"damage":10,"enemies":"Hexaghost","floor":16,"turns":7},{"damage":0,"enemies":"2 Thieves","floor":18,"turns":3},{"damage":0,"enemies":"3 Byrds","floor":19,"turns":2},{"damage":0,"enemies":"Colosseum Slavers","floor":20,"turns":5},{"damage":30,"enemies":"Colosseum Nobs","floor":20,"turns":3},{"damage":2,"enemies":"Shelled Parasite and Fungi","floor":22,"turns":6},{"damage":24,"enemies":"Gremlin Leader","floor":23,"turns":2}],"seed_played":"-2084699514194922100","potions_obtained":[{"floor":3,"key":"Regen Potion"},{"floor":4,"key":"Dexterity Potion"},{"floor":6,"key":"EssenceOfSteel"},{"floor":12,"key":"Poison Potion"},{"floor":18,"key":"Swift Potion"},{"floor":22,"key":"LiquidBronze"}],"is_trial":false,"path_per_floor":["M","M","M","M","?","E","T","E","T","M","R","M","E","?","R","B",null,"M","M","?","?","M","E"],"character_chosen":"THE_SILENT","items_purchased":[],"campfire_rested":2,"item_purchase_floors":[],"current_hp_per_floor":[48,48,48,48,41,34,34,24,24,14,35,30,24,24,45,35,70,70,70,40,24,22,0],"gold":524,"neow_bonus":"ONE_RARE_RELIC","is_prod":false,"is_daily":false,"chose_seed":false,"campfire_upgraded":0,"win_rate":0.0,"timestamp":1545784252,"path_taken":["M","?","M","M","?","E","?","E","T","M","R","M","E","?","R","BOSS","M","M","?","?","M","E"],"build_version":"2018-12-20","purchased_purges":0,"victory":false,"max_hp_per_floor":[70,70,70,70,70,70,70,70,70,70,70,70,70,70,70,70,70,70,70,70,70,70,70],"card_choices":[{"not_picked":["Tactician","PiercingWail"],"picked":"Flying Knee","floor":1},{"not_picked":["Blade Dance","Quick Slash"],"picked":"Finisher","floor":2},{"not_picked":["Deadly Poison","Escape Plan"],"picked":"Flechettes","floor":3},{"not_picked":["Poisoned Stab","Dagger Throw"],"picked":"Finisher","floor":4},{"not_picked":["Endless Agony","Acrobatics"],"picked":"Burst","floor":6},{"not_picked":["Eviscerate","Dagger Throw"],"picked":"Distraction","floor":8},{"not_picked":["Heel Hook","Dagger Spray"],"picked":"Crippling Poison+1","floor":10},{"not_picked":["Sucker Punch","Poisoned Stab"],"picked":"Flying Knee","floor":12},{"not_picked":["Dash","Deadly Poison+1"],"picked":"Bouncing Flask+1","floor":13},{"not_picked":["Glass Knife","Burst+1"],"picked":"Adrenaline+1","floor":16},{"not_picked":["Deadly Poison+1","Dagger Spray"],"picked":"Deflect+1","floor":18},{"not_picked":["Deadly Poison+1","All Out Attack"],"picked":"Calculated Gamble+1","floor":19},{"not_picked":["Terror+1","Blade Dance+1"],"picked":"Noxious Fumes","floor":20},{"not_picked":["Deadly Poison+1","Poisoned Stab"],"picked":"Choke","floor":22}],"player_experience":7559,"relics_obtained":[{"floor":6,"key":"Oddly Smooth Stone"},{"floor":7,"key":"Mercury Hourglass"},{"floor":8,"key":"Nunchaku"},{"floor":9,"key":"Toxic Egg 2"},{"floor":13,"key":"War Paint"},{"floor":20,"key":"Ice Cream"},{"floor":20,"key":"Paper Crane"},{"floor":21,"key":"Necronomicon"}],"event_choices":[{"cards_removed":["Strike_G"],"damage_healed":0,"gold_gain":0,"player_choice":"Card Removal","damage_taken":7,"max_hp_gain":0,"max_hp_loss":0,"event_name":"Golden Wing","floor":5,"gold_loss":0},{"damage_healed":0,"gold_gain":0,"player_choice":"Grow","damage_taken":0,"max_hp_gain":0,"max_hp_loss":0,"event_name":"Living Wall","floor":14,"gold_loss":0,"cards_upgraded":["Burst"]},{"damage_healed":0,"gold_gain":0,"player_choice":"Fight","damage_taken":0,"max_hp_gain":0,"max_hp_loss":0,"event_name":"Colosseum","floor":20,"gold_loss":0},{"damage_healed":0,"gold_gain":0,"player_choice":"Fought Nobs","damage_taken":0,"max_hp_gain":0,"max_hp_loss":0,"event_name":"Colosseum","floor":20,"gold_loss":0},{"damage_healed":0,"gold_gain":0,"player_choice":"Obtained Book","damage_taken":16,"max_hp_gain":0,"max_hp_loss":0,"event_name":"Cursed Tome","floor":21,"gold_loss":0}],"is_beta":false,"boss_relics":[{"not_picked":["Black Star","Velvet Choker"],"picked":"Fusion Hammer"}],"items_purged_floors":[],"is_endless":false,"potions_floor_spawned":[3,4,6,12,13,18,22],"killed_by":"Gremlin Leader","ascension_level":0}