{"gold_per_floor":[111,125,8,83,97,124,124,136,136,151,17,17,17,34,34,108,108,120,33,52,67,67,67,81,96,122,122,122,138,138,138,138,215,215,230,1229,1241,1241],"floor_reached":38,"playtime":1279,"items_purged":["Strike_G","Strike_G"],"score":668,"play_id":"2f9d443f-6c08-4a9f-a0a9-52945a3ed004","local_time":"20190202162407","is_ascension_mode":true,"campfire_choices":[{"floor":7.0,"key":"REST"},{"data":"Noxious Fumes","floor":15.0,"key":"SMITH"},{"data":"Catalyst","floor":23.0,"key":"SMITH"},{"floor":28,"key":"REST"},{"data":"Noxious Fumes","floor":30,"key":"SMITH"},{"floor":32,"key":"REST"}],"neow_cost":"NONE","seed_source_timestamp":7014151136600,"circlet_count":0,"master_deck":["AscendersBane","Defend_G","Defend_G","Defend_G","Defend_G","Defend_G","Strike_G","Strike_G","Survivor","Neutralize","PiercingWail","Noxious Fumes+1","Dash","All Out Attack","Noxious Fumes+1","Crippling Poison+1","Catalyst+1","Deadly Poison","Blur","Malaise","Catalyst+1","PiercingWail","PiercingWail","Burst","Catalyst","Normality","Normality"],"special_seed":0,"relics":["Ring of the Snake","Smiling Mask","Bag of Marbles","Matryoshka","Philosopher\u0027s Stone","Blood Vial","Dream Catcher","Eternal Feather"],"potions_floor_usage":[],"damage_taken":[{"damage":1.0,"enemies":"Small Slimes","floor":1.0,"turns":4.0},{"damage":1.0,"enemies":"2 Louse","floor":2.0,"turns":3.0},{"damage":0.0,"enemies":"Cultist","floor":5.0,"turns":5.0},{"damage":32.0,"enemies":"Lagavulin","floor":6.0,"turns":10.0},{"damage":6.0,"enemies":"Large Slime","floor":8.0,"turns":6.0},{"damage":9.0,"enemies":"Gremlin Gang","floor":10.0,"turns":4.0},{"damage":3.0,"enemies":"Blue Slaver","floor":14.0,"turns":4.0},{"damage":10.0,"enemies":"The Guardian","floor":16.0,"turns":8.0},{"damage":11.0,"enemies":"Spheric Guardian","floor":18.0,"turns":6.0},{"damage":7.0,"enemies":"3 Byrds","floor":20.0,"turns":2.0},{"damage":12.0,"enemies":"Snake Plant","floor":21.0,"turns":5.0},{"damage":23.0,"enemies":"Shelled Parasite and Fungi","floor":24.0,"turns":6.0},{"damage":2.0,"enemies":"Chosen and Byrds","floor":25.0,"turns":5.0},{"damage":7,"enemies":"Snecko","floor":29,"turns":4},{"damage":49,"enemies":"Collector","floor":33,"turns":8},{"damage":16,"enemies":"Orb Walker","floor":35,"turns":5},{"damage":13,"enemies":"3 Shapes","floor":37,"turns":5},{"damage":37,"enemies":"Sphere and 2 Shapes","floor":38,"turns":3}],"seed_played":"2856857703532389743","potions_obtained":[{"floor":2.0,"key":"SkillPotion"},{"floor":6.0,"key":"FearPotion"},{"floor":8.0,"key":"Block Potion"},{"floor":10.0,"key":"Energy Potion"},{"floor":18.0,"key":"LiquidBronze"},{"floor":20.0,"key":"Block Potion"},{"floor":24.0,"key":"GhostInAJar"},{"floor":37,"key":"Poison Potion"}],"is_trial":false,"path_per_floor":["M","M","$","?","M","E","R","M","T","M","$","?","?","M","R","B",null,"M","$","M","M","?","R","M","M","T","?","R","M","R","?","R","B",null,"M","?","M","M"],"character_chosen":"THE_SILENT","items_purchased":["Noxious Fumes","Dash","Catalyst","Deadly Poison","Catalyst"],"campfire_rested":3,"item_purchase_floors":[3,3,11,11,19],"current_hp_per_floor":[58,57,57,46,46,14,33,27,27,18,18,18,18,15,15,5,51,40,40,33,21,43,43,20,18,18,18,37,32,32,32,51,4,51,37,37,26,0],"gold":1241,"neow_bonus":"RANDOM_COMMON_RELIC","is_prod":false,"is_daily":false,"chose_seed":false,"campfire_upgraded":3,"win_rate":0,"timestamp":1549117447,"path_taken":["M","M","$","?","M","E","R","M","T","M","$","?","?","?","R","BOSS","M","$","M","M","?","R","M","M","T","?","R","?","R","?","R","BOSS","M","?","M","M"],"build_version":"2019-01-23","purchased_purges":2,"victory":false,"max_hp_per_floor":[66,66,66,66,66,66,66,66,66,66,66,66,66,66,66,66,66,66,66,66,66,66,66,66,66,66,66,66,66,66,66,66,66,66,66,66,66,66],"card_choices":[{"not_picked":["Slice","Escape Plan","Concentrate"],"picked":"SKIP","floor":1.0},{"not_picked":["Flechettes","Bouncing Flask"],"picked":"PiercingWail","floor":2.0},{"not_picked":["Deadly Poison","Underhanded Strike"],"picked":"All Out Attack","floor":5.0},{"not_picked":["Poisoned Stab","Heel Hook"],"picked":"Noxious Fumes","floor":6.0},{"not_picked":["Backflip","Predator","Dodge and Roll"],"picked":"SKIP","floor":8.0},{"not_picked":["PiercingWail","Sucker Punch"],"picked":"Crippling Poison","floor":10.0},{"not_picked":["Dodge and Roll","Slice","Flechettes"],"picked":"SKIP","floor":14.0},{"not_picked":["Adrenaline","Die Die Die"],"picked":"Malaise","floor":16.0},{"not_picked":["Acrobatics","Sucker Punch","Bane"],"picked":"SKIP","floor":18.0},{"not_picked":["Backflip","Dagger Spray","Dagger Throw+1"],"picked":"SKIP","floor":20.0},{"not_picked":["Outmaneuver","Backflip","Flying Knee"],"picked":"SKIP","floor":21.0},{"not_picked":["Outmaneuver+1","Slice","Blade Dance+1"],"picked":"SKIP","floor":24.0},{"not_picked":["Crippling Poison","Acrobatics","Quick Slash"],"picked":"SKIP","floor":25.0},{"not_picked":["Dagger Spray","Underhanded Strike+1"],"picked":"PiercingWail","floor":28},{"not_picked":["Dash","Doppelganger"],"picked":"PiercingWail","floor":29},{"not_picked":["Night Terror","Glass Knife"],"picked":"Burst","floor":33},{"not_picked":["Backflip","PiercingWail"],"picked":"Catalyst","floor":35},{"not_picked":["Flying Knee","Dagger Throw","Reflex"],"picked":"SKIP","floor":37}],"player_experience":571500,"relics_obtained":[{"floor":6.0,"key":"Bag of Marbles"},{"floor":9.0,"key":"Matryoshka"},{"floor":26.0,"key":"Blood Vial"},{"floor":26.0,"key":"Dream Catcher"}],"event_choices":[{"damage_healed":0.0,"max_hp_gain":0.0,"max_hp_loss":0.0,"gold_gain":75.0,"event_name":"World of Goop","player_choice":"Gather Gold","floor":4.0,"gold_loss":0.0,"damage_taken":11.0},{"damage_healed":0.0,"max_hp_gain":0.0,"max_hp_loss":0.0,"gold_gain":0.0,"event_name":"The Cleric","player_choice":"Leave","floor":12.0,"gold_loss":0.0,"damage_taken":0.0},{"damage_healed":0.0,"max_hp_gain":0.0,"max_hp_loss":0.0,"gold_gain":0.0,"cards_transformed":["Strike_G"],"event_name":"Transmorgrifier","player_choice":"Transformed","floor":13.0,"gold_loss":0.0,"damage_taken":0.0,"cards_obtained":["Blur"]},{"damage_healed":22.0,"max_hp_gain":0.0,"max_hp_loss":0.0,"gold_gain":0.0,"event_name":"The Library","player_choice":"Heal","floor":22.0,"gold_loss":0.0,"damage_taken":0.0},{"damage_healed":0.0,"max_hp_gain":0.0,"max_hp_loss":0.0,"gold_gain":0.0,"event_name":"Upgrade Shrine","player_choice":"Upgraded","floor":27.0,"gold_loss":0.0,"damage_taken":0.0,"cards_upgraded":["Catalyst"]},{"damage_healed":0,"gold_gain":0,"player_choice":"Forge","damage_taken":0,"max_hp_gain":0,"max_hp_loss":0,"event_name":"Accursed Blacksmith","floor":31,"gold_loss":0,"cards_upgraded":["Crippling Poison"]},{"damage_healed":0,"gold_gain":999,"player_choice":"Gold","damage_taken":0,"max_hp_gain":0,"max_hp_loss":0,"event_name":"MindBloom","floor":36,"gold_loss":0,"cards_obtained":["Normality","Normality"]}],"is_beta":false,"boss_relics":[{"not_picked":["Coffee Dripper","Cursed Key"],"picked":"Philosopher\u0027s Stone"},{"not_picked":["Runic Dome","Black Star"],"picked":"Eternal Feather"}],"items_purged_floors":[11,19],"is_endless":false,"potions_floor_spawned":[2,6,8,10,14,18,20,24,37],"killed_by":"Sphere and 2 Shapes","ascension_level":14}