{"gold_per_floor":[109,126,201,218,218,250,267,232,232,232,232,65,75,0,0,0],"floor_reached":16,"playtime":591,"items_purged":["Shame"],"score":190,"play_id":"b59b5c6f-57df-40e4-8938-7e7fbd327068","local_time":"20190108204254","is_ascension_mode":true,"campfire_choices":[{"data":"Armaments","floor":10,"key":"SMITH"},{"floor":15,"key":"REST"}],"neow_cost":"CURSE","seed_source_timestamp":2754250137396709,"circlet_count":0,"master_deck":["AscendersBane","Strike_R","Strike_R","Strike_R","Strike_R","Defend_R","Defend_R","Defend_R","Defend_R","Bash","Shrug It Off","Armaments+1","Thunderclap","Cleave","True Grit","Juggernaut"],"relics":["Burning Blood","Thread and Needle","CultistMask","Self Forming Clay"],"potions_floor_usage":[6],"damage_taken":[{"damage":4,"enemies":"Small Slimes","floor":1,"turns":5},{"damage":0,"enemies":"Cultist","floor":2,"turns":4},{"damage":13,"enemies":"Jaw Worm","floor":4,"turns":7},{"damage":40,"enemies":"3 Sentries","floor":6,"turns":12},{"damage":7,"enemies":"Looter","floor":7,"turns":4},{"damage":24,"enemies":"Exordium Thugs","floor":13,"turns":4},{"damage":45,"enemies":"Hexaghost","floor":16,"turns":12}],"seed_played":"-1369996493815051192","potions_obtained":[{"floor":2,"key":"Poison Potion"}],"is_trial":false,"path_per_floor":["M","M","?","M","?","E","M","?","T","R","?","$","M","$","R","B"],"character_chosen":"IRONCLAD","items_purchased":["Juggernaut"],"campfire_rested":1,"item_purchase_floors":[12],"current_hp_per_floor":[70,75,64,57,57,23,22,40,40,40,40,40,22,22,44,0],"gold":0,"neow_bonus":"ONE_RARE_RELIC","is_prod":false,"is_daily":false,"chose_seed":false,"campfire_upgraded":1,"win_rate":0,"timestamp":1546976574,"path_taken":["M","M","?","M","?","E","?","?","T","R","?","$","?","$","R","BOSS"],"build_version":"2019-01-03v4","purchased_purges":1,"victory":false,"max_hp_per_floor":[75,75,75,75,75,75,75,75,75,75,75,75,75,75,75,75],"card_choices":[{"not_picked":["Rage","Sword Boomerang"],"picked":"Shrug It Off","floor":1},{"not_picked":["Shrug It Off","Warcry"],"picked":"Armaments","floor":2},{"not_picked":["Havoc","Pummel"],"picked":"Thunderclap","floor":4},{"not_picked":["Armaments","Sword Boomerang"],"picked":"Cleave","floor":6},{"not_picked":["Warcry","Headbutt"],"picked":"True Grit","floor":7},{"not_picked":["Thunderclap","Evolve","Wild Strike"],"picked":"SKIP","floor":13}],"player_experience":688112,"relics_obtained":[{"floor":6,"key":"Self Forming Clay"}],"event_choices":[{"damage_healed":0,"gold_gain":75,"player_choice":"Gather Gold","damage_taken":11,"max_hp_gain":0,"max_hp_loss":0,"event_name":"World of Goop","floor":3,"gold_loss":0},{"damage_healed":0,"gold_gain":0,"player_choice":"Trade","damage_taken":0,"relics_obtained":["CultistMask"],"max_hp_gain":0,"max_hp_loss":0,"event_name":"FaceTrader","floor":5,"gold_loss":0},{"damage_healed":18,"gold_gain":0,"player_choice":"Healed","damage_taken":0,"max_hp_gain":0,"max_hp_loss":0,"event_name":"The Cleric","floor":8,"gold_loss":35},{"cards_removed":["Strike_R"],"damage_healed":0,"gold_gain":0,"player_choice":"Offered Basic","damage_taken":0,"max_hp_gain":0,"max_hp_loss":0,"event_name":"Bonfire Elementals","floor":11,"gold_loss":0}],"is_beta":false,"boss_relics":[],"items_purged_floors":[14],"is_endless":false,"potions_floor_spawned":[2],"killed_by":"Hexaghost","ascension_level":18}