{"gold_per_floor":[116,116,127,102,177,210,224,224,281,281,26,26,26,36,36,133,133,73,48,48,65,78,78,3,3,3,3,3,3,17,33,33,33],"floor_reached":33,"playtime":1574,"items_purged":[],"score":241,"play_id":"1c24a19c-44d1-43f5-853d-d70fe377d110","local_time":"20180623141542","is_ascension_mode":false,"campfire_choices":[{"floor":8,"key":"REST"},{"floor":10,"key":"REST"},{"data":"Aggregate","floor":12,"key":"SMITH"},{"floor":15,"key":"REST"},{"floor":23,"key":"REST"},{"floor":25,"key":"REST"},{"data":"Electrodynamics","floor":28,"key":"SMITH"},{"floor":32,"key":"REST"}],"neow_cost":"NONE","seed_source_timestamp":12148739205130,"circlet_count":0,"master_deck":["Strike_B+1","Strike_B+1","Strike_B+1","Strike_B+1","Defend_B+1","Defend_B+1","Defend_B+1","Defend_B+1","Zap","Buffer+1","Steam+1","Conserve Battery","Barrage","Rebound","Steam","Aggregate+1","Reboot","Ball Lightning","Thunder Strike","Leap+1","Steam+1","Undo+1","Doom and Gloom+1","Electrodynamics+1","Redo+1","Coolheaded+1","Barrage","Auto Shields+1"],"relics":["Cracked Core","Dream Catcher","Tiny Chest","Toxic Egg 2","Eternal Feather","Ancient Tea Set"],"potions_floor_usage":[16,30],"damage_taken":[{"damage":1,"enemies":"2 Louse","floor":1,"turns":3},{"damage":2,"enemies":"Small Slimes","floor":3,"turns":4},{"damage":28,"enemies":"Gremlin Nob","floor":6,"turns":5},{"damage":0,"enemies":"Jaw Worm","floor":7,"turns":3},{"damage":13,"enemies":"Exordium Thugs","floor":14,"turns":5},{"damage":55,"enemies":"Hexaghost","floor":16,"turns":13},{"damage":13,"enemies":"2 Thieves","floor":18,"turns":4},{"damage":22,"enemies":"Spheric Guardian","floor":21,"turns":4},{"damage":11,"enemies":"Snake Plant","floor":22,"turns":7},{"damage":30,"enemies":"Chosen and Byrds","floor":30,"turns":7},{"damage":10,"enemies":"Sentry and Sphere","floor":31,"turns":10},{"damage":93,"enemies":"Collector","floor":33,"turns":10}],"seed_played":"2407622205997788762","potions_obtained":[{"floor":14,"key":"SpeedPotion"},{"floor":21,"key":"FairyPotion"},{"floor":22,"key":"SkillPotion"}],"is_trial":false,"path_per_floor":["M","?","M","$","?","E","M","R","T","R","$","R","?","M","R","B",null,"M","$","?","M","M","R","?","R","T","$","R","?","M","M","R"],"character_chosen":"DEFECT","items_purchased":["Barrage","Toxic Egg 2","Steam+1"],"campfire_rested":6,"item_purchase_floors":[4,11,19],"current_hp_per_floor":[74,74,72,72,61,33,33,55,55,75,75,75,75,62,75,20,75,62,62,62,40,29,59,59,75,75,75,75,75,45,35,67,0],"gold":33,"neow_bonus":"ONE_RANDOM_RARE_CARD","is_prod":false,"is_daily":false,"chose_seed":false,"campfire_upgraded":2,"win_rate":0.0,"timestamp":1529756142,"path_taken":["M","?","M","$","?","E","M","R","T","R","$","R","?","M","R","BOSS","M","?","?","M","?","R","?","R","T","$","R","?","M","M","R","BOSS"],"build_version":"2018-06-21v2","purchased_purges":0,"victory":false,"max_hp_per_floor":[75,75,75,75,75,75,75,75,75,75,75,75,75,75,75,75,75,75,75,75,75,75,75,75,75,75,75,75,75,75,75,75,75],"card_choices":[{"not_picked":["Rebound","Go for the Eyes"],"picked":"Steam","floor":1},{"not_picked":["Streamline","Ball Lightning"],"picked":"Conserve Battery","floor":3},{"not_picked":["Blizzard","Streamline"],"picked":"Rebound","floor":6},{"not_picked":["Coolheaded","Chill"],"picked":"Steam","floor":7},{"not_picked":["Darkness","Beam Cell"],"picked":"Aggregate","floor":8},{"not_picked":["Ball Lightning","Static Discharge"],"picked":"Reboot","floor":10},{"not_picked":["Scrape","Sweeping Beam","Static Discharge"],"picked":"SKIP","floor":14},{"not_picked":["Aggregate+1","Compile Driver"],"picked":"Ball Lightning","floor":15},{"not_picked":["Electrodynamics","Buffer"],"picked":"Thunder Strike","floor":16},{"not_picked":["Rebound","Barrage"],"picked":"Leap+1","floor":18},{"not_picked":["Gash","Stack+1"],"picked":"Undo+1","floor":21},{"not_picked":["Coolheaded+1","Storm"],"picked":"Doom and Gloom+1","floor":22},{"not_picked":["Go for the Eyes","Stack+1"],"picked":"Electrodynamics","floor":23},{"not_picked":["Barrage","Sweeping Beam"],"picked":"Redo+1","floor":25},{"not_picked":["Ball Lightning","Cold Snap"],"picked":"Coolheaded+1","floor":30},{"not_picked":["Beam Cell","Ball Lightning+1"],"picked":"Barrage","floor":31},{"not_picked":["Electrodynamics","Steam+1"],"picked":"Auto Shields+1","floor":32}],"player_experience":25694,"relics_obtained":[{"floor":6,"key":"Dream Catcher"},{"floor":9,"key":"Tiny Chest"},{"floor":26,"key":"Ancient Tea Set"}],"event_choices":[{"event_name":"Living Wall","player_choice":"Grow","floor":2,"damage_taken":0},{"event_name":"World of Goop","player_choice":"Gather Gold","floor":5,"damage_taken":0},{"event_name":"Accursed Blacksmith","player_choice":"Forge","floor":13,"damage_taken":0},{"event_name":"Back to Basics","player_choice":"Simplicity","floor":20,"damage_taken":0},{"event_name":"Beggar","player_choice":"Gave Gold","floor":24,"damage_taken":0},{"event_name":"Drug Dealer","player_choice":"Ignored","floor":29,"damage_taken":0}],"boss_relics":[{"not_picked":["Empty Cage","Cursed Key"],"picked":"Eternal Feather"}],"items_purged_floors":[],"is_endless":false,"potions_floor_spawned":[14,21,22],"killed_by":"Collector","ascension_level":0}