{"gold_per_floor":[112,112,14,26,26,51,51,65,111,140,151,176,39,39,39,139,139,152,83,83,94,110,142,165,177],"floor_reached":25,"playtime":1854,"items_purged":["Strike_G","Strike_G"],"score":333,"play_id":"8d5eef98-0426-4ea0-a3dd-676113438869","local_time":"20190201125734","is_ascension_mode":true,"campfire_choices":[{"data":"Neutralize","floor":7.0,"key":"SMITH"},{"floor":15.0,"key":"REST"}],"neow_cost":"NONE","seed_source_timestamp":398945896493878,"circlet_count":0,"master_deck":["Defend_G","Defend_G","Defend_G","Defend_G","Defend_G","Strike_G","Strike_G","Strike_G","Survivor","Neutralize+1","Well Laid Plans","Backflip","Deflect","Blur","Escape Plan","Adrenaline","Acrobatics","Backstab","Footwork","Backstab","Deflect","Slice"],"special_seed":0,"relics":["Ring of the Snake","NeowsBlessing","Bronze Scales","Potion Belt","Letter Opener","Vajra","Shuriken","Runic Pyramid","MawBank"],"potions_floor_usage":[25],"damage_taken":[{"damage":0.0,"enemies":"Small Slimes","floor":1.0,"turns":1.0},{"damage":0.0,"enemies":"Jaw Worm","floor":4.0,"turns":1.0},{"damage":0.0,"enemies":"Gremlin Nob","floor":6.0,"turns":1.0},{"damage":0.0,"enemies":"Cultist","floor":8.0,"turns":4.0},{"damage":25.0,"enemies":"3 Sentries","floor":10.0,"turns":16.0},{"damage":5.0,"enemies":"Large Slime","floor":11.0,"turns":9.0},{"damage":19.0,"enemies":"Gremlin Nob","floor":12.0,"turns":5.0},{"damage":40.0,"enemies":"Hexaghost","floor":16.0,"turns":16.0},{"damage":0.0,"enemies":"Chosen","floor":18.0,"turns":7.0},{"damage":8.0,"enemies":"2 Thieves","floor":21.0,"turns":4.0},{"damage":3.0,"enemies":"Cultist and Chosen","floor":22.0,"turns":6.0},{"damage":14.0,"enemies":"Slavers","floor":23.0,"turns":6.0},{"damage":29.0,"enemies":"Snecko","floor":24.0,"turns":11.0},{"damage":7,"enemies":"Gremlin Leader","floor":25,"turns":2}],"seed_played":"9153650249997953552","potions_obtained":[{"floor":1.0,"key":"FearPotion"},{"floor":6.0,"key":"GhostInAJar"},{"floor":12.0,"key":"LiquidBronze"},{"floor":16.0,"key":"Block Potion"},{"floor":18.0,"key":"GamblersBrew"},{"floor":22.0,"key":"Block Potion"}],"is_trial":false,"path_per_floor":["M","?","$","M","$","E","R","M","T","E","M","E","$","?","R","B",null,"M","$","?","M","M","E","M","E"],"character_chosen":"THE_SILENT","items_purchased":["Backflip","Backstab","Footwork"],"campfire_rested":1,"item_purchase_floors":[3,13,19],"current_hp_per_floor":[70,75,75,75,75,75,75,75,75,50,45,26,26,26,48,8,58,58,58,58,50,47,33,4,0],"gold":177,"neow_bonus":"THREE_ENEMY_KILL","is_prod":false,"is_daily":false,"chose_seed":false,"campfire_upgraded":1,"win_rate":0,"timestamp":1549047454,"path_taken":["M","?","$","M","$","E","R","M","T","E","M","E","$","?","R","BOSS","M","$","?","M","M","E","M","E"],"build_version":"2019-01-23","purchased_purges":2,"victory":false,"max_hp_per_floor":[70,75,75,75,75,75,75,75,75,75,75,75,75,75,75,75,75,75,75,75,75,75,75,75,75],"card_choices":[{"not_picked":["Catalyst","Deadly Poison"],"picked":"Well Laid Plans","floor":1.0},{"not_picked":["Finisher","Dagger Throw"],"picked":"Deflect","floor":4.0},{"not_picked":["Quick Slash","Heel Hook"],"picked":"Blur","floor":6.0},{"not_picked":["Bane","Poisoned Stab"],"picked":"Escape Plan","floor":8.0},{"not_picked":["Catalyst","Quick Slash"],"picked":"Adrenaline","floor":10.0},{"not_picked":["Accuracy","Outmaneuver"],"picked":"Acrobatics","floor":11.0},{"not_picked":["Quick Slash","Bane","Underhanded Strike"],"picked":"SKIP","floor":12.0},{"not_picked":["Accuracy","Bane","Riddle With Holes"],"picked":"SKIP","floor":18.0},{"not_picked":["Blade Dance","Accuracy","Poisoned Stab"],"picked":"SKIP","floor":21.0},{"not_picked":["Phantasmal Killer","Slice+1"],"picked":"Deflect","floor":22.0},{"not_picked":["Poisoned Stab+1","Riddle With Holes","Masterful Stab"],"picked":"SKIP","floor":23.0},{"not_picked":["Underhanded Strike+1","Dodge and Roll"],"picked":"Slice","floor":24.0}],"player_experience":281949,"relics_obtained":[{"floor":6.0,"key":"Bronze Scales"},{"floor":9.0,"key":"Potion Belt"},{"floor":10.0,"key":"Letter Opener"},{"floor":12.0,"key":"Vajra"},{"floor":23.0,"key":"MawBank"}],"event_choices":[{"damage_healed":0.0,"max_hp_gain":5.0,"max_hp_loss":0.0,"gold_gain":0.0,"event_name":"Big Fish","player_choice":"Donut","floor":2.0,"gold_loss":0.0,"damage_taken":0.0},{"damage_healed":0.0,"max_hp_gain":0.0,"max_hp_loss":0.0,"gold_gain":0.0,"event_name":"Dead Adventurer","player_choice":"Searched \u00271\u0027 times","floor":14.0,"gold_loss":0.0,"damage_taken":0.0,"relics_obtained":["Shuriken"]},{"damage_healed":0.0,"max_hp_gain":0.0,"max_hp_loss":0.0,"gold_gain":0.0,"event_name":"Duplicator","player_choice":"Copied","floor":20.0,"gold_loss":0.0,"damage_taken":0.0,"cards_obtained":["Backstab"]}],"is_beta":false,"boss_relics":[{"not_picked":["Ectoplasm","Velvet Choker"],"picked":"Runic Pyramid"}],"items_purged_floors":[3,13],"is_endless":false,"potions_floor_spawned":[1,6,12,16,18,22],"killed_by":"Gremlin Leader","ascension_level":5}