{"gold_per_floor":[369,385,396,54,68,98,98,130,130,130,146,161,161,174,174,272,272,284,199,214,234,54,54,72,72,140,140,155,155,155,174,174,174],"floor_reached":33,"playtime":1186,"items_purged":[],"score":405,"play_id":"0214ee7f-700b-4fde-bac5-770acc06d9bc","local_time":"20190127190619","is_ascension_mode":true,"campfire_choices":[{"floor":10.0,"key":"REST"},{"data":"Perfected Strike","floor":13.0,"key":"SMITH"},{"data":"Demon Form","floor":15.0,"key":"SMITH"},{"floor":23.0,"key":"REST"},{"floor":25.0,"key":"REST"},{"data":"Flame Barrier","floor":27.0,"key":"SMITH"},{"data":"True Grit","floor":30.0,"key":"SMITH"},{"floor":32.0,"key":"REST"}],"neow_cost":"TEN_PERCENT_HP_LOSS","seed_source_timestamp":0,"circlet_count":0,"master_deck":["AscendersBane","Strike_R","Strike_R","Strike_R","Strike_R","Strike_R","Defend_R","Defend_R","Bash","Perfected Strike+1","Clothesline","Headbutt","Twin Strike","Twin Strike","Demon Form+1","Pommel Strike","True Grit+1","Armaments","Flame Barrier+1","Shrug It Off","Shrug It Off+1","Decay"],"special_seed":0,"relics":["Burning Blood","Blood Vial","Tiny Chest","Pen Nib","Bag of Marbles","Meat on the Bone","Anchor","Empty Cage","Ornamental Fan","Frozen Egg 2"],"potions_floor_usage":[33,33],"damage_taken":[{"damage":6.0,"enemies":"Cultist","floor":1.0,"turns":4.0},{"damage":12.0,"enemies":"Jaw Worm","floor":2.0,"turns":3.0},{"damage":12.0,"enemies":"Small Slimes","floor":3.0,"turns":3.0},{"damage":11.0,"enemies":"Exordium Thugs","floor":5.0,"turns":4.0},{"damage":32.0,"enemies":"Gremlin Nob","floor":6.0,"turns":4.0},{"damage":27.0,"enemies":"3 Sentries","floor":8.0,"turns":6.0},{"damage":10.0,"enemies":"Large Slime","floor":11.0,"turns":5.0},{"damage":2.0,"enemies":"Exordium Wildlife","floor":12.0,"turns":3.0},{"damage":0.0,"enemies":"3 Louse","floor":14.0,"turns":2.0},{"damage":30.0,"enemies":"Slime Boss","floor":16.0,"turns":8.0},{"damage":31.0,"enemies":"2 Thieves","floor":18.0,"turns":5.0},{"damage":34.0,"enemies":"Shell Parasite","floor":20.0,"turns":6.0},{"damage":17.0,"enemies":"Chosen and Byrds","floor":21.0,"turns":6.0},{"damage":39.0,"enemies":"Snake Plant","floor":24.0,"turns":4.0},{"damage":17.0,"enemies":"3 Cultists","floor":28.0,"turns":4.0},{"damage":33.0,"enemies":"Sentry and Sphere","floor":31.0,"turns":6.0},{"damage":81,"enemies":"Automaton","floor":33,"turns":6}],"seed_played":"4876979906389761995","potions_obtained":[{"floor":5.0,"key":"GamblersBrew"},{"floor":12.0,"key":"Weak Potion"},{"floor":21.0,"key":"Poison Potion"},{"floor":31.0,"key":"PowerPotion"}],"is_trial":false,"path_per_floor":["M","M","M","$","M","E","?","E","T","R","M","M","R","M","R","B",null,"M","?","M","M","$","R","M","R","T","R","M","?","R","M","R","B"],"character_chosen":"IRONCLAD","items_purchased":["Blood Vial","Headbutt","Fire Potion","Tiny Chest","Flame Barrier","AttackPotion","Shrug It Off"],"campfire_rested":4,"item_purchase_floors":[4,4,4,4,22,22,22],"current_hp_per_floor":[72,66,60,60,57,33,33,14,14,35,45,51,51,59,59,49,66,43,43,29,32,32,53,34,55,55,55,46,46,46,33,54,0],"gold":174,"neow_bonus":"TWO_FIFTY_GOLD","is_prod":false,"is_daily":false,"chose_seed":false,"campfire_upgraded":4,"win_rate":0,"timestamp":1548644779,"path_taken":["M","M","?","$","M","E","?","E","T","R","?","M","R","M","R","BOSS","M","?","M","M","?","R","M","R","T","R","M","?","R","?","R","BOSS"],"build_version":"2019-01-23","purchased_purges":0,"victory":false,"max_hp_per_floor":[72,72,72,72,72,72,72,72,72,72,72,72,72,72,72,72,72,72,72,72,72,72,72,72,72,72,72,72,72,72,72,72,72],"card_choices":[{"not_picked":["Pommel Strike","Flex"],"picked":"Perfected Strike","floor":1.0},{"not_picked":["Battle Trance","Clothesline","Thunderclap"],"picked":"SKIP","floor":2.0},{"not_picked":["Battle Trance","Thunderclap"],"picked":"Clothesline","floor":2.0},{"not_picked":["Sword Boomerang","Cleave","Evolve"],"picked":"SKIP","floor":3.0},{"not_picked":["True Grit","Rampage","Armaments"],"picked":"SKIP","floor":5.0},{"not_picked":["Rampage","Armaments"],"picked":"True Grit","floor":5.0},{"not_picked":["Cleave","Flex"],"picked":"Twin Strike","floor":6.0},{"not_picked":["Disarm","Shockwave","Entrench"],"picked":"SKIP","floor":8.0},{"not_picked":["Clothesline","Cleave"],"picked":"Twin Strike","floor":11.0},{"not_picked":["Fire Breathing","Headbutt","Pummel"],"picked":"SKIP","floor":12.0},{"not_picked":["Fire Breathing","Headbutt","Pummel"],"picked":"SKIP","floor":12.0},{"not_picked":["Clash","Iron Wave"],"picked":"Demon Form","floor":14.0},{"not_picked":["Twin Strike","Wild Strike"],"picked":"Pommel Strike","floor":18.0},{"not_picked":["Armaments","Clash"],"picked":"True Grit","floor":20.0},{"not_picked":["Flex+1","Warcry"],"picked":"Armaments","floor":21.0},{"not_picked":["Combust+1","Dual Wield"],"picked":"Shrug It Off+1","floor":24.0},{"not_picked":["Immolate","Burning Pact","True Grit"],"picked":"SKIP","floor":28.0},{"not_picked":["Uppercut","Body Slam+1","True Grit"],"picked":"SKIP","floor":31.0}],"player_experience":388936,"relics_obtained":[{"floor":6.0,"key":"Pen Nib"},{"floor":8.0,"key":"Meat on the Bone"},{"floor":9.0,"key":"Anchor"},{"floor":26.0,"key":"Frozen Egg 2"}],"event_choices":[{"cards_removed":["True Grit"],"damage_healed":0.0,"max_hp_gain":0.0,"max_hp_loss":0.0,"gold_gain":0.0,"event_name":"WeMeetAgain","player_choice":"Gave Card","floor":7.0,"gold_loss":0.0,"damage_taken":0.0,"relics_obtained":["Bag of Marbles"]},{"damage_healed":0.0,"max_hp_gain":0.0,"max_hp_loss":0.0,"gold_gain":0.0,"event_name":"Addict","player_choice":"Obtained Relic","floor":19.0,"gold_loss":85.0,"damage_taken":0.0,"relics_obtained":["Ornamental Fan"]},{"damage_healed":0.0,"max_hp_gain":0.0,"max_hp_loss":0.0,"gold_gain":0.0,"event_name":"Wheel of Change","player_choice":"Cursed","floor":29.0,"gold_loss":0.0,"damage_taken":0.0,"cards_obtained":["Decay"]}],"is_beta":false,"boss_relics":[{"not_picked":["Coffee Dripper","Black Star"],"picked":"Empty Cage"}],"items_purged_floors":[],"is_endless":false,"potions_floor_spawned":[5,6,12,16,21,31],"killed_by":"Automaton","ascension_level":11}