{"gold_per_floor":[114,129,129,144,144,174,24,24,49,79,94,144,174,189,189,289,289,304,304,54,69,84,114,129,144,194,209,239,39,39,54,54,154,154,169,184,34,49,0,0,30,30,30,30,45,60,75,75,75,75],"floor_reached":51,"playtime":2111,"items_purged":[],"score":1041,"play_id":"c9c722c8-8bc1-4e88-bcd5-f9f1d95c26cb","local_time":"20190106115712","daily_mods":["Cursed Run","Hoarder","DeadlyEvents"],"is_ascension_mode":false,"campfire_choices":[{"floor":8,"key":"REST"},{"data":"Strike_B","floor":15,"key":"SMITH"},{"data":"Beam Cell","floor":30,"key":"SMITH"},{"data":"Buffer","floor":32,"key":"SMITH"},{"floor":40,"key":"REST"},{"floor":42,"key":"REST"},{"data":"Self Repair","floor":44,"key":"SMITH"},{"data":"Bandage Up","floor":49,"key":"SMITH"}],"neow_cost":"","seed_source_timestamp":0,"circlet_count":0,"master_deck":["Strike_B+1","Strike_B","Strike_B","Strike_B+1","Defend_B","Defend_B","Defend_B","Defend_B","Zap","Dualcast","Beam Cell+1","Beam Cell","Beam Cell+1","Coolheaded","Coolheaded","Redo","Redo","Redo","Normality","Normality","Normality","Glacier","Glacier","Glacier","Doubt","Doubt","Doubt","Sweeping Beam","Sweeping Beam","Sweeping Beam","Doubt","Doubt","Doubt","Buffer+1","Buffer","Buffer","Self Repair","Self Repair","Self Repair","Streamline","Streamline","Streamline","Self Repair+1","Self Repair","Self Repair","Shame","Shame","Shame","Rainbow","Rainbow","Rainbow","Ball Lightning+1","Ball Lightning+1","Ball Lightning+1","Shame","Shame","Shame","Biased Cognition","Biased Cognition","Biased Cognition","Force Field","Force Field","Force Field","Pain","Pain","Pain","Skim+1","Skim+1","Skim+1","Bandage Up+1","Bandage Up","Bandage Up","Shame","Shame","Shame"],"special_seed":17902,"relics":["Cursed Key","Darkstone Periapt","Du-Vu Doll","Strawberry","Whetstone","Vajra","Calipers","Potion Belt","Blue Candle","Velvet Choker","Symbiotic Virus","DataDisk","Orichalcum","Blood Vial","Medical Kit","Nuclear Battery","Bronze Scales","Red Mask","Pantograph","Frozen Egg 2"],"potions_floor_usage":[24,33,41,50,50],"damage_taken":[{"damage":1,"enemies":"Jaw Worm","floor":1,"turns":3},{"damage":1,"enemies":"2 Louse","floor":2,"turns":3},{"damage":0,"enemies":"Small Slimes","floor":4,"turns":2},{"damage":21,"enemies":"3 Sentries","floor":6,"turns":10},{"damage":20,"enemies":"Gremlin Nob","floor":10,"turns":5},{"damage":8,"enemies":"Looter","floor":11,"turns":3},{"damage":5,"enemies":"Lagavulin","floor":13,"turns":6},{"damage":0,"enemies":"3 Louse","floor":14,"turns":1},{"damage":21,"enemies":"Hexaghost","floor":16,"turns":7},{"damage":1,"enemies":"Spheric Guardian","floor":18,"turns":1},{"damage":3,"enemies":"Chosen","floor":21,"turns":4},{"damage":9,"enemies":"3 Cultists","floor":22,"turns":4},{"damage":52,"enemies":"Slavers","floor":23,"turns":6},{"damage":14,"enemies":"Centurion and Healer","floor":24,"turns":4},{"damage":34,"enemies":"Cultist and Chosen","floor":25,"turns":6},{"damage":19,"enemies":"Sentry and Sphere","floor":27,"turns":4},{"damage":5,"enemies":"Gremlin Leader","floor":28,"turns":4},{"damage":19,"enemies":"Snake Plant","floor":31,"turns":4},{"damage":82,"enemies":"Automaton","floor":33,"turns":10},{"damage":0,"enemies":"Orb Walker","floor":35,"turns":3},{"damage":22,"enemies":"3 Darklings","floor":36,"turns":4},{"damage":48,"enemies":"Spire Growth","floor":38,"turns":5},{"damage":53,"enemies":"Reptomancer","floor":41,"turns":5},{"damage":27,"enemies":"Writhing Mass","floor":45,"turns":6},{"damage":3,"enemies":"3 Darklings","floor":46,"turns":4},{"damage":5,"enemies":"Maw","floor":47,"turns":5},{"damage":120,"enemies":"Donu and Deca","floor":50,"turns":12}],"seed_played":"7362796189856692124","potions_obtained":[{"floor":1,"key":"Fire Potion"},{"floor":6,"key":"Strength Potion"},{"floor":16,"key":"Strength Potion"},{"floor":18,"key":"Regen Potion"},{"floor":23,"key":"Regen Potion"},{"floor":31,"key":"SkillPotion"},{"floor":33,"key":"SpeedPotion"},{"floor":35,"key":"EntropicBrew"},{"floor":41,"key":"Fire Potion"},{"floor":47,"key":"EssenceOfSteel"}],"is_trial":false,"path_per_floor":["M","M","?","M","?","E","$","R","T","E","M","T","E","M","R","B",null,"M","?","$","M","M","E","M","M","T","M","E","$","R","M","R","B",null,"M","M","$","M","?","R","E","R","T","R","M","M","M","?","R","B",null],"character_chosen":"DEFECT","items_purchased":["Whetstone","Symbiotic Virus","Medical Kit","Bronze Scales"],"campfire_rested":3,"item_purchase_floors":[7,20,29,37],"current_hp_per_floor":[74,73,78,78,71,57,57,83,89,69,61,67,62,62,62,47,105,104,104,104,105,103,72,84,71,77,93,109,109,109,111,111,64,117,117,102,102,63,63,98,61,96,102,102,91,97,118,118,118,40],"gold":75,"neow_bonus":"","is_prod":false,"is_daily":true,"chose_seed":false,"campfire_upgraded":5,"win_rate":0,"timestamp":1546772232,"path_taken":["M","M","?","M","?","E","$","R","T","E","M","?","?","M","R","BOSS","M","?","$","M","M","E","M","M","T","M","E","$","R","M","R","BOSS","M","M","$","M","?","R","E","R","T","R","M","M","M","?","R","BOSS"],"build_version":"2019-01-03v4","purchased_purges":0,"victory":true,"max_hp_per_floor":[75,75,80,80,80,87,87,87,93,93,93,99,99,99,99,105,105,105,105,105,105,105,105,105,105,111,111,111,111,111,111,111,117,117,117,117,117,117,117,117,117,117,123,123,123,123,123,123,123,129],"card_choices":[{"not_picked":["Gash","Rebound"],"picked":"Beam Cell","floor":1},{"not_picked":["Storm","Rebound","Consume"],"picked":"SKIP","floor":2},{"not_picked":["Lockon","Beam Cell"],"picked":"Coolheaded","floor":4},{"not_picked":["Hologram","Sunder"],"picked":"Redo","floor":6},{"not_picked":["Stack","Beam Cell","Loop"],"picked":"SKIP","floor":10},{"not_picked":["Scrape","Storm"],"picked":"Glacier","floor":11},{"not_picked":["Static Discharge","Melter"],"picked":"Sweeping Beam","floor":13},{"not_picked":["Static Discharge","Beam Cell","Barrage"],"picked":"SKIP","floor":14},{"not_picked":["Creative AI","Fission"],"picked":"Buffer","floor":16},{"not_picked":["Go for the Eyes","Ball Lightning","Melter"],"picked":"SKIP","floor":18},{"not_picked":["Compile Driver","Sweeping Beam","Consume"],"picked":"SKIP","floor":21},{"not_picked":["Genetic Algorithm","Tempest+1"],"picked":"Streamline","floor":22},{"not_picked":["Stack","Streamline"],"picked":"Self Repair","floor":23},{"not_picked":["Hologram","Conserve Battery","Gash"],"picked":"SKIP","floor":24},{"not_picked":["Cold Snap","Turbo+1","Barrage"],"picked":"SKIP","floor":25},{"not_picked":["Ball Lightning","Compile Driver"],"picked":"Rainbow","floor":27},{"not_picked":["Multi-Cast","Hologram+1","Go for the Eyes"],"picked":"SKIP","floor":28},{"not_picked":["Stack","Doom and Gloom"],"picked":"Ball Lightning+1","floor":31},{"not_picked":["Rainbow","Buffer"],"picked":"Biased Cognition","floor":33},{"not_picked":["Beam Cell","Sweeping Beam+1","Hello World"],"picked":"SKIP","floor":35},{"not_picked":["Streamline+1","Hologram"],"picked":"Force Field","floor":36},{"not_picked":["Tempest","Compile Driver+1","BootSequence+1"],"picked":"SKIP","floor":38},{"not_picked":["Electrodynamics","Consume","Double Energy+1"],"picked":"SKIP","floor":41},{"not_picked":["Auto Shields","Hologram+1"],"picked":"Skim+1","floor":45},{"not_picked":["Coolheaded+1","Glacier","Ball Lightning"],"picked":"SKIP","floor":46},{"not_picked":["Steam","Gash","Go for the Eyes"],"picked":"SKIP","floor":47},{"not_picked":["Secret Weapon","Finesse"],"picked":"Bandage Up","floor":48}],"player_experience":126234,"relics_obtained":[{"floor":6,"key":"Strawberry"},{"floor":9,"key":"Vajra"},{"floor":10,"key":"Calipers"},{"floor":12,"key":"Potion Belt"},{"floor":13,"key":"Blue Candle"},{"floor":23,"key":"DataDisk"},{"floor":26,"key":"Orichalcum"},{"floor":28,"key":"Blood Vial"},{"floor":41,"key":"Pantograph"},{"floor":43,"key":"Frozen Egg 2"}],"event_choices":[{"damage_healed":0,"gold_gain":0,"player_choice":"Donut","damage_taken":0,"max_hp_gain":5,"max_hp_loss":0,"event_name":"Big Fish","floor":3,"gold_loss":0},{"cards_removed":["Coolheaded"],"damage_healed":0,"gold_gain":0,"player_choice":"Card Removal","damage_taken":7,"max_hp_gain":0,"max_hp_loss":0,"event_name":"Golden Wing","floor":5,"gold_loss":0},{"damage_healed":0,"gold_gain":0,"player_choice":"Read","damage_taken":0,"max_hp_gain":0,"max_hp_loss":0,"event_name":"The Library","floor":19,"gold_loss":0,"cards_obtained":["Self Repair"]},{"damage_healed":0,"gold_gain":0,"player_choice":"Paid","damage_taken":0,"relics_obtained":["Red Mask"],"max_hp_gain":0,"max_hp_loss":0,"event_name":"Tomb of Lord Red Mask","floor":39,"gold_loss":49},{"damage_healed":0,"gold_gain":0,"player_choice":"Memory 1","damage_taken":0,"max_hp_gain":0,"max_hp_loss":0,"event_name":"SensoryStone","floor":48,"gold_loss":0}],"is_beta":false,"boss_relics":[{"not_picked":["Coffee Dripper","Orrery"],"picked":"Velvet Choker"},{"not_picked":["Empty Cage","Astrolabe"],"picked":"Nuclear Battery"}],"items_purged_floors":[],"is_endless":false,"potions_floor_spawned":[1,6,16,18,23,31,33,35,41,47],"ascension_level":0}