{"gold_per_floor":[119,131,195,205,56,87,87,99,99,132,132,132,132,86,86,86],"floor_reached":16,"playtime":548,"items_purged":[],"score":108,"play_id":"b311a2da-674e-48f1-bfba-6e2763c9e349","local_time":"20180717211426","is_ascension_mode":false,"campfire_choices":[{"floor":7,"key":"REST"},{"floor":15,"key":"REST"}],"neow_cost":"NONE","seed_source_timestamp":208786795292667,"circlet_count":0,"master_deck":["Strike_R","Strike_R","Strike_R","Strike_R","Defend_R","Defend_R","Defend_R","Defend_R","Bash","Bludgeon","Rupture","Shrug It Off","Thunderclap","Dramatic Entrance","Iron Wave","Dual Wield","Rampage","Limit Break","Cleave"],"relics":["Burning Blood","Self Forming Clay","Gremlin Horn","Boot","Oddly Smooth Stone"],"potions_floor_usage":[],"damage_taken":[{"damage":0,"enemies":"Small Slimes","floor":1,"turns":2},{"damage":6,"enemies":"Jaw Worm","floor":2,"turns":3},{"damage":1,"enemies":"2 Louse","floor":4,"turns":4},{"damage":17,"enemies":"3 Sentries","floor":6,"turns":7},{"damage":13,"enemies":"Blue Slaver","floor":8,"turns":3},{"damage":22,"enemies":"Gremlin Nob","floor":10,"turns":4},{"damage":85,"enemies":"Hexaghost","floor":16,"turns":9}],"seed_played":"-2827263970565946219","potions_obtained":[{"floor":1,"key":"SteroidPotion"},{"floor":2,"key":"FearPotion"},{"floor":8,"key":"EssenceOfSteel"}],"is_trial":false,"path_per_floor":["M","M","?","M","$","E","R","M","T","E","?","?","T","$","R"],"character_chosen":"IRONCLAD","items_purchased":["Dramatic Entrance","Iron Wave","Cleave"],"campfire_rested":2,"item_purchase_floors":[5,5,14],"current_hp_per_floor":[80,80,80,80,80,69,80,73,73,57,62,62,62,62,85,0],"gold":86,"neow_bonus":"ONE_RANDOM_RARE_CARD","is_prod":false,"is_daily":false,"chose_seed":false,"campfire_upgraded":0,"win_rate":0.0,"timestamp":1531833266,"path_taken":["M","M","?","M","$","E","R","M","T","E","?","?","?","$","R","BOSS"],"build_version":"2018-07-12","purchased_purges":0,"victory":false,"max_hp_per_floor":[80,80,80,80,80,80,80,80,80,80,85,85,85,85,85,85],"card_choices":[{"not_picked":["Clothesline","Body Slam"],"picked":"Rupture","floor":1},{"not_picked":["Flex","Sever Soul"],"picked":"Shrug It Off","floor":2},{"not_picked":["Uppercut","Body Slam"],"picked":"Thunderclap","floor":4},{"not_picked":["True Grit","Impervious"],"picked":"Dual Wield","floor":6},{"not_picked":["Body Slam","Disarm"],"picked":"Rampage","floor":8},{"not_picked":["Fire Breathing","Flex"],"picked":"Limit Break","floor":10}],"player_experience":15203,"relics_obtained":[{"floor":6,"key":"Self Forming Clay"},{"floor":9,"key":"Gremlin Horn"},{"floor":10,"key":"Boot"},{"floor":13,"key":"Oddly Smooth Stone"}],"event_choices":[{"event_name":"Golden Wing","player_choice":"Gained Gold","floor":3,"damage_taken":0},{"event_name":"Big Fish","player_choice":"Donut","floor":11,"damage_taken":0},{"event_name":"Purifier","player_choice":"One Purge","floor":12,"damage_taken":0}],"boss_relics":[],"items_purged_floors":[],"is_endless":false,"potions_floor_spawned":[1,2,8],"killed_by":"Hexaghost","ascension_level":0}