{"path_per_floor":["M","M","M","?","M","R","E","R","T","E","?","?","$","M","R","B",null,"M","$","M","M","M","R","M","R","T","R","$","R","?","T","R"],"character_chosen":"IRONCLAD","items_purchased":["Whetstone","Inflame","Anger","BloodPotion","Armaments"],"gold_per_floor":[109,123,135,135,160,160,201,201,201,232,232,232,10,26,26,157,157,180,180,198,218,236,236,261,261,261,261,13,13,13,13,13,13],"floor_reached":33,"campfire_rested":2,"playtime":2489,"item_purchase_floors":[13,13,28,28,28],"current_hp_per_floor":[58,63,65,65,62,62,42,42,42,29,50,50,50,55,55,57,94,83,83,45,22,19,55,30,68,68,78,78,88,72,72,82,0],"items_purged":["Parasite"],"gold":13,"score":280,"play_id":"f2638866-f701-4b32-b4ed-edfb6390f0c1","local_time":"20180614215758","is_prod":false,"is_daily":false,"chose_seed":false,"is_ascension_mode":false,"campfire_upgraded":6,"win_rate":0.0,"timestamp":1529006278,"campfire_choices":[{"data":"Anger","floor":6,"key":"SMITH"},{"data":"Anger","floor":8,"key":"SMITH"},{"data":"Anger","floor":15,"key":"SMITH"},{"floor":23,"key":"REST"},{"floor":25,"key":"REST"},{"data":"Metallicize","floor":27,"key":"SMITH"},{"data":"Anger","floor":29,"key":"SMITH"},{"data":"Armaments","floor":32,"key":"SMITH"}],"path_taken":["M","M","M","?","?","R","E","R","T","E","?","?","?","M","R","BOSS","M","$","M","M","M","R","M","R","T","R","$","R","?","?","R","BOSS"],"build_version":"2018-06-07v3","seed_source_timestamp":591040921661251,"purchased_purges":1,"victory":false,"master_deck":["Strike_R+1","Strike_R","Strike_R","Strike_R","Strike_R","Defend_R","Defend_R","Defend_R","Defend_R+1","Bash+1","Shrug It Off+1","Anger+1","Anger+1","Anger+1","Uppercut","Shrug It Off","Inflame","Shockwave","Dark Embrace","Warcry+1","Metallicize+1","Sword Boomerang","Combust","Shrug It Off+1","Anger+1","Armaments+1"],"max_hp_per_floor":[94,94,94,87,87,87,87,87,87,87,87,94,94,94,94,94,94,94,94,94,94,94,94,94,94,94,94,91,91,91,91,91,91],"relics":["Burning Blood","Mango","Golden Idol","War Paint","Juzu Bracelet","Bottled Flame","Strawberry","Whetstone","Eternal Feather","Meat on the Bone","Nilry\u0027s Codex","Pen Nib"],"card_choices":[{"not_picked":["Warcry","Disarm"],"picked":"Shrug It Off","floor":1},{"not_picked":["Clothesline","Intimidate"],"picked":"Anger","floor":2},{"not_picked":["Armaments","Perfected Strike"],"picked":"Anger","floor":3},{"not_picked":["Warcry","Heavy Blade"],"picked":"Anger","floor":5},{"not_picked":["Flex","Dual Wield"],"picked":"Uppercut","floor":7},{"not_picked":["Hemokinesis","Warcry"],"picked":"Shrug It Off","floor":10},{"not_picked":["Brutality","Clash"],"picked":"Shockwave","floor":14},{"not_picked":["Double Tap","Feed"],"picked":"Dark Embrace","floor":16},{"not_picked":["Body Slam+1","Pummel"],"picked":"Warcry+1","floor":18},{"not_picked":["Reckless Charge+1","Iron Wave"],"picked":"Metallicize","floor":20},{"not_picked":["Dropkick","Sever Soul"],"picked":"Sword Boomerang","floor":21},{"not_picked":["Twin Strike+1","True Grit"],"picked":"Combust","floor":22},{"not_picked":["Warcry","True Grit+1"],"picked":"Shrug It Off+1","floor":24}],"player_experience":2664,"potions_floor_usage":[10,16,16,22,33],"damage_taken":[{"damage":2,"enemies":"Small Slimes","floor":1,"turns":4},{"damage":1,"enemies":"2 Louse","floor":2,"turns":4},{"damage":4,"enemies":"Cultist","floor":3,"turns":5},{"damage":9,"enemies":"Exordium Thugs","floor":5,"turns":4},{"damage":26,"enemies":"Gremlin Nob","floor":7,"turns":5},{"damage":19,"enemies":"Lagavulin","floor":10,"turns":8},{"damage":1,"enemies":"Exordium Wildlife","floor":14,"turns":5},{"damage":19,"enemies":"Hexaghost","floor":16,"turns":9},{"damage":17,"enemies":"Spheric Guardian","floor":18,"turns":7},{"damage":44,"enemies":"3 Byrds","floor":20,"turns":9},{"damage":29,"enemies":"Centurion and Healer","floor":21,"turns":8},{"damage":9,"enemies":"Snake Plant","floor":22,"turns":6},{"damage":31,"enemies":"Sentry and Sphere","floor":24,"turns":7},{"damage":91,"enemies":"Automaton","floor":33,"turns":12}],"relics_obtained":[{"floor":7,"key":"War Paint"},{"floor":9,"key":"Juzu Bracelet"},{"floor":10,"key":"Bottled Flame"},{"floor":26,"key":"Meat on the Bone"},{"floor":30,"key":"Nilry\u0027s Codex"},{"floor":31,"key":"Pen Nib"}],"event_choices":[{"event_name":"Golden Idol","player_choice":"Lose Max HP","floor":4,"damage_taken":0},{"event_name":"Mushrooms","player_choice":"Healed and dodged fight","floor":11,"damage_taken":0},{"event_name":"Scrap Ooze","player_choice":"success","floor":12,"damage_taken":7},{"event_name":"Cursed Tome","player_choice":"Obtained Book","floor":30,"damage_taken":0}],"boss_relics":[{"not_picked":["Ectoplasm","Runic Dome"],"picked":"Eternal Feather"}],"items_purged_floors":[28],"potions_floor_spawned":[7,10,14,21,24],"seed_played":"2260269646253170527","killed_by":"Automaton","ascension_level":0,"potions_obtained":[{"floor":7,"key":"Block Potion"},{"floor":10,"key":"FearPotion"},{"floor":14,"key":"Regen Potion"},{"floor":21,"key":"SpeedPotion"},{"floor":24,"key":"SteroidPotion"}],"is_trial":false}