{"gold_per_floor":[114,126,140,159,11,42,42,53,78,108,108],"floor_reached":11,"playtime":382,"items_purged":["Strike_B"],"score":89,"play_id":"e323ce37-22ba-4a1e-8313-5100d6597aeb","local_time":"20190112113925","is_ascension_mode":true,"campfire_choices":[{"data":"Machine Learning","floor":7,"key":"SMITH"}],"neow_cost":"NONE","seed_source_timestamp":2386484911676,"circlet_count":0,"master_deck":["Strike_B","Strike_B","Strike_B","Defend_B","Defend_B","Defend_B","Defend_B","Zap","Dualcast","Auto Shields","Streamline","Fission","Genetic Algorithm","Machine Learning+1","Reinforced Body","Lockon","Static Discharge"],"relics":["Cracked Core","Potion Belt","Omamori","Happy Flower","Bag of Marbles"],"potions_floor_usage":[6],"damage_taken":[{"damage":5,"enemies":"Small Slimes","floor":1,"turns":3},{"damage":1,"enemies":"Jaw Worm","floor":2,"turns":4},{"damage":2,"enemies":"2 Louse","floor":3,"turns":2},{"damage":7,"enemies":"Blue Slaver","floor":4,"turns":3},{"damage":8,"enemies":"Gremlin Nob","floor":6,"turns":4},{"damage":9,"enemies":"Exordium Wildlife","floor":8,"turns":9},{"damage":35,"enemies":"3 Sentries","floor":10,"turns":10},{"damage":8,"enemies":"3 Louse","floor":11,"turns":1}],"seed_played":"8290646760207236434","potions_obtained":[{"floor":1,"key":"LiquidBronze"},{"floor":4,"key":"PowerPotion"},{"floor":6,"key":"EssenceOfSteel"}],"is_trial":false,"path_per_floor":["M","M","M","M","$","E","R","M","T","E","M"],"character_chosen":"DEFECT","items_purchased":["Machine Learning"],"campfire_rested":0,"item_purchase_floors":[5],"current_hp_per_floor":[70,69,67,60,60,52,52,43,43,8,0],"gold":108,"neow_bonus":"RANDOM_COMMON_RELIC","is_prod":false,"is_daily":false,"chose_seed":false,"campfire_upgraded":1,"win_rate":0,"timestamp":1547289565,"path_taken":["M","M","M","M","$","E","R","M","T","E","M"],"build_version":"2019-01-10","purchased_purges":1,"victory":false,"max_hp_per_floor":[75,75,75,75,75,75,75,75,75,75,75],"card_choices":[{"not_picked":["Compile Driver","Hologram"],"picked":"Auto Shields","floor":1},{"not_picked":["Stack","Scrape"],"picked":"Streamline","floor":2},{"not_picked":["Sweeping Beam","Coolheaded"],"picked":"Fission","floor":3},{"not_picked":["Beam Cell","Undo"],"picked":"Genetic Algorithm","floor":4},{"not_picked":["Capacitor","Rebound"],"picked":"Reinforced Body","floor":6},{"not_picked":["Hologram","Rip and Tear"],"picked":"Lockon","floor":8},{"not_picked":["Hologram","Glacier"],"picked":"Static Discharge","floor":10}],"player_experience":191777,"relics_obtained":[{"floor":6,"key":"Omamori"},{"floor":9,"key":"Happy Flower"},{"floor":10,"key":"Bag of Marbles"}],"event_choices":[],"is_beta":false,"boss_relics":[],"items_purged_floors":[5],"is_endless":false,"potions_floor_spawned":[1,4,6],"killed_by":"3 Louse","ascension_level":1}