{"gold_per_floor":[113,132,151,213,213,213,63,90,114,131,131,146,146,165,165,264,264,282,207,207],"floor_reached":20,"playtime":811,"items_purged":["Pain"],"score":270,"play_id":"77145e22-8437-4840-9547-d6ebd953cff6","local_time":"20190201155331","is_ascension_mode":true,"campfire_choices":[{"data":"Discovery","floor":6,"key":"SMITH"},{"floor":11,"key":"REST"},{"floor":15,"key":"REST"}],"neow_cost":"CURSE","seed_source_timestamp":3896983859470,"circlet_count":0,"master_deck":["AscendersBane","Strike_R","Strike_R","Strike_R","Strike_R","Strike_R","Defend_R","Defend_R","Defend_R","Defend_R","Bash","Carnage","Shrug It Off","Discovery+1","Inflame","Cleave","Barricade","Uppercut+1"],"relics":["Burning Blood","Thread and Needle","Omamori","PreservedInsect","Oddly Smooth Stone","Calling Bell","Bronze Scales","Molten Egg 2","Prayer Wheel"],"potions_floor_usage":[2,16,20,20],"damage_taken":[{"damage":6,"enemies":"2 Louse","floor":1,"turns":3},{"damage":3,"enemies":"Jaw Worm","floor":2,"turns":3},{"damage":0,"enemies":"Cultist","floor":3,"turns":2},{"damage":70,"enemies":"Gremlin Nob","floor":8,"turns":6},{"damage":3,"enemies":"Looter","floor":10,"turns":3},{"damage":16,"enemies":"Lots of Slimes","floor":12,"turns":4},{"damage":3,"enemies":"Red Slaver","floor":14,"turns":4},{"damage":55,"enemies":"The Guardian","floor":16,"turns":12},{"damage":22,"enemies":"Chosen","floor":18,"turns":8},{"damage":54,"enemies":"Masked Bandits","floor":20,"turns":4}],"seed_played":"7455964605212127528","potions_obtained":[{"floor":1,"key":"Poison Potion"},{"floor":12,"key":"Ancient Potion"},{"floor":14,"key":"Regen Potion"},{"floor":18,"key":"Weak Potion"}],"is_trial":false,"path_per_floor":["M","M","M","?","?","R","$","E","T","M","R","M","?","M","R","B",null,"M","$","?"],"character_chosen":"IRONCLAD","items_purchased":["Omamori"],"campfire_rested":2,"item_purchase_floors":[7],"current_hp_per_floor":[72,75,80,80,80,80,80,16,16,19,43,33,33,36,60,26,67,51,51,0],"gold":207,"neow_bonus":"ONE_RARE_RELIC","is_prod":false,"is_daily":false,"chose_seed":false,"campfire_upgraded":1,"win_rate":0,"timestamp":1549029211,"path_taken":["M","M","M","?","?","R","$","E","T","M","R","?","?","?","R","BOSS","M","$","?"],"build_version":"2019-01-23","purchased_purges":1,"victory":false,"max_hp_per_floor":[80,80,80,80,80,80,80,80,80,80,80,80,80,80,80,80,80,80,80,80],"card_choices":[{"not_picked":["Clothesline","Anger"],"picked":"Carnage","floor":1},{"not_picked":["Twin Strike","Headbutt"],"picked":"Shrug It Off","floor":2},{"not_picked":["Perfected Strike","Twin Strike","Dropkick"],"picked":"SKIP","floor":3},{"not_picked":["Headbutt","Iron Wave"],"picked":"Inflame","floor":8},{"not_picked":["Headbutt","Flame Barrier"],"picked":"Cleave","floor":10},{"not_picked":["Carnage","Twin Strike","Warcry"],"picked":"SKIP","floor":12},{"not_picked":["Iron Wave","Sever Soul","Corruption"],"picked":"SKIP","floor":14},{"not_picked":["Berserk","Dark Embrace"],"picked":"Barricade","floor":16},{"not_picked":["Pummel+1","Clash+1"],"picked":"Uppercut+1","floor":18},{"not_picked":["Bloodletting","Thunderclap+1","Iron Wave+1"],"picked":"SKIP","floor":18}],"player_experience":699208,"relics_obtained":[{"floor":8,"key":"PreservedInsect"},{"floor":9,"key":"Oddly Smooth Stone"},{"floor":17,"key":"Bronze Scales"},{"floor":17,"key":"Molten Egg 2"},{"floor":17,"key":"Prayer Wheel"}],"event_choices":[{"damage_healed":0,"gold_gain":62,"player_choice":"Gained Gold","damage_taken":0,"max_hp_gain":0,"max_hp_loss":0,"event_name":"Golden Wing","floor":4,"gold_loss":0},{"damage_healed":0,"gold_gain":0,"player_choice":"2 cards matched","damage_taken":0,"max_hp_gain":0,"max_hp_loss":0,"event_name":"Match and Keep!","floor":5,"gold_loss":0,"cards_obtained":["Shame","Discovery"]},{"cards_removed":["Shame","Clumsy"],"damage_healed":0,"gold_gain":0,"player_choice":"Removed Curses","damage_taken":0,"max_hp_gain":0,"max_hp_loss":0,"event_name":"Fountain of Cleansing","floor":13,"gold_loss":0},{"damage_healed":0,"gold_gain":0,"player_choice":"Fought Bandits","damage_taken":0,"max_hp_gain":0,"max_hp_loss":0,"event_name":"Masked Bandits","floor":20,"gold_loss":0}],"is_beta":false,"boss_relics":[{"not_picked":["Fusion Hammer","Black Star"],"picked":"Calling Bell"}],"items_purged_floors":[19],"is_endless":false,"potions_floor_spawned":[1,12,14,18],"killed_by":"Masked Bandits","ascension_level":11}