{"gold_per_floor":[118,132,150,162,177,209,209,219,219,244,244,244,213,233,233,233],"floor_reached":16,"playtime":1901,"items_purged":[],"score":116,"play_id":"001c1629-5794-4fee-994a-7578441f2fad","local_time":"20180715124705","is_ascension_mode":false,"campfire_choices":[{"floor":7,"key":"REST"},{"floor":15,"key":"REST"}],"neow_cost":"","seed_source_timestamp":4183253439547,"circlet_count":0,"master_deck":["Defend_G","Defend_G","Defend_G","Defend_G","Defend_G","Strike_G","Strike_G","Strike_G","Strike_G","Strike_G","Survivor","Neutralize","Acrobatics","Choke","Dodge and Roll","Prepared","Outmaneuver","Burst","Backflip","Quick Slash","Parasite","Choke","Die Die Die"],"relics":["Ring of the Snake","Lantern","Happy Flower","Gambling Chip"],"potions_floor_usage":[],"damage_taken":[{"damage":0,"enemies":"Small Slimes","floor":1,"turns":4},{"damage":0,"enemies":"Jaw Worm","floor":2,"turns":5},{"damage":0,"enemies":"2 Louse","floor":3,"turns":3},{"damage":6,"enemies":"Looter","floor":4,"turns":4},{"damage":0,"enemies":"2 Fungi Beasts","floor":5,"turns":4},{"damage":18,"enemies":"3 Sentries","floor":6,"turns":15},{"damage":14,"enemies":"Large Slime","floor":8,"turns":13},{"damage":36,"enemies":"Lagavulin","floor":10,"turns":11},{"damage":15,"enemies":"Exordium Thugs","floor":13,"turns":5},{"damage":0,"enemies":"Red Slaver","floor":14,"turns":4},{"damage":42,"enemies":"Hexaghost","floor":16,"turns":9}],"seed_played":"-1771510031630027208","potions_obtained":[{"floor":2,"key":"Energy Potion"},{"floor":3,"key":"Regen Potion"},{"floor":5,"key":"SpeedPotion"},{"floor":10,"key":"Energy Potion"}],"is_trial":false,"path_per_floor":["M","M","M","M","M","E","R","M","T","E","?","?","M","M","R"],"character_chosen":"THE_SILENT","items_purchased":[],"campfire_rested":2,"item_purchase_floors":[],"current_hp_per_floor":[70,70,70,64,64,46,67,53,53,17,34,34,19,19,40,0],"gold":233,"neow_bonus":"","is_prod":false,"is_daily":false,"chose_seed":false,"campfire_upgraded":0,"win_rate":0.0,"timestamp":1531630025,"path_taken":["M","M","M","M","M","E","R","M","T","E","?","?","M","M","R","BOSS"],"build_version":"2018-07-12","purchased_purges":0,"victory":false,"max_hp_per_floor":[70,70,70,70,70,70,70,70,70,70,70,70,70,70,70,70],"card_choices":[{"not_picked":["Riddle With Holes","Outmaneuver"],"picked":"Acrobatics","floor":1},{"not_picked":["Infinite Blades","Dagger Throw"],"picked":"Choke","floor":2},{"not_picked":["Slice","Choke"],"picked":"Dodge and Roll","floor":3},{"not_picked":["Deadly Poison","Backflip"],"picked":"Prepared","floor":4},{"not_picked":["Dagger Spray","PiercingWail"],"picked":"Outmaneuver","floor":5},{"not_picked":["Underhanded Strike","Well Laid Plans"],"picked":"Burst","floor":6},{"not_picked":["Dagger Spray","Slice"],"picked":"Backflip","floor":8},{"not_picked":["Dagger Spray","Heel Hook"],"picked":"Quick Slash","floor":10},{"not_picked":["Sucker Punch","Flying Knee"],"picked":"Choke","floor":13},{"not_picked":["Acrobatics","Quick Slash"],"picked":"Die Die Die","floor":14}],"player_experience":2093,"relics_obtained":[{"floor":6,"key":"Lantern"},{"floor":9,"key":"Happy Flower"},{"floor":10,"key":"Gambling Chip"}],"event_choices":[{"event_name":"Mushrooms","player_choice":"Healed and dodged fight","floor":11,"damage_taken":0},{"event_name":"Liars Game","player_choice":"disagreed","floor":12,"damage_taken":0}],"boss_relics":[],"items_purged_floors":[],"is_endless":false,"potions_floor_spawned":[2,3,5,10,14],"killed_by":"Hexaghost","ascension_level":0}