{"gold_per_floor":[114,27,42,0,0,0,15,15,40,70,85,100,115,115,115,240,240,259,278,3,22,22,322,122,160,160,198,198,198,198,198,198,323,323,342,361,694,294,294,294,309,339,339,189,204,219,234,234,234,234],"floor_reached":50,"playtime":2399,"items_purged":["Injury"],"score":560,"play_id":"654a39b6-f960-4308-a01e-db8a19e8d864","local_time":"20181215160928","daily_mods":["Shiny","ControlledChaos","Elite Swarm"],"is_ascension_mode":false,"campfire_choices":[{"data":"Hyperbeam","floor":6,"key":"SMITH"},{"data":"Auto Shields","floor":8,"key":"SMITH"},{"floor":15,"key":"REST"},{"floor":23,"key":"DIG"},{"floor":28,"key":"REST"},{"floor":32,"key":"REST"},{"floor":40,"key":"DIG"},{"floor":49,"key":"REST"}],"neow_cost":"","seed_source_timestamp":100705535049108,"circlet_count":0,"master_deck":["Multi-Cast","Hyperbeam+1","Thunder Strike","Biased Cognition","Electrodynamics","Buffer","Rainbow","Seek","Echo Form","All For One","Reboot","Amplify","Creative AI","Fission","Core Surge","Swift Strike","Auto Shields+1","Hyperbeam","Leap","Leap","Buffer","Hyperbeam+1","Buffer","Shame","Double Energy"],"special_seed":17880,"relics":["Cracked Core","Frozen Eye","Boot","Shovel","Black Star","ClockworkSouvenir","Old Coin","HandDrill","Cables","Gambling Chip","Meat on the Bone","Incense Burner","Torii","MutagenicStrength","Cursed Key","Art of War","Darkstone Periapt","Juzu Bracelet","Letter Opener","Smiling Mask","Blue Candle","PreservedInsect"],"potions_floor_usage":[16,21,25,27,27,41,42,50,50],"damage_taken":[{"damage":7,"enemies":"Jaw Worm","floor":1,"turns":4},{"damage":0,"enemies":"Cultist","floor":3,"turns":3},{"damage":0,"enemies":"2 Louse","floor":7,"turns":1},{"damage":7,"enemies":"Gremlin Nob","floor":10,"turns":4},{"damage":7,"enemies":"Blue Slaver","floor":11,"turns":2},{"damage":0,"enemies":"Exordium Wildlife","floor":12,"turns":1},{"damage":19,"enemies":"Exordium Thugs","floor":13,"turns":3},{"damage":24,"enemies":"The Guardian","floor":16,"turns":11},{"damage":1,"enemies":"3 Byrds","floor":18,"turns":3},{"damage":11,"enemies":"2 Thieves","floor":19,"turns":2},{"damage":12,"enemies":"Centurion and Healer","floor":21,"turns":3},{"damage":30,"enemies":"Gremlin Leader","floor":25,"turns":6},{"damage":30,"enemies":"Book of Stabbing","floor":27,"turns":4},{"damage":30,"enemies":"Automaton","floor":33,"turns":9},{"damage":0,"enemies":"Orb Walker","floor":35,"turns":2},{"damage":0,"enemies":"3 Shapes","floor":36,"turns":1},{"damage":11,"enemies":"3 Darklings","floor":41,"turns":2},{"damage":36,"enemies":"Nemesis","floor":42,"turns":7},{"damage":50,"enemies":"Spire Growth","floor":45,"turns":6},{"damage":0,"enemies":"Sphere and 2 Shapes","floor":46,"turns":4},{"damage":16,"enemies":"3 Darklings","floor":47,"turns":3},{"damage":55,"enemies":"Donu and Deca","floor":50,"turns":5}],"seed_played":"1573629743694540191","potions_obtained":[{"floor":1,"key":"FearPotion"},{"floor":3,"key":"SpeedPotion"},{"floor":10,"key":"Poison Potion"},{"floor":16,"key":"Explosive Potion"},{"floor":19,"key":"Weak Potion"},{"floor":25,"key":"Poison Potion"},{"floor":35,"key":"AttackPotion"},{"floor":41,"key":"FearPotion"},{"floor":46,"key":"Ancient Potion"},{"floor":47,"key":"Explosive Potion"}],"is_trial":false,"path_per_floor":["M","$","M","?","?","R","M","R","T","E","M","M","M","?","R","B",null,"M","M","$","M","?","R","$","E","T","E","R","?","$","?","R","B",null,"M","M","?","$","?","R","M","E","T","$","M","M","M","?","R","B"],"character_chosen":"DEFECT","items_purchased":["Swift Strike","ClockworkSouvenir","HandDrill","Art of War","Darkstone Periapt","PreservedInsect"],"campfire_rested":4,"item_purchase_floors":[2,20,24,38,38,44],"current_hp_per_floor":[68,68,68,68,85,85,85,85,85,78,71,71,52,52,77,53,85,84,73,73,61,61,61,61,31,31,13,38,38,38,38,63,45,85,85,85,85,85,85,85,74,50,56,56,18,30,26,26,53,0],"gold":234,"neow_bonus":"","is_prod":false,"is_daily":true,"chose_seed":false,"campfire_upgraded":2,"win_rate":0,"timestamp":1544886568,"path_taken":["M","$","M","?","?","R","M","R","T","E","?","M","M","?","R","BOSS","M","M","$","M","?","R","$","E","T","E","R","?","$","?","R","BOSS","M","M","?","$","?","R","M","E","T","$","M","M","M","?","R","BOSS"],"build_version":"2018-12-13","purchased_purges":1,"victory":false,"max_hp_per_floor":[75,75,75,75,85,85,85,85,85,85,85,85,85,85,85,85,85,85,85,85,85,85,85,85,85,85,85,85,85,85,85,85,85,85,85,85,85,85,85,85,85,85,91,91,91,91,91,91,91,91],"card_choices":[{"not_picked":["Reinforced Body","Gash","Darkness"],"picked":"SKIP","floor":1},{"not_picked":["Conserve Battery","Go for the Eyes"],"picked":"Auto Shields","floor":3},{"not_picked":["Reprogram","Go for the Eyes","Stack"],"picked":"SKIP","floor":7},{"not_picked":["Fission","Biased Cognition"],"picked":"Hyperbeam","floor":10},{"not_picked":["White Noise","Coolheaded"],"picked":"Leap","floor":11},{"not_picked":["Turbo","Coolheaded","Consume"],"picked":"SKIP","floor":12},{"not_picked":["Beam Cell","Compile Driver"],"picked":"Leap","floor":13},{"not_picked":["Meteor Strike","Biased Cognition"],"picked":"Buffer","floor":16},{"not_picked":["Steam","Genetic Algorithm+1","Conserve Battery"],"picked":"SKIP","floor":18},{"not_picked":["Gash","Barrage","Beam Cell"],"picked":"SKIP","floor":19},{"not_picked":["Aggregate","Steam","Gash"],"picked":"SKIP","floor":21},{"not_picked":["Echo Form","Reboot","Creative AI"],"picked":"SKIP","floor":25},{"not_picked":["Echo Form","Thunder Strike","Rainbow"],"picked":"SKIP","floor":27},{"not_picked":["Turbo+1","Compile Driver+1","Aggregate"],"picked":"SKIP","floor":35},{"not_picked":["Reprogram","Compile Driver+1","Hologram"],"picked":"SKIP","floor":36},{"not_picked":["Coolheaded+1","Sweeping Beam+1"],"picked":"Hyperbeam","floor":41},{"not_picked":["Creative AI","Hyperbeam"],"picked":"Buffer","floor":42},{"not_picked":["Steam+1","Compile Driver+1","Go for the Eyes"],"picked":"SKIP","floor":45},{"not_picked":["Leap+1","Turbo"],"picked":"Double Energy","floor":46},{"not_picked":["Defragment","Beam Cell","Doom and Gloom+1"],"picked":"SKIP","floor":47}],"player_experience":184605,"relics_obtained":[{"floor":9,"key":"Boot"},{"floor":10,"key":"Shovel"},{"floor":23,"key":"Old Coin"},{"floor":25,"key":"Cables"},{"floor":25,"key":"Gambling Chip"},{"floor":26,"key":"Meat on the Bone"},{"floor":27,"key":"Incense Burner"},{"floor":27,"key":"Torii"},{"floor":40,"key":"Juzu Bracelet"},{"floor":42,"key":"Letter Opener"},{"floor":42,"key":"Smiling Mask"},{"floor":43,"key":"Blue Candle"}],"event_choices":[{"damage_healed":0,"gold_gain":0,"player_choice":"Left Gold","damage_taken":0,"max_hp_gain":0,"max_hp_loss":0,"event_name":"World of Goop","floor":4,"gold_loss":42},{"cards_removed":["Machine Learning"],"damage_healed":7,"gold_gain":0,"player_choice":"Offered Rare","damage_taken":0,"max_hp_gain":10,"max_hp_loss":0,"event_name":"Bonfire Elementals","floor":5,"gold_loss":0},{"damage_healed":0,"gold_gain":0,"player_choice":"Take Wound","damage_taken":0,"relics_obtained":["Golden Idol"],"max_hp_gain":0,"max_hp_loss":0,"event_name":"Golden Idol","floor":14,"gold_loss":0,"cards_obtained":["Injury"]},{"damage_healed":0,"gold_gain":0,"player_choice":"Ignored","damage_taken":0,"max_hp_gain":0,"max_hp_loss":0,"event_name":"Vampires","floor":22,"gold_loss":0},{"damage_healed":0,"gold_gain":0,"player_choice":"Simplicity","damage_taken":0,"max_hp_gain":0,"max_hp_loss":0,"event_name":"Back to Basics","floor":29,"gold_loss":0,"cards_upgraded":[]},{"damage_healed":0,"gold_gain":0,"player_choice":"Inject Mutagens","damage_taken":0,"relics_obtained":["MutagenicStrength"],"max_hp_gain":0,"max_hp_loss":0,"event_name":"Drug Dealer","floor":31,"gold_loss":0},{"damage_healed":0,"gold_gain":333,"player_choice":"Gave Idol","damage_taken":0,"max_hp_gain":0,"max_hp_loss":0,"event_name":"The Moai Head","floor":37,"relics_lost":["Golden Idol"],"gold_loss":0},{"cards_removed":["Meteor Strike"],"damage_healed":0,"gold_gain":0,"player_choice":"Removed Attack","damage_taken":0,"max_hp_gain":0,"max_hp_loss":0,"event_name":"Falling","floor":39,"gold_loss":0},{"damage_healed":0,"gold_gain":0,"player_choice":"Upgraded","damage_taken":0,"max_hp_gain":0,"max_hp_loss":0,"event_name":"Upgrade Shrine","floor":48,"gold_loss":0,"cards_upgraded":["Hyperbeam"]}],"is_beta":false,"boss_relics":[{"not_picked":["Orrery","Empty Cage"],"picked":"Black Star"},{"not_picked":["Eternal Feather","Lizard Tail"],"picked":"Cursed Key"}],"items_purged_floors":[20],"is_endless":false,"potions_floor_spawned":[1,3,10,16,19,25,35,41,46,47],"killed_by":"Donu and Deca","ascension_level":0}