{"gold_per_floor":[112,71,71,71,87,87,113,129,129,164,89,105,105,280,280,381,381,395,395,395,66,47,47,47,47,72,84,113,50,62,90,102,210,222,249,261,287,17,17,17,30,30,78,78,94,94,20,38,38,38],"floor_reached":50,"playtime":2375,"items_purged":["Strike_G","Doubt","Defend_G"],"score":468,"play_id":"095ee435-5ce8-4789-9764-6d60d2fcea42","local_time":"20181221121926","is_ascension_mode":true,"campfire_choices":[{"data":"Cloak And Dagger","floor":6,"key":"SMITH"},{"floor":13,"key":"REST"},{"data":"Accuracy","floor":15,"key":"SMITH"},{"floor":23,"key":"REST"},{"data":"Infinite Blades","floor":25,"key":"SMITH"},{"data":"Blade Dance","floor":27,"key":"SMITH"},{"data":"Neutralize","floor":30,"key":"SMITH"},{"floor":32,"key":"REST"},{"data":"Backstab","floor":40,"key":"SMITH"},{"data":"Defend_G","floor":42,"key":"SMITH"},{"data":"Bandage Up","floor":44,"key":"SMITH"},{"data":"Defend_G","floor":49,"key":"SMITH"}],"neow_cost":"CURSE","seed_source_timestamp":2990260808556,"circlet_count":0,"master_deck":["Defend_G","Defend_G+1","Defend_G+1","Defend_G","Strike_G","Strike_G+1","Strike_G","Survivor","Neutralize+1","Cloak And Dagger+1","Accuracy+1","Caltrops","Blade Dance+1","PiercingWail","Well Laid Plans","Burst","Blur+1","Infinite Blades+1","Prepared+1","After Image","Caltrops","Backstab+1","Bandage Up+1","Infinite Blades+1","Writhe","Blade Dance+1"],"relics":["Ring of the Snake","Tingsha","WingedGreaves","Ice Cream","Whetstone","WristBlade","Bronze Scales","Blood Vial","MawBank","Orrery","Smiling Mask","Pen Nib","Regal Pillow"],"potions_floor_usage":[10,22,28,33,33,33,41,41,48,50,50],"damage_taken":[{"damage":0,"enemies":"2 Louse","floor":1,"turns":5},{"damage":1,"enemies":"Jaw Worm","floor":5,"turns":4},{"damage":18,"enemies":"Lagavulin","floor":7,"turns":10},{"damage":2,"enemies":"Small Slimes","floor":8,"turns":4},{"damage":24,"enemies":"3 Sentries","floor":10,"turns":6},{"damage":7,"enemies":"Looter","floor":12,"turns":4},{"damage":15,"enemies":"Hexaghost","floor":16,"turns":10},{"damage":24,"enemies":"Spheric Guardian","floor":18,"turns":6},{"damage":6,"enemies":"2 Thieves","floor":22,"turns":5},{"damage":0,"enemies":"Cultist and Chosen","floor":28,"turns":4},{"damage":3,"enemies":"Centurion and Healer","floor":31,"turns":5},{"damage":16,"enemies":"Champ","floor":33,"turns":10},{"damage":7,"enemies":"3 Shapes","floor":35,"turns":6},{"damage":17,"enemies":"Orb Walker","floor":37,"turns":4},{"damage":0,"enemies":"Spire Growth","floor":41,"turns":2},{"damage":16,"enemies":"4 Shapes","floor":45,"turns":5},{"damage":13,"enemies":"Sphere and 2 Shapes","floor":48,"turns":3},{"damage":96,"enemies":"Awakened One","floor":50,"turns":8}],"seed_played":"-2731007785058881119","potions_obtained":[{"floor":1,"key":"GhostInAJar"},{"floor":5,"key":"LiquidBronze"},{"floor":16,"key":"PowerPotion"},{"floor":22,"key":"Swift Potion"},{"floor":28,"key":"GhostInAJar"},{"floor":31,"key":"SkillPotion"},{"floor":33,"key":"SteroidPotion"},{"floor":37,"key":"AttackPotion"},{"floor":45,"key":"Strength Potion"},{"floor":48,"key":"Regen Potion"}],"is_trial":false,"path_per_floor":["M","$","?","$","M","R","E","M","T","E","$","M","R","?","R","B",null,"M","?","?","$","M","R","?","R","T","R","M","?","R","M","R","B",null,"M","?","M","$","?","R","M","R","T","R","M","?","$","M","R","B"],"character_chosen":"THE_SILENT","items_purchased":["Accuracy","Infinite Blades","Blood Vial","Bandage Up","Pen Nib","Regen Potion"],"campfire_rested":3,"item_purchase_floors":[2,21,21,38,38,47],"current_hp_per_floor":[70,70,67,67,66,66,48,46,46,22,22,15,35,35,35,20,67,43,43,31,31,27,48,48,48,48,48,50,50,50,49,70,56,72,65,65,50,50,50,50,52,52,52,52,44,62,62,66,66,0],"gold":38,"neow_bonus":"ONE_RARE_RELIC","is_prod":false,"is_daily":false,"chose_seed":false,"campfire_upgraded":9,"win_rate":0,"timestamp":1545391166,"path_taken":["M","$","?","?","M","R","E","M","T","E","$","M","R","?","R","BOSS","M","?","?","$","M","R","?","R","T","R","M","?","R","M","R","BOSS","M","?","?","$","?","R","M","R","T","R","M","?","?","M","R","BOSS"],"build_version":"2018-12-20","purchased_purges":3,"victory":false,"max_hp_per_floor":[70,70,67,67,67,67,67,67,67,67,67,67,67,67,67,67,67,67,67,72,72,72,72,72,72,72,72,72,72,72,72,72,72,72,72,72,72,72,72,72,72,72,72,72,72,72,72,72,72,72],"card_choices":[{"not_picked":["Dagger Throw","Flechettes"],"picked":"Cloak And Dagger","floor":1},{"not_picked":["Poisoned Stab","Prepared"],"picked":"Caltrops","floor":5},{"not_picked":["Blur","Quick Slash"],"picked":"Blade Dance","floor":7},{"not_picked":["Poisoned Stab","Prepared"],"picked":"PiercingWail","floor":8},{"not_picked":["Crippling Poison","Setup"],"picked":"Well Laid Plans","floor":10},{"not_picked":["Dagger Spray","Outmaneuver","Dagger Throw"],"picked":"SKIP","floor":12},{"not_picked":["Venomology","Grand Finale"],"picked":"Burst","floor":16},{"not_picked":["Tactician","Poisoned Stab"],"picked":"Blur+1","floor":18},{"not_picked":["Bane","Prepared","Blur+1"],"picked":"SKIP","floor":22},{"not_picked":["Quick Slash+1","PiercingWail","All Out Attack"],"picked":"SKIP","floor":28},{"not_picked":["Choke+1","Well Laid Plans+1"],"picked":"Prepared+1","floor":31},{"not_picked":["Glass Knife","Envenom"],"picked":"After Image","floor":33},{"not_picked":["Setup+1","Poisoned Stab"],"picked":"Caltrops","floor":34},{"not_picked":["Bane+1","Poisoned Stab+1","Catalyst"],"picked":"SKIP","floor":35},{"not_picked":["Expertise+1","Slice+1"],"picked":"Backstab","floor":37},{"not_picked":["Riddle With Holes","Bouncing Flask+1"],"picked":"Infinite Blades+1","floor":41},{"not_picked":["Outmaneuver+1","Quick Slash+1","Expertise"],"picked":"SKIP","floor":45},{"not_picked":["All Out Attack","Dagger Spray"],"picked":"Blade Dance+1","floor":48}],"player_experience":205477,"relics_obtained":[{"floor":7,"key":"WingedGreaves"},{"floor":9,"key":"Ice Cream"},{"floor":10,"key":"Whetstone"},{"floor":26,"key":"MawBank"},{"floor":36,"key":"Smiling Mask"},{"floor":43,"key":"Regal Pillow"}],"event_choices":[{"cards_removed":["Parasite"],"damage_healed":0,"gold_gain":0,"player_choice":"Forget","damage_taken":0,"max_hp_gain":0,"max_hp_loss":0,"event_name":"Living Wall","floor":3,"gold_loss":0},{"damage_healed":0,"gold_gain":175,"player_choice":"AGREE","damage_taken":0,"max_hp_gain":0,"max_hp_loss":0,"event_name":"Liars Game","floor":14,"gold_loss":0,"cards_obtained":["Doubt"]},{"damage_healed":0,"gold_gain":0,"player_choice":"Opened","damage_taken":0,"relics_obtained":["Bronze Scales"],"max_hp_gain":0,"max_hp_loss":0,"event_name":"The Mausoleum","floor":19,"gold_loss":0,"cards_obtained":["Writhe"]},{"damage_healed":0,"gold_gain":0,"player_choice":"Shed Blood","damage_taken":17,"max_hp_gain":5,"max_hp_loss":0,"event_name":"Forgotten Altar","floor":20,"gold_loss":0},{"damage_healed":0,"gold_gain":0,"player_choice":"Ignored","damage_taken":0,"max_hp_gain":0,"max_hp_loss":0,"event_name":"Ghosts","floor":24,"gold_loss":0},{"cards_removed":["Writhe"],"damage_healed":0,"gold_gain":0,"player_choice":"Gave Gold","damage_taken":0,"max_hp_gain":0,"max_hp_loss":0,"event_name":"Beggar","floor":29,"gold_loss":75},{"damage_healed":0,"gold_gain":0,"player_choice":"Relic","damage_taken":0,"max_hp_gain":0,"max_hp_loss":0,"event_name":"Wheel of Change","floor":36,"gold_loss":0},{"cards_removed":["Strike_G"],"damage_healed":0,"gold_gain":0,"player_choice":"Removed Attack","damage_taken":0,"max_hp_gain":0,"max_hp_loss":0,"event_name":"Falling","floor":39,"gold_loss":0},{"damage_healed":18,"gold_gain":0,"player_choice":"Writhe","damage_taken":0,"max_hp_gain":0,"max_hp_loss":0,"event_name":"Winding Halls","floor":46,"gold_loss":0,"cards_obtained":["Writhe"]}],"is_beta":false,"boss_relics":[{"not_picked":["Astrolabe","Black Star"],"picked":"WristBlade"},{"not_picked":["Busted Crown","Snecko Eye"],"picked":"Orrery"}],"items_purged_floors":[11,21,38],"is_endless":false,"potions_floor_spawned":[1,5,16,22,28,31,33,37,45,48],"killed_by":"Awakened One","ascension_level":1}