{"gold_per_floor":[113,113,133,58,68,128,144,144,167,167,202,202,221,232,232,334,334,334,109,109,69,69,69,69],"floor_reached":24,"playtime":1212,"items_purged":["Pain"],"score":237,"play_id":"f8d92098-3192-40dc-9fb6-5318be934ba3","local_time":"20181215110807","is_ascension_mode":true,"campfire_choices":[{"floor":8,"key":"REST"},{"data":"Venomology","floor":10,"key":"SMITH"},{"floor":15,"key":"REST"}],"neow_cost":"NONE","seed_source_timestamp":86142487071204,"circlet_count":0,"master_deck":["Defend_G","Defend_G","Defend_G","Defend_G","Strike_G","Strike_G","Strike_G+1","Strike_G","Strike_G+1","Survivor","Neutralize","Venomology+1","Backstab","Caltrops","Deadly Poison","Bullet Time","Footwork","Footwork","Deadly Poison+1"],"relics":["Ring of the Snake","Art of War","WarpedTongs","Tiny Chest","Vajra","Whetstone","Ectoplasm","Oddly Smooth Stone","Dream Catcher"],"potions_floor_usage":[6,6,7,7,11,16,16,18,20,23,23,23,24],"damage_taken":[{"damage":0,"enemies":"Jaw Worm","floor":1,"turns":8},{"damage":7,"enemies":"Cultist","floor":3,"turns":4},{"damage":0,"enemies":"2 Louse","floor":5,"turns":3},{"damage":22,"enemies":"3 Sentries","floor":6,"turns":7},{"damage":3,"enemies":"Lots of Slimes","floor":7,"turns":7},{"damage":16,"enemies":"Gremlin Nob","floor":11,"turns":4},{"damage":0,"enemies":"Exordium Wildlife","floor":13,"turns":2},{"damage":0,"enemies":"Looter","floor":14,"turns":2},{"damage":29,"enemies":"Slime Boss","floor":16,"turns":10},{"damage":9,"enemies":"Shell Parasite","floor":18,"turns":5},{"damage":9,"enemies":"Spheric Guardian","floor":20,"turns":4},{"damage":40,"enemies":"Gremlin Leader","floor":23,"turns":9},{"damage":17,"enemies":"Shelled Parasite and Fungi","floor":24,"turns":3}],"seed_played":"-3533369226268576076","potions_obtained":[{"floor":1,"key":"LiquidBronze"},{"floor":3,"key":"Explosive Potion"},{"floor":6,"key":"Fire Potion"},{"floor":14,"key":"FearPotion"},{"floor":16,"key":"Ancient Potion"}],"is_trial":false,"path_per_floor":["M","?","M","$","M","E","M","R","T","R","E","?","M","M","R","B",null,"M","$","M","$","?","E","M"],"character_chosen":"THE_SILENT","items_purchased":["Oddly Smooth Stone","Footwork","Footwork"],"campfire_rested":2,"item_purchase_floors":[19,19,21],"current_hp_per_floor":[70,70,63,63,63,41,38,59,59,59,43,43,43,43,64,35,70,61,61,52,52,52,12,0],"gold":69,"neow_bonus":"RANDOM_COMMON_RELIC","is_prod":false,"is_daily":false,"chose_seed":false,"campfire_upgraded":1,"win_rate":0,"timestamp":1544868487,"path_taken":["M","?","M","?","M","E","M","R","T","R","E","?","M","?","R","BOSS","M","$","M","$","?","E","M"],"build_version":"2018-12-13","purchased_purges":1,"victory":false,"max_hp_per_floor":[70,70,70,70,70,70,70,70,70,70,70,70,70,70,70,70,70,70,70,70,70,70,70,70],"card_choices":[{"not_picked":["Calculated Gamble","Dodge and Roll","Slice"],"picked":"SKIP","floor":1},{"not_picked":["Quick Slash","Dagger Throw","Endless Agony"],"picked":"SKIP","floor":3},{"not_picked":["Finisher","Dagger Throw","Expertise"],"picked":"SKIP","floor":5},{"not_picked":["Choke","Bane"],"picked":"Venomology","floor":6},{"not_picked":["Dodge and Roll","Sucker Punch"],"picked":"Backstab","floor":7},{"not_picked":["Dash","Bane"],"picked":"Caltrops","floor":11},{"not_picked":["Blade Dance","Skewer"],"picked":"Deadly Poison","floor":13},{"not_picked":["Dagger Throw","Quick Slash","Unload"],"picked":"SKIP","floor":14},{"not_picked":["Tools of the Trade","Adrenaline"],"picked":"Bullet Time","floor":16},{"not_picked":["Quick Slash","Blur","Tactician"],"picked":"SKIP","floor":18},{"not_picked":["Predator","Deflect+1","Blade Dance"],"picked":"SKIP","floor":20},{"not_picked":["Poisoned Stab","Underhanded Strike+1"],"picked":"Deadly Poison+1","floor":23}],"player_experience":177866,"relics_obtained":[{"floor":6,"key":"Tiny Chest"},{"floor":9,"key":"Vajra"},{"floor":11,"key":"Whetstone"},{"floor":23,"key":"Dream Catcher"}],"event_choices":[{"damage_healed":0,"gold_gain":0,"player_choice":"Rummage","damage_taken":0,"relics_obtained":["WarpedTongs"],"max_hp_gain":0,"max_hp_loss":0,"event_name":"Accursed Blacksmith","floor":2,"gold_loss":0,"cards_obtained":["Pain"]},{"cards_removed":["Defend_G"],"damage_healed":0,"gold_gain":0,"player_choice":"Offered Basic","damage_taken":0,"max_hp_gain":0,"max_hp_loss":0,"event_name":"Bonfire Elementals","floor":12,"gold_loss":0},{"damage_healed":0,"gold_gain":0,"player_choice":"Ignored","damage_taken":0,"max_hp_gain":0,"max_hp_loss":0,"event_name":"Ghosts","floor":22,"gold_loss":0}],"is_beta":false,"boss_relics":[{"not_picked":["Empty Cage","Velvet Choker"],"picked":"Ectoplasm"}],"items_purged_floors":[4],"is_endless":false,"potions_floor_spawned":[1,3,6,14,16,20],"killed_by":"Shelled Parasite and Fungi","ascension_level":1}