{"gold_per_floor":[109,129,145,155,167,167,167,167,223,252,263,288,268,53,53,158,158,172,184,198,252,265,265,276,276,276,293,293,310,56,83,83,186,186,197,197,216,231,231,256,256,266,266,266,283,283,82,82,82,82,82,82,7,32,32],"floor_reached":55,"playtime":4129,"items_purged":["Strike_R","Strike_R","Strike_R","Iron Wave"],"score":1302,"play_id":"d3495e22-a5d8-4a7d-8efc-68ad2df60639","local_time":"20190202122818","is_ascension_mode":true,"campfire_choices":[{"data":"Armaments","floor":6,"key":"SMITH"},{"data":"True Grit","floor":8,"key":"SMITH"},{"floor":15,"key":"REST"},{"floor":23,"key":"REST"},{"floor":25,"key":"REST"},{"data":"Barricade","floor":28,"key":"SMITH"},{"data":"Entrench","floor":32,"key":"SMITH"},{"floor":41,"key":"RECALL"},{"floor":44,"key":"REST"},{"data":"Bash","floor":46,"key":"SMITH"},{"data":"Metallicize","floor":49,"key":"SMITH"},{"data":"True Grit","floor":52,"key":"SMITH"}],"neow_cost":"NONE","seed_source_timestamp":74666939071931,"circlet_count":0,"master_deck":["AscendersBane","Defend_R+1","Defend_R","Defend_R+1","Defend_R","Bash+1","Feed","Armaments+1","True Grit+1","Feel No Pain","Whirlwind","Feed","Entrench+1","Metallicize+1","Bandage Up","Barricade+1","Sentinel","Spot Weakness","Impervious","Impervious","Second Wind","Enlightenment","Metallicize+1","Shrug It Off","True Grit+1","Body Slam+1"],"relics":["Burning Blood","Tiny Chest","Omamori","War Paint","Runic Pyramid","Bronze Scales","Bottled Tornado","Membership Card","Anchor","Cursed Key","Mercury Hourglass","PrismaticShard","Bird Faced Urn"],"potions_floor_usage":[10,12,16,16,18,24,33,40,50,55],"damage_taken":[{"damage":5,"enemies":"Cultist","floor":1,"turns":4},{"damage":5,"enemies":"Small Slimes","floor":2,"turns":4},{"damage":4,"enemies":"2 Louse","floor":3,"turns":4},{"damage":33,"enemies":"Exordium Thugs","floor":4,"turns":6},{"damage":9,"enemies":"Red Slaver","floor":5,"turns":7},{"damage":33,"enemies":"Lagavulin","floor":10,"turns":8},{"damage":1,"enemies":"2 Fungi Beasts","floor":11,"turns":4},{"damage":14,"enemies":"3 Sentries","floor":12,"turns":15},{"damage":10,"enemies":"Exordium Thugs","floor":13,"turns":9},{"damage":34,"enemies":"Slime Boss","floor":16,"turns":18},{"damage":0,"enemies":"3 Byrds","floor":18,"turns":9},{"damage":12,"enemies":"Spheric Guardian","floor":19,"turns":22},{"damage":44,"enemies":"Snake Plant","floor":20,"turns":11},{"damage":30,"enemies":"Centurion and Healer","floor":22,"turns":15},{"damage":65,"enemies":"Snecko","floor":24,"turns":9},{"damage":20,"enemies":"Shelled Parasite and Fungi","floor":27,"turns":11},{"damage":21,"enemies":"Snake Plant","floor":29,"turns":8},{"damage":24,"enemies":"Gremlin Leader","floor":31,"turns":11},{"damage":0,"enemies":"Automaton","floor":33,"turns":17},{"damage":0,"enemies":"Orb Walker","floor":35,"turns":6},{"damage":36,"enemies":"3 Shapes","floor":37,"turns":5},{"damage":0,"enemies":"Spire Growth","floor":38,"turns":10},{"damage":26,"enemies":"Reptomancer","floor":40,"turns":11},{"damage":14,"enemies":"4 Shapes","floor":42,"turns":6},{"damage":0,"enemies":"Sphere and 2 Shapes","floor":45,"turns":8},{"damage":0,"enemies":"Time Eater","floor":50,"turns":15},{"damage":64,"enemies":"Shield and Spear","floor":54,"turns":12},{"damage":159,"enemies":"The Heart","floor":55,"turns":14}],"seed_played":"-5223885819865848470","potions_obtained":[{"floor":1,"key":"FearPotion"},{"floor":4,"key":"FearPotion"},{"floor":12,"key":"SpeedPotion"},{"floor":16,"key":"FearPotion"},{"floor":18,"key":"SteroidPotion"},{"floor":19,"key":"Poison Potion"},{"floor":27,"key":"Dexterity Potion"},{"floor":33,"key":"Ancient Potion"},{"floor":37,"key":"Weak Potion"},{"floor":40,"key":"Energy Potion"}],"is_trial":false,"path_per_floor":["M","M","M","M","M","R","$","R","T","E","M","E","M","$","R","B",null,"M","M","M","T","M","R","M","R","T","M","R","M","$","E","R","B",null,"M","?","M","M","?","E","R","M","T","R","M","R","$","?","R","B",null,"R","$","E","B"],"character_chosen":"IRONCLAD","items_purchased":["Bandage Up","Fire Potion","Membership Card","True Grit","PrismaticShard","PowerPotion"],"campfire_rested":4,"item_purchase_floors":[14,14,30,47,47,47],"current_hp_per_floor":[76,80,85,61,62,62,62,62,62,38,47,45,45,45,78,58,102,119,121,91,91,79,121,70,113,113,110,110,103,103,89,89,103,145,158,158,138,152,152,140,140,138,138,182,189,189,189,189,189,189,189,189,189,135,0],"gold":32,"neow_bonus":"ONE_RANDOM_RARE_CARD","is_prod":false,"is_daily":false,"chose_seed":false,"campfire_upgraded":7,"win_rate":0,"timestamp":1549103298,"path_taken":["M","?","M","M","M","R","$","R","T","E","?","E","M","$","R","BOSS","M","M","M","?","M","R","?","R","T","M","R","?","$","E","R","BOSS","M","?","?","M","?","E","R","M","T","R","M","R","$","?","R","BOSS","R","$","E","BOSS"],"build_version":"2019-01-23","purchased_purges":4,"victory":false,"max_hp_per_floor":[83,86,89,92,96,96,96,96,96,99,103,109,113,113,113,117,117,124,128,132,132,140,140,144,144,144,151,151,155,155,155,155,159,159,162,162,168,172,172,176,176,182,182,182,189,189,189,189,189,189,189,189,189,189,189],"card_choices":[{"not_picked":["Fire Breathing","Power Through"],"picked":"Iron Wave","floor":1},{"not_picked":["Twin Strike","Headbutt"],"picked":"Armaments","floor":2},{"not_picked":["Perfected Strike","Warcry"],"picked":"True Grit","floor":3},{"not_picked":["Iron Wave","Warcry"],"picked":"Feel No Pain","floor":4},{"not_picked":["Rampage","Feel No Pain"],"picked":"Whirlwind","floor":5},{"not_picked":["Havoc","Heavy Blade"],"picked":"Feed","floor":10},{"not_picked":["Twin Strike","Sword Boomerang","Clothesline"],"picked":"SKIP","floor":11},{"not_picked":["Thunderclap","Perfected Strike"],"picked":"Entrench","floor":12},{"not_picked":["Iron Wave","Blood for Blood"],"picked":"Metallicize","floor":13},{"not_picked":["Reaper","Fiend Fire"],"picked":"Barricade","floor":16},{"not_picked":["Sword Boomerang","Evolve","Blood for Blood"],"picked":"SKIP","floor":18},{"not_picked":["Bloodletting","Havoc"],"picked":"Sentinel","floor":19},{"not_picked":["Searing Blow","Pommel Strike","Iron Wave+1"],"picked":"SKIP","floor":20},{"not_picked":["Headbutt","Pommel Strike","Ghostly Armor"],"picked":"SKIP","floor":22},{"not_picked":["Wild Strike","Heavy Blade"],"picked":"Spot Weakness","floor":24},{"not_picked":["Iron Wave","Searing Blow","Clothesline"],"picked":"SKIP","floor":27},{"not_picked":["Wild Strike","Battle Trance+1"],"picked":"Impervious","floor":29},{"not_picked":["Infernal Blade","Iron Wave","Thunderclap"],"picked":"SKIP","floor":31},{"not_picked":["Dark Embrace","Reaper"],"picked":"Impervious","floor":33},{"not_picked":["Clash+1","Havoc+1","Anger"],"picked":"SKIP","floor":35},{"not_picked":["Iron Wave","Corruption+1","Wild Strike"],"picked":"SKIP","floor":37},{"not_picked":["Whirlwind","Havoc+1"],"picked":"Second Wind","floor":38},{"not_picked":["Good Instincts","Metamorphosis"],"picked":"Enlightenment","floor":39},{"not_picked":["Iron Wave","Rupture"],"picked":"Metallicize+1","floor":40},{"not_picked":["Cleave","Clash","Dual Wield+1"],"picked":"SKIP","floor":42},{"not_picked":["Dropkick+1","Blood for Blood"],"picked":"Shrug It Off","floor":45},{"not_picked":["Prepared+1","Acrobatics+1"],"picked":"Body Slam+1","floor":54}],"player_experience":704501,"relics_obtained":[{"floor":9,"key":"Tiny Chest"},{"floor":10,"key":"Omamori"},{"floor":12,"key":"War Paint"},{"floor":21,"key":"Bronze Scales"},{"floor":26,"key":"Bottled Tornado"},{"floor":31,"key":"Anchor"},{"floor":40,"key":"Mercury Hourglass"},{"floor":54,"key":"Bird Faced Urn"}],"event_choices":[{"cards_removed":["Strike_R"],"damage_healed":0,"gold_gain":0,"player_choice":"Card Removal","damage_taken":0,"max_hp_gain":0,"max_hp_loss":0,"event_name":"Wheel of Change","floor":36,"gold_loss":0},{"damage_healed":0,"gold_gain":0,"player_choice":"Memory 1","damage_taken":0,"max_hp_gain":0,"max_hp_loss":0,"event_name":"SensoryStone","floor":39,"gold_loss":0},{"cards_removed":["Strike_R"],"damage_healed":0,"gold_gain":0,"player_choice":"Purged","damage_taken":0,"max_hp_gain":0,"max_hp_loss":0,"event_name":"Purifier","floor":48,"gold_loss":0}],"is_beta":false,"boss_relics":[{"not_picked":["Snecko Eye","Calling Bell"],"picked":"Runic Pyramid"},{"not_picked":["Astrolabe","White Beast Statue"],"picked":"Cursed Key"}],"items_purged_floors":[14,30,47,53],"is_endless":false,"potions_floor_spawned":[1,4,12,16,18,19,27,29,33,37,40],"killed_by":"The Heart","ascension_level":11}