{"gold_per_floor":[366,366,383,9,9,9,19,29,53,78,78,92,117,92,92,92],"floor_reached":16,"playtime":934,"items_purged":["Shame"],"score":110,"play_id":"f1b44017-9579-4450-acc8-e60b6d67fb84","local_time":"20190201162835","is_ascension_mode":false,"campfire_choices":[{"data":"Neutralize","floor":6,"key":"SMITH"},{"floor":15,"key":"REST"}],"neow_cost":"CURSE","seed_source_timestamp":104168642967813,"circlet_count":0,"master_deck":["Defend_G","Defend_G","Defend_G","Defend_G","Strike_G","Strike_G+1","Strike_G","Strike_G+1","Strike_G","Survivor","Neutralize+1","PiercingWail","Backflip","Skewer","Flechettes"],"relics":["Ring of the Snake","Toxic Egg 2","Bag of Marbles","Dream Catcher","Whetstone"],"potions_floor_usage":[10,13],"damage_taken":[{"damage":0,"enemies":"2 Louse","floor":1,"turns":3},{"damage":10,"enemies":"Jaw Worm","floor":3,"turns":6},{"damage":4,"enemies":"Small Slimes","floor":7,"turns":4},{"damage":13,"enemies":"Red Slaver","floor":8,"turns":6},{"damage":19,"enemies":"Lagavulin","floor":10,"turns":11},{"damage":4,"enemies":"Looter","floor":12,"turns":3},{"damage":11,"enemies":"3 Sentries","floor":13,"turns":12},{"damage":45,"enemies":"Slime Boss","floor":16,"turns":8}],"seed_played":"8686748208126197978","potions_obtained":[{"floor":8,"key":"SpeedPotion"},{"floor":12,"key":"SpeedPotion"}],"is_trial":false,"path_per_floor":["M","?","M","$","?","R","M","M","T","E","?","M","E","?","R","B"],"character_chosen":"THE_SILENT","items_purchased":["Toxic Egg 2","Block Potion"],"campfire_rested":1,"item_purchase_floors":[4,4],"current_hp_per_floor":[70,70,60,60,60,60,56,43,43,24,24,20,9,9,30,0],"gold":92,"neow_bonus":"TWO_FIFTY_GOLD","is_prod":false,"is_daily":false,"chose_seed":false,"campfire_upgraded":1,"win_rate":0,"timestamp":1549031315,"path_taken":["M","?","M","$","?","R","M","M","T","E","?","?","E","?","R","BOSS"],"build_version":"2019-01-23","purchased_purges":1,"victory":false,"max_hp_per_floor":[70,70,70,70,70,70,70,70,70,70,70,70,70,70,70,70],"card_choices":[{"not_picked":["Underhanded Strike","Blade Dance"],"picked":"PiercingWail","floor":1},{"not_picked":["Outmaneuver","Endless Agony"],"picked":"Backflip","floor":3},{"not_picked":["Dagger Spray","Envenom"],"picked":"Skewer","floor":7},{"not_picked":["Slice","Bane","Underhanded Strike"],"picked":"SKIP","floor":8},{"not_picked":["Blade Dance+1","Cloak And Dagger+1","Underhanded Strike"],"picked":"SKIP","floor":10},{"not_picked":["Acrobatics+1","Night Terror+1"],"picked":"Flechettes","floor":12},{"not_picked":["Underhanded Strike","Infinite Blades","Cloak And Dagger+1"],"picked":"SKIP","floor":13}],"player_experience":204622,"relics_obtained":[{"floor":9,"key":"Bag of Marbles"},{"floor":10,"key":"Dream Catcher"},{"floor":13,"key":"Whetstone"}],"event_choices":[{"cards_removed":["Defend_G"],"damage_healed":0,"gold_gain":0,"player_choice":"Forget","damage_taken":0,"max_hp_gain":0,"max_hp_loss":0,"event_name":"Living Wall","floor":2,"gold_loss":0},{"damage_healed":0,"gold_gain":0,"player_choice":"Leave","damage_taken":0,"max_hp_gain":0,"max_hp_loss":0,"event_name":"The Cleric","floor":5,"gold_loss":0},{"damage_healed":0,"gold_gain":0,"player_choice":"Ignored","damage_taken":0,"max_hp_gain":0,"max_hp_loss":0,"event_name":"NoteForYourself","floor":11,"gold_loss":0},{"damage_healed":0,"gold_gain":0,"player_choice":"Left Gold","damage_taken":0,"max_hp_gain":0,"max_hp_loss":0,"event_name":"World of Goop","floor":14,"gold_loss":25}],"is_beta":false,"boss_relics":[],"items_purged_floors":[4],"is_endless":false,"potions_floor_spawned":[8,12],"killed_by":"Slime Boss","ascension_level":0}