{"gold_per_floor":[117,117,117,132,144,144,144,144,169,244,244,194,210,228,228,328,328,347,347,373,402,428,440],"floor_reached":23,"playtime":1463,"items_purged":[],"score":190,"play_id":"406cf288-9898-4123-83df-c71ffbbc0094","local_time":"20190104220301","is_ascension_mode":true,"campfire_choices":[{"data":"Entrench","floor":6,"key":"SMITH"},{"data":"Infernal Blade","floor":8,"key":"SMITH"},{"data":"Metallicize","floor":11,"key":"SMITH"},{"data":"Bash","floor":15,"key":"SMITH"}],"neow_cost":"NONE","seed_source_timestamp":19358262251300,"circlet_count":0,"master_deck":["Strike_R","Strike_R","Strike_R","Defend_R","Defend_R","Defend_R","Defend_R","Bash+1","Limit Break","Shrug It Off","Entrench+1","Infernal Blade+1","Metallicize+1","Disarm","Shrug It Off","Double Tap","Searing Blow","Shrug It Off","Body Slam","Headbutt"],"relics":["Burning Blood","Shuriken","Strawberry","Orrery","MawBank"],"potions_floor_usage":[16,21,23],"damage_taken":[{"damage":0,"enemies":"2 Louse","floor":1,"turns":3},{"damage":0,"enemies":"Cultist","floor":4,"turns":4},{"damage":0,"enemies":"Small Slimes","floor":5,"turns":3},{"damage":3,"enemies":"Blue Slaver","floor":13,"turns":4},{"damage":17,"enemies":"Exordium Wildlife","floor":14,"turns":7},{"damage":32,"enemies":"The Guardian","floor":16,"turns":14},{"damage":20,"enemies":"Spheric Guardian","floor":18,"turns":6},{"damage":16,"enemies":"3 Byrds","floor":21,"turns":7},{"damage":8,"enemies":"Centurion and Healer","floor":22,"turns":5},{"damage":32,"enemies":"Gremlin Leader","floor":23,"turns":10}],"seed_played":"1256656928689973404","potions_obtained":[{"floor":13,"key":"Dexterity Potion"},{"floor":16,"key":"Explosive Potion"},{"floor":22,"key":"Strength Potion"}],"is_trial":false,"path_per_floor":["M","?","?","M","M","R","$","R","T","?","R","?","M","M","R","B",null,"M","?","T","M","M","E"],"character_chosen":"IRONCLAD","items_purchased":[],"campfire_rested":0,"item_purchase_floors":[],"current_hp_per_floor":[80,73,73,79,80,80,80,80,87,76,76,76,79,68,68,42,87,73,73,73,63,61,29],"gold":440,"neow_bonus":"ONE_RANDOM_RARE_CARD","is_prod":false,"is_daily":false,"chose_seed":false,"campfire_upgraded":4,"win_rate":0,"timestamp":1546639381,"path_taken":["M","?","?","?","M","R","$","R","T","?","R","?","M","M","R","BOSS","M","?","?","M","M","E"],"build_version":"2019-01-03v4","purchased_purges":0,"victory":false,"max_hp_per_floor":[80,80,80,80,80,80,80,80,87,87,87,87,87,87,87,87,87,87,87,87,87,87,87],"card_choices":[{"not_picked":["Perfected Strike","Reckless Charge"],"picked":"Shrug It Off","floor":1},{"not_picked":["Twin Strike","Entrench"],"picked":"Infernal Blade","floor":4},{"not_picked":["Rage","Second Wind"],"picked":"Metallicize","floor":5},{"not_picked":["Armaments","Infernal Blade"],"picked":"Disarm","floor":13},{"not_picked":["Infernal Blade","Carnage"],"picked":"Shrug It Off","floor":14},{"not_picked":["Impervious","Juggernaut"],"picked":"Double Tap","floor":16},{"not_picked":["Shrug It Off","Intimidate"],"picked":"Searing Blow","floor":17},{"not_picked":["Heavy Blade","Cleave"],"picked":"Shrug It Off","floor":17},{"not_picked":["Infernal Blade","Whirlwind"],"picked":"Body Slam","floor":17},{"not_picked":["Warcry","Power Through","Perfected Strike+1"],"picked":"SKIP","floor":18},{"not_picked":["Flex","Anger","Power Through+1"],"picked":"SKIP","floor":21},{"not_picked":["Sword Boomerang","Wild Strike"],"picked":"Headbutt","floor":22}],"player_experience":40231,"relics_obtained":[{"floor":9,"key":"Strawberry"},{"floor":20,"key":"MawBank"}],"event_choices":[{"damage_healed":0,"gold_gain":0,"player_choice":"Success","damage_taken":7,"relics_obtained":["Shuriken"],"max_hp_gain":0,"max_hp_loss":0,"event_name":"Scrap Ooze","floor":2,"gold_loss":0},{"damage_healed":0,"gold_gain":0,"cards_transformed":["Strike_R"],"player_choice":"Transformed","damage_taken":0,"max_hp_gain":0,"max_hp_loss":0,"event_name":"Transmorgrifier","floor":3,"gold_loss":0,"cards_obtained":["Entrench"]},{"damage_healed":0,"gold_gain":75,"player_choice":"Gather Gold","damage_taken":11,"max_hp_gain":0,"max_hp_loss":0,"event_name":"World of Goop","floor":10,"gold_loss":0},{"cards_removed":["Strike_R"],"damage_healed":0,"gold_gain":0,"player_choice":"Card Removal","damage_taken":0,"max_hp_gain":0,"max_hp_loss":0,"event_name":"The Cleric","floor":12,"gold_loss":50},{"damage_healed":0,"gold_gain":0,"player_choice":"Ignored","damage_taken":0,"max_hp_gain":0,"max_hp_loss":0,"event_name":"Vampires","floor":19,"gold_loss":0}],"is_beta":false,"boss_relics":[{"not_picked":["Runic Cube","Busted Crown"],"picked":"Orrery"}],"items_purged_floors":[],"is_endless":false,"potions_floor_spawned":[13,16,22],"killed_by":"Gremlin Leader","ascension_level":1}