{"gold_per_floor":[109,127,144,159,176,176,211,229,229,249,261,261,230,262,262,358,358,374,37,37,51,51,80,80,35,61,61,76,76,76,88,88,191,191,205,255,383,215,265,265,277,277,277,289,304,322,322,141,141,141],"floor_reached":51,"playtime":2646,"items_purged":["Strike_B","Strike_B"],"score":679,"play_id":"4f03781a-5f89-4b13-b1d6-5067b0b4fd04","local_time":"20190131095759","is_ascension_mode":false,"campfire_choices":[{"data":"Streamline","floor":6.0,"key":"SMITH"},{"floor":12.0,"key":"REST"},{"floor":15.0,"key":"REST"},{"data":"Echo Form","floor":24.0,"key":"SMITH"},{"data":"Leap","floor":27.0,"key":"SMITH"},{"data":"Defragment","floor":29.0,"key":"SMITH"},{"floor":32.0,"key":"REST"},{"data":"Coolheaded","floor":40.0,"key":"SMITH"},{"data":"Auto Shields","floor":42.0,"key":"SMITH"},{"data":"Go for the Eyes","floor":47,"key":"SMITH"},{"data":"Recycle","floor":49,"key":"SMITH"}],"neow_cost":"NONE","seed_source_timestamp":0,"circlet_count":0,"master_deck":["Strike_B","Defend_B","Defend_B","Defend_B","Defend_B","Zap","Dualcast","Recycle+1","Coolheaded+1","Reinforced Body","Go for the Eyes+1","Streamline+1","Electrodynamics","Sweeping Beam","Auto Shields+1","Echo Form+1","Reprogram","Defragment+1","FTL","Defragment","Leap+1","Defragment+1","Machine Learning+1","Bandage Up","Blizzard+1","Cold Snap","Flash of Steel"],"special_seed":0,"relics":["Cracked Core","Blue Candle","Gambling Chip","Strawberry","Eternal Feather","DollysMirror","MutagenicStrength","Frozen Egg 2","SsserpentHead","Sozu","Shuriken","Cables"],"potions_floor_usage":[],"damage_taken":[{"damage":0.0,"enemies":"Cultist","floor":1.0,"turns":3.0},{"damage":2.0,"enemies":"2 Louse","floor":2.0,"turns":2.0},{"damage":2.0,"enemies":"Small Slimes","floor":3.0,"turns":6.0},{"damage":1.0,"enemies":"3 Louse","floor":4.0,"turns":5.0},{"damage":1.0,"enemies":"Looter","floor":5.0,"turns":4.0},{"damage":47.0,"enemies":"Gremlin Nob","floor":7.0,"turns":6.0},{"damage":12.0,"enemies":"Exordium Thugs","floor":8.0,"turns":4.0},{"damage":0.0,"enemies":"Exordium Wildlife","floor":10.0,"turns":2.0},{"damage":5.0,"enemies":"3 Louse","floor":11.0,"turns":2.0},{"damage":10.0,"enemies":"3 Sentries","floor":14.0,"turns":3.0},{"damage":19.0,"enemies":"Slime Boss","floor":16.0,"turns":10.0},{"damage":26.0,"enemies":"Spheric Guardian","floor":18.0,"turns":5.0},{"damage":0.0,"enemies":"3 Byrds","floor":21.0,"turns":2.0},{"damage":28.0,"enemies":"Gremlin Leader","floor":23.0,"turns":8.0},{"damage":29.0,"enemies":"Cultist and Chosen","floor":28.0,"turns":7.0},{"damage":2.0,"enemies":"Sentry and Sphere","floor":31.0,"turns":8.0},{"damage":24.0,"enemies":"Collector","floor":33.0,"turns":20.0},{"damage":33.0,"enemies":"3 Darklings","floor":35.0,"turns":4.0},{"damage":9.0,"enemies":"Orb Walker","floor":41.0,"turns":4.0},{"damage":20.0,"enemies":"Writhing Mass","floor":44.0,"turns":7.0},{"damage":9,"enemies":"3 Darklings","floor":45,"turns":2},{"damage":3,"enemies":"Spire Growth","floor":46,"turns":6},{"damage":46,"enemies":"Donu and Deca","floor":50,"turns":12}],"seed_played":"7826908401165555785","potions_obtained":[{"floor":2.0,"key":"FocusPotion"},{"floor":3.0,"key":"Energy Potion"},{"floor":11.0,"key":"SteroidPotion"},{"floor":14.0,"key":"Dexterity Potion"},{"floor":18.0,"key":"Regen Potion"},{"floor":23.0,"key":"SneckoOil"},{"floor":28.0,"key":"GamblersBrew"}],"is_trial":false,"path_per_floor":["M","M","M","M","M","R","E","M","T","M","M","R","?","E","R","B",null,"M","$","?","M","?","E","R","$","T","R","M","R","?","M","R","B",null,"M","?","T","$","?","R","M","R","T","M","M","M","R","$","R","B",null],"character_chosen":"DEFECT","items_purchased":["Defragment","FTL","DollysMirror","Leap","Bandage Up","Flash of Steel"],"campfire_rested":3,"item_purchase_floors":[19,19,19,25,38,48],"current_hp_per_floor":[75,73,71,70,69,69,22,10,10,10,5,27,27,24,48,29,82,56,56,56,56,56,43,55,55,55,67,38,50,50,48,82,58,82,49,49,49,49,49,64,59,74,74,58,53,54,69,69,82,40],"gold":141,"neow_bonus":"REMOVE_CARD","is_prod":false,"is_daily":false,"chose_seed":false,"campfire_upgraded":8,"win_rate":0,"timestamp":1548899879,"path_taken":["M","M","M","M","?","R","E","M","T","M","M","R","?","E","R","BOSS","M","$","?","M","?","E","R","$","T","R","M","R","?","M","R","BOSS","M","?","?","$","?","R","M","R","T","M","M","M","R","$","R","BOSS"],"build_version":"2019-01-23","purchased_purges":2,"victory":true,"max_hp_per_floor":[75,75,75,75,75,75,75,75,75,75,75,75,75,82,82,82,82,82,82,82,82,82,82,82,82,82,82,82,82,82,82,82,82,82,82,82,82,82,82,82,82,82,82,82,82,82,82,82,82,82],"card_choices":[{"not_picked":["Beam Cell","Rebound"],"picked":"Recycle","floor":1.0},{"not_picked":["Hologram","Sweeping Beam"],"picked":"Coolheaded","floor":2.0},{"not_picked":["Sunder","Rip and Tear"],"picked":"Reinforced Body","floor":3.0},{"not_picked":["Skim","Ball Lightning"],"picked":"Go for the Eyes","floor":4.0},{"not_picked":["Redo","Rebound"],"picked":"Streamline","floor":5.0},{"not_picked":["Multi-Cast","Skim"],"picked":"Electrodynamics","floor":7.0},{"not_picked":["Hello World","Streamline","Static Discharge"],"picked":"SKIP","floor":8.0},{"not_picked":["Beam Cell","Rip and Tear"],"picked":"Sweeping Beam","floor":10.0},{"not_picked":["Barrage","Streamline"],"picked":"Cold Snap","floor":11.0},{"not_picked":["Electrodynamics","Turbo"],"picked":"Auto Shields","floor":14.0},{"not_picked":["Reboot","Electrodynamics"],"picked":"Echo Form","floor":16.0},{"not_picked":["Gash","Redo"],"picked":"Reprogram","floor":18.0},{"not_picked":["Stack","Compile Driver+1","Double Energy"],"picked":"SKIP","floor":21.0},{"not_picked":["Hologram","Gash","Streamline"],"picked":"SKIP","floor":23.0},{"not_picked":["Double Energy","Hologram","Cold Snap"],"picked":"SKIP","floor":28.0},{"not_picked":["Stack+1","Leap"],"picked":"Defragment+1","floor":31.0},{"not_picked":["Core Surge","Biased Cognition+1"],"picked":"Machine Learning+1","floor":33.0},{"not_picked":["Ball Lightning","Steam+1","Storm+1"],"picked":"SKIP","floor":35.0},{"not_picked":["Reprogram","Ball Lightning+1"],"picked":"Blizzard+1","floor":41.0},{"not_picked":["Double Energy","Redo+1"],"picked":"Cold Snap","floor":44.0},{"not_picked":["Go for the Eyes+1","Hologram","Streamline+1"],"picked":"SKIP","floor":45},{"not_picked":["Compile Driver","Redo","Reprogram"],"picked":"SKIP","floor":46}],"player_experience":613246,"relics_obtained":[{"floor":7.0,"key":"Blue Candle"},{"floor":9.0,"key":"Gambling Chip"},{"floor":14.0,"key":"Strawberry"},{"floor":23.0,"key":"Frozen Egg 2"},{"floor":37.0,"key":"Shuriken"},{"floor":43.0,"key":"Cables"}],"event_choices":[{"damage_healed":0.0,"max_hp_gain":0.0,"max_hp_loss":0.0,"gold_gain":0.0,"event_name":"World of Goop","player_choice":"Left Gold","floor":13.0,"gold_loss":31.0,"damage_taken":0.0},{"damage_healed":0.0,"max_hp_gain":0.0,"max_hp_loss":0.0,"gold_gain":0.0,"event_name":"Drug Dealer","player_choice":"Inject Mutagens","floor":20.0,"gold_loss":0.0,"damage_taken":0.0,"relics_obtained":["MutagenicStrength"]},{"damage_healed":0.0,"max_hp_gain":0.0,"max_hp_loss":0.0,"gold_gain":0.0,"event_name":"Ghosts","player_choice":"Ignored","floor":22.0,"gold_loss":0.0,"damage_taken":0.0},{"damage_healed":0.0,"max_hp_gain":0.0,"max_hp_loss":0.0,"gold_gain":0.0,"event_name":"FaceTrader","player_choice":"Trade","floor":30.0,"gold_loss":0.0,"damage_taken":0.0,"relics_obtained":["SsserpentHead"]},{"cards_removed":["Cold Snap"],"damage_healed":0.0,"max_hp_gain":0.0,"max_hp_loss":0.0,"gold_gain":0.0,"event_name":"Falling","player_choice":"Removed Attack","floor":36.0,"gold_loss":0.0,"damage_taken":0.0},{"damage_healed":0.0,"max_hp_gain":0.0,"max_hp_loss":0.0,"gold_gain":0.0,"event_name":"SecretPortal","player_choice":"Ignored","floor":39.0,"gold_loss":0.0,"damage_taken":0.0}],"is_beta":false,"boss_relics":[{"not_picked":["Tiny House","Runic Pyramid"],"picked":"Eternal Feather"},{"not_picked":["FrozenCore","Lizard Tail"],"picked":"Sozu"}],"items_purged_floors":[38,48],"is_endless":false,"potions_floor_spawned":[2,3,11,14,18,23,28,41],"ascension_level":0}