{"gold_per_floor":[119,119,129,149,159,192,192,206,281,281,308,233,233,247,247,350,350,370,11,11,11,21,21,35,35,35,61,61,61,61,81,81,178,178,193,193,193,209,222,222,222,222,298,298,328,328,353,353],"floor_reached":48,"playtime":3000,"items_purged":["Strike_B","Strike_B"],"score":623,"play_id":"4af8267d-88e3-4102-a5cd-f7457092f3b1","local_time":"20190121174410","is_ascension_mode":true,"campfire_choices":[{"floor":10,"key":"REST"},{"floor":15,"key":"REST"},{"floor":23,"key":"REST"},{"data":"Echo Form","floor":25,"key":"SMITH"},{"floor":29,"key":"REST"},{"data":"Sweeping Beam","floor":32,"key":"SMITH"},{"floor":40,"key":"REST"},{"floor":42,"key":"REST"},{"floor":44,"key":"RECALL"},{"floor":46,"key":"REST"}],"neow_cost":"NONE","seed_source_timestamp":421538645907500,"circlet_count":0,"master_deck":["Defend_B","Defend_B","Zap","Dualcast","Genetic Algorithm","Leap","Coolheaded+1","Sweeping Beam+1","Biased Cognition","Blizzard+1","Fission+1","Compile Driver+1","Echo Form+1","Ball Lightning","Coolheaded","Loop+1","Blizzard","Cold Snap","Stack","Biased Cognition","Reinforced Body+1","Defragment+1","Amplify+1","Pain","Skim+1","Darkness","Parasite"],"relics":["Cracked Core","NeowsBlessing","Bottled Lightning","Sundial","Gremlin Horn","Orichalcum","Sozu","Membership Card","Whetstone","Nilry\u0027s Codex","Letter Opener","Mummified Hand","Incense Burner","Astrolabe","WarpedTongs","Emotion Chip","War Paint"],"potions_floor_usage":[11,16,45],"damage_taken":[{"damage":0,"enemies":"Small Slimes","floor":1,"turns":1},{"damage":0,"enemies":"Cultist","floor":3,"turns":1},{"damage":0,"enemies":"Jaw Worm","floor":4,"turns":1},{"damage":12,"enemies":"2 Fungi Beasts","floor":5,"turns":5},{"damage":27,"enemies":"Lagavulin","floor":6,"turns":10},{"damage":16,"enemies":"Lots of Slimes","floor":8,"turns":3},{"damage":17,"enemies":"3 Sentries","floor":11,"turns":9},{"damage":9,"enemies":"Exordium Wildlife","floor":14,"turns":3},{"damage":10,"enemies":"The Guardian","floor":16,"turns":13},{"damage":17,"enemies":"2 Thieves","floor":18,"turns":4},{"damage":9,"enemies":"Shell Parasite","floor":22,"turns":5},{"damage":15,"enemies":"Cultist and Chosen","floor":24,"turns":5},{"damage":16,"enemies":"Book of Stabbing","floor":27,"turns":6},{"damage":14,"enemies":"Shelled Parasite and Fungi","floor":31,"turns":5},{"damage":0,"enemies":"Automaton","floor":33,"turns":9},{"damage":9,"enemies":"3 Shapes","floor":35,"turns":3},{"damage":2,"enemies":"3 Darklings","floor":38,"turns":5},{"damage":42,"enemies":"Sphere and 2 Shapes","floor":39,"turns":5},{"damage":60,"enemies":"Reptomancer","floor":45,"turns":8},{"damage":17,"enemies":"Nemesis","floor":47,"turns":9},{"damage":13,"enemies":"Writhing Mass","floor":48,"turns":3}],"seed_played":"1966608325896766150","potions_obtained":[{"floor":1,"key":"SkillPotion"},{"floor":6,"key":"Ancient Potion"},{"floor":8,"key":"Ancient Potion"}],"is_trial":false,"path_per_floor":["M","?","M","M","M","E","T","M","T","R","E","$","?","M","R","B",null,"M","$","?","T","M","R","M","R","T","E","?","R","$","M","R","B",null,"M","?","?","M","M","R","?","R","T","R","E","R","E","M"],"character_chosen":"DEFECT","items_purchased":["Membership Card","Coolheaded","Whetstone"],"campfire_rested":7,"item_purchase_floors":[19,19,19],"current_hp_per_floor":[75,75,75,75,63,36,36,20,20,42,25,25,25,16,38,28,75,58,58,42,42,33,55,40,40,40,24,24,46,46,32,32,32,75,66,66,66,64,22,44,44,66,66,66,6,28,11,0],"gold":353,"neow_bonus":"THREE_ENEMY_KILL","is_prod":false,"is_daily":false,"chose_seed":false,"campfire_upgraded":2,"win_rate":0,"timestamp":1548092650,"path_taken":["M","?","?","?","M","E","?","M","T","R","E","$","?","?","R","BOSS","M","$","?","?","M","R","M","R","T","E","?","R","$","M","R","BOSS","M","?","?","M","?","R","?","R","T","R","E","R","E","M"],"build_version":"2019-01-17v2","purchased_purges":2,"victory":false,"max_hp_per_floor":[75,75,75,75,75,75,75,75,75,75,75,75,75,75,75,75,75,75,75,75,75,75,75,75,75,75,75,75,75,75,75,75,75,75,75,75,75,75,75,75,75,75,75,75,75,75,75,75],"card_choices":[{"not_picked":["Turbo","Conserve Battery"],"picked":"Genetic Algorithm","floor":1},{"not_picked":["Steam Power","Beam Cell"],"picked":"Leap","floor":3},{"not_picked":["Turbo","Steam Power"],"picked":"Coolheaded","floor":4},{"not_picked":["Genetic Algorithm","Barrage"],"picked":"Sweeping Beam","floor":5},{"not_picked":["Sweeping Beam","Doom and Gloom"],"picked":"Biased Cognition","floor":6},{"not_picked":["Consume","Leap"],"picked":"Blizzard","floor":8},{"not_picked":["Conserve Battery","Hologram"],"picked":"Fission","floor":11},{"not_picked":["Rebound","Redo"],"picked":"Compile Driver","floor":14},{"not_picked":["Buffer","Reboot"],"picked":"Echo Form","floor":16},{"not_picked":["Loop","Sweeping Beam"],"picked":"Ball Lightning","floor":18},{"not_picked":["Streamline","Redo+1"],"picked":"Loop+1","floor":22},{"not_picked":["Compile Driver","Streamline"],"picked":"Blizzard","floor":24},{"not_picked":["Hologram","Recycle"],"picked":"Cold Snap","floor":27},{"not_picked":["Creative AI","Barrage"],"picked":"Stack","floor":31},{"not_picked":["Thunder Strike","Hyperbeam"],"picked":"Biased Cognition","floor":33},{"not_picked":["Gash+1","Barrage","Steam Power"],"picked":"SKIP","floor":35},{"not_picked":["Ball Lightning","Gash+1"],"picked":"Skim","floor":38},{"not_picked":["Rebound+1","Go for the Eyes+1"],"picked":"Steam+1","floor":39},{"not_picked":["Barrage+1","Turbo","Go for the Eyes"],"picked":"SKIP","floor":45},{"not_picked":["Ball Lightning","Tempest+1"],"picked":"Darkness","floor":47}],"player_experience":144108,"relics_obtained":[{"floor":6,"key":"Bottled Lightning"},{"floor":7,"key":"Sundial"},{"floor":9,"key":"Gremlin Horn"},{"floor":11,"key":"Orichalcum"},{"floor":20,"key":"Nilry\u0027s Codex"},{"floor":21,"key":"Letter Opener"},{"floor":26,"key":"Mummified Hand"},{"floor":27,"key":"Incense Burner"},{"floor":45,"key":"Emotion Chip"},{"floor":47,"key":"War Paint"}],"event_choices":[{"cards_removed":["Strike_B"],"damage_healed":0,"gold_gain":0,"player_choice":"Offered Basic","damage_taken":0,"max_hp_gain":0,"max_hp_loss":0,"event_name":"Bonfire Elementals","floor":2,"gold_loss":0},{"damage_healed":0,"gold_gain":0,"player_choice":"Upgraded","damage_taken":0,"max_hp_gain":0,"max_hp_loss":0,"event_name":"Upgrade Shrine","floor":13,"gold_loss":0,"cards_upgraded":["Fission"]},{"damage_healed":0,"gold_gain":0,"player_choice":"Obtained Book","damage_taken":16,"max_hp_gain":0,"max_hp_loss":0,"event_name":"Cursed Tome","floor":20,"gold_loss":0},{"damage_healed":0,"gold_gain":0,"player_choice":"Ignored","damage_taken":0,"max_hp_gain":0,"max_hp_loss":0,"event_name":"Beggar","floor":28,"gold_loss":0},{"damage_healed":0,"gold_gain":0,"player_choice":"Ignored","damage_taken":0,"max_hp_gain":0,"max_hp_loss":0,"event_name":"Tomb of Lord Red Mask","floor":36,"gold_loss":0},{"damage_healed":0,"gold_gain":0,"player_choice":"Rummage","damage_taken":0,"relics_obtained":["WarpedTongs"],"max_hp_gain":0,"max_hp_loss":0,"event_name":"Accursed Blacksmith","floor":37,"gold_loss":0,"cards_obtained":["Pain"]},{"cards_removed":["Steam"],"damage_healed":0,"gold_gain":0,"player_choice":"Removed Skill","damage_taken":0,"max_hp_gain":0,"max_hp_loss":0,"event_name":"Falling","floor":41,"gold_loss":0}],"is_beta":false,"boss_relics":[{"not_picked":["White Beast Statue","Velvet Choker"],"picked":"Sozu"},{"not_picked":["Black Star","Empty Cage"],"picked":"Astrolabe"}],"items_purged_floors":[12,19],"is_endless":false,"potions_floor_spawned":[1,6,8,22,31,35],"killed_by":"Writhing Mass","ascension_level":2}