{"path_per_floor":["M","?","M","M","?","E","R","E","T","R","T","M","R","$","R","B",null,"M","?","M","?","M","R","E","R","T","E","?","R","M","$","R","B",null,"M","M","$","M","M","E","?","$","T","R","M","M","R","?","R","B"],"character_chosen":"DEFECT","items_purchased":["Capacitor","Leap+1","Pantograph","Chaos+1","Stack+1","Capacitor","Block Potion","Thunder Strike"],"gold_per_floor":[117,117,136,151,151,186,186,215,264,264,343,362,362,18,18,113,113,132,132,114,114,124,124,159,159,231,262,262,262,282,136,136,237,237,254,272,43,61,72,106,106,29,29,29,41,55,55,55,55,55],"floor_reached":51,"campfire_rested":7,"playtime":4330,"item_purchase_floors":[14,14,14,31,37,37,37,42],"current_hp_per_floor":[70,70,70,59,59,47,47,26,26,48,58,58,58,58,58,68,85,74,74,56,40,17,42,27,52,52,27,27,52,39,39,64,32,85,36,29,29,29,5,5,5,5,5,30,25,27,52,52,52,32],"items_purged":["Strike_B+1","Strike_B+1"],"gold":55,"score":723,"play_id":"86c12203-9566-47d3-ac75-402d3f7ef3ce","local_time":"20180601224147","is_prod":false,"is_daily":false,"chose_seed":false,"is_ascension_mode":false,"campfire_upgraded":4,"win_rate":0.0,"timestamp":1527885707,"campfire_choices":[{"data":"Dualcast","floor":7,"key":"SMITH"},{"floor":10,"key":"REST"},{"data":"Capacitor","floor":13,"key":"SMITH"},{"data":"Capacitor","floor":15,"key":"SMITH"},{"floor":23,"key":"REST"},{"floor":25,"key":"REST"},{"floor":29,"key":"REST"},{"floor":32,"key":"REST"},{"floor":44,"key":"REST"},{"floor":47,"key":"REST"},{"data":"Thunder Strike","floor":49,"key":"SMITH"}],"path_taken":["M","?","?","M","?","E","R","E","T","R","?","M","R","$","R","BOSS","M","?","M","?","M","R","E","R","T","E","?","R","M","$","R","BOSS","M","M","$","?","M","E","?","$","T","R","M","M","R","?","R","BOSS"],"build_version":"2018-05-31","seed_source_timestamp":209565086742363,"purchased_purges":2,"victory":true,"master_deck":["Strike_B+1","Defend_B+1","Defend_B+1","Defend_B+1","Defend_B+1","Zap+1","Dualcast+1","Machine Learning","Auto Shields","Ball Lightning","Lockon","Force Field+1","Capacitor+1","Capacitor+1","Leap+1","Rainbow+1","Reinforced Body+1","Ball Lightning+1","Hologram+1","White Noise+1","Storm+1","Redo+1","Chaos+1","Seek+1","Ball Lightning+1","Ball Lightning+1","Stack+1","Capacitor","Static Discharge+1","Barrage+1","Thunder Strike+1","Consume+1","Redo+1"],"max_hp_per_floor":[75,75,75,75,75,75,75,75,75,75,85,85,85,85,85,85,85,85,85,85,85,85,85,85,85,85,85,85,85,85,85,85,85,85,85,85,85,85,85,85,85,85,85,85,85,85,85,85,85,85],"relics":["Cracked Core","Toxic Egg 2","Oddly Smooth Stone","Art of War","Pear","Pantograph","Lizard Tail","Nilry\u0027s Codex","Anchor","Mercury Hourglass","Calipers","Inserter","Blood Vial","Bronze Scales"],"card_choices":[{"not_picked":["Go for the Eyes","Steam"],"picked":"Auto Shields","floor":1},{"not_picked":["Leap","Beam Cell"],"picked":"Ball Lightning","floor":3},{"not_picked":["Leap","Compile Driver","Static Discharge"],"picked":"SKIP","floor":4},{"not_picked":["Rebound","Gash"],"picked":"Lockon","floor":6},{"not_picked":["Thunder Strike","Skim+1"],"picked":"Force Field+1","floor":8},{"not_picked":["Leap+1","Conserve Battery+1"],"picked":"Capacitor","floor":12},{"not_picked":["Reboot+1","Biased Cognition"],"picked":"Rainbow+1","floor":16},{"not_picked":["Sweeping Beam+1","Steam Power+1"],"picked":"Reinforced Body+1","floor":18},{"not_picked":["Beam Cell+1","Streamline"],"picked":"Ball Lightning+1","floor":20},{"not_picked":["Scrape","Reprogram+1"],"picked":"Hologram+1","floor":22},{"not_picked":["Auto Shields+1","Skim+1"],"picked":"White Noise+1","floor":24},{"not_picked":["Blizzard","Cold Snap"],"picked":"Storm+1","floor":27},{"not_picked":["Leap+1","Reinforced Body+1"],"picked":"Redo+1","floor":30},{"not_picked":["Thunder Strike","Buffer"],"picked":"Seek+1","floor":33},{"not_picked":["Reinforced Body+1","Hologram+1"],"picked":"Ball Lightning+1","floor":35},{"not_picked":["Go for the Eyes+1","Steam+1"],"picked":"Ball Lightning+1","floor":36},{"not_picked":["Buffer","Skim+1"],"picked":"Static Discharge+1","floor":38},{"not_picked":["Chill+1","Cold Snap","BootSequence+1"],"picked":"SKIP","floor":39},{"not_picked":["Coolheaded+1","Rip and Tear+1"],"picked":"Barrage+1","floor":40},{"not_picked":["Blizzard","Stack+1"],"picked":"Consume+1","floor":45},{"not_picked":["Scrape+1","Doom and Gloom+1"],"picked":"Redo+1","floor":46}],"player_experience":433388,"potions_floor_usage":[6,16,22,38,40,50,50],"damage_taken":[{"damage":5,"enemies":"Cultist","floor":1,"turns":4},{"damage":0,"enemies":"2 Louse","floor":3,"turns":2},{"damage":11,"enemies":"Jaw Worm","floor":4,"turns":3},{"damage":12,"enemies":"3 Sentries","floor":6,"turns":7},{"damage":21,"enemies":"Gremlin Nob","floor":8,"turns":4},{"damage":0,"enemies":"Gremlin Gang","floor":12,"turns":4},{"damage":15,"enemies":"Slime Boss","floor":16,"turns":10},{"damage":11,"enemies":"Spheric Guardian","floor":18,"turns":8},{"damage":18,"enemies":"2 Thieves","floor":20,"turns":4},{"damage":23,"enemies":"3 Cultists","floor":22,"turns":6},{"damage":65,"enemies":"Gremlin Leader","floor":24,"turns":8},{"damage":32,"enemies":"Book of Stabbing","floor":27,"turns":8},{"damage":20,"enemies":"Sentry and Sphere","floor":30,"turns":5},{"damage":53,"enemies":"Automaton","floor":33,"turns":9},{"damage":49,"enemies":"3 Darklings","floor":35,"turns":5},{"damage":7,"enemies":"Orb Walker","floor":36,"turns":4},{"damage":0,"enemies":"Sphere and 2 Shapes","floor":38,"turns":4},{"damage":24,"enemies":"Maw","floor":39,"turns":7},{"damage":0,"enemies":"Nemesis","floor":40,"turns":7},{"damage":7,"enemies":"4 Shapes","floor":45,"turns":4},{"damage":0,"enemies":"3 Darklings","floor":46,"turns":5},{"damage":47,"enemies":"Time Eater","floor":50,"turns":6}],"relics_obtained":[{"floor":6,"key":"Toxic Egg 2"},{"floor":8,"key":"Oddly Smooth Stone"},{"floor":9,"key":"Art of War"},{"floor":11,"key":"Pear"},{"floor":21,"key":"Nilry\u0027s Codex"},{"floor":24,"key":"Anchor"},{"floor":26,"key":"Mercury Hourglass"},{"floor":27,"key":"Calipers"},{"floor":40,"key":"Blood Vial"},{"floor":43,"key":"Bronze Scales"}],"event_choices":[{"event_name":"Living Wall","player_choice":"Grow","floor":2,"damage_taken":0},{"event_name":"Liars Game","player_choice":"disagreed","floor":5,"damage_taken":0},{"event_name":"Back to Basics","player_choice":"Simplicity","floor":19,"damage_taken":0},{"event_name":"Cursed Tome","player_choice":"Obtained Book","floor":21,"damage_taken":0},{"event_name":"Vampires","player_choice":"Ignored","floor":28,"damage_taken":0},{"event_name":"Mysterious Sphere","player_choice":"Ignore","floor":48,"damage_taken":0}],"boss_relics":[{"not_picked":["Orrery","Eternal Feather"],"picked":"Lizard Tail"},{"not_picked":["Calling Bell","White Beast Statue"],"picked":"Inserter"}],"items_purged_floors":[31,37],"potions_floor_spawned":[1,4,8,12,24,30,35,40,45],"seed_played":"1045835434645010974","ascension_level":0,"potions_obtained":[{"floor":1,"key":"EssenceOfSteel"},{"floor":4,"key":"SteroidPotion"},{"floor":8,"key":"SkillPotion"},{"floor":12,"key":"Explosive Potion"},{"floor":24,"key":"SpeedPotion"},{"floor":30,"key":"Dexterity Potion"},{"floor":40,"key":"Poison Potion"},{"floor":45,"key":"FairyPotion"}],"is_trial":false}