{"gold_per_floor":[115,133,98,115,185,200,200,235,319,319,334,334,354,364,364,469,469,485,485,485,502,514,544,560,560,560,571,583,361,374,387,387,489,489,502,502,210,222,240,256,281,156,179,221,244,0,22,34,46,58],"floor_reached":51,"playtime":3915,"items_purged":["Noxious Fumes","Dagger Spray+1","Flying Knee+1"],"score":1243,"play_id":"8681bf99-a305-41a1-b3c2-5a4ebbd71f88","local_time":"20181226044124","daily_mods":["SealedDeck"],"is_ascension_mode":true,"campfire_choices":[{"data":"Bouncing Flask","floor":7,"key":"SMITH"},{"data":"Catalyst","floor":10,"key":"SMITH"},{"data":"Bouncing Flask","floor":12,"key":"SMITH"},{"floor":15,"key":"REST"},{"data":"Bullet Time","floor":25,"key":"SMITH"},{"data":"Burst","floor":32,"key":"SMITH"},{"data":"Escape Plan","floor":49,"key":"SMITH"}],"neow_cost":"","seed_source_timestamp":355339865395912,"circlet_count":0,"master_deck":["AscendersBane","Acrobatics+1","Dodge and Roll+1","Deadly Poison+1","Deadly Poison+1","Catalyst+1","Backflip+1","Bouncing Flask+1","Bouncing Flask+1","Backflip+1","Well Laid Plans+1","Die Die Die+1","Bullet Time+1","Ghostly+1","Ghostly+1","Ghostly+1","Ghostly+1","Ghostly+1","Burst+1","Escape Plan+1","Backflip+1"],"relics":["Ring of the Snake","Shuriken","Tiny Chest","Busted Crown","Nloth\u0027s Gift","Vajra","Pear","Omamori","Empty Cage","Mark of the Bloom","TwistedFunnel","Ninja Scroll","MawBank","Mercury Hourglass","Red Mask"],"potions_floor_usage":[16,40],"damage_taken":[{"damage":0,"enemies":"2 Louse","floor":1,"turns":2},{"damage":8,"enemies":"Jaw Worm","floor":2,"turns":2},{"damage":0,"enemies":"Small Slimes","floor":4,"turns":3},{"damage":18,"enemies":"Red Slaver","floor":6,"turns":4},{"damage":16,"enemies":"Lagavulin","floor":8,"turns":5},{"damage":3,"enemies":"Large Slime","floor":11,"turns":5},{"damage":10,"enemies":"2 Fungi Beasts","floor":13,"turns":3},{"damage":0,"enemies":"Exordium Wildlife","floor":14,"turns":3},{"damage":17,"enemies":"Hexaghost","floor":16,"turns":5},{"damage":0,"enemies":"Spheric Guardian","floor":18,"turns":2},{"damage":0,"enemies":"2 Thieves","floor":21,"turns":4},{"damage":2,"enemies":"Shelled Parasite and Fungi","floor":22,"turns":3},{"damage":3,"enemies":"Slavers","floor":23,"turns":4},{"damage":1,"enemies":"Sentry and Sphere","floor":24,"turns":3},{"damage":3,"enemies":"Snake Plant","floor":27,"turns":3},{"damage":0,"enemies":"Centurion and Healer","floor":28,"turns":5},{"damage":1,"enemies":"Snecko","floor":30,"turns":4},{"damage":0,"enemies":"Snake Plant","floor":31,"turns":2},{"damage":1,"enemies":"Champ","floor":33,"turns":5},{"damage":0,"enemies":"3 Shapes","floor":35,"turns":4},{"damage":0,"enemies":"3 Darklings","floor":38,"turns":3},{"damage":0,"enemies":"Writhing Mass","floor":39,"turns":1},{"damage":0,"enemies":"Jaw Worm Horde","floor":40,"turns":3},{"damage":0,"enemies":"Reptomancer","floor":41,"turns":3},{"damage":0,"enemies":"Giant Head","floor":44,"turns":3},{"damage":0,"enemies":"Maw","floor":45,"turns":2},{"damage":0,"enemies":"Transient","floor":47,"turns":4},{"damage":0,"enemies":"Time Eater","floor":50,"turns":3}],"seed_played":"2308770065677726142","potions_obtained":[{"floor":2,"key":"GhostInAJar"},{"floor":6,"key":"GhostInAJar"},{"floor":11,"key":"Weak Potion"},{"floor":23,"key":"FearPotion"},{"floor":27,"key":"Dexterity Potion"},{"floor":33,"key":"GamblersBrew"},{"floor":39,"key":"Explosive Potion"},{"floor":47,"key":"SkillPotion"}],"is_trial":true,"path_per_floor":["M","M","?","M","T","M","R","E","T","R","M","R","M","M","R","B",null,"M","?","?","M","M","E","M","R","T","M","M","$","M","M","R","B",null,"M","?","$","M","M","M","E","$","T","E","M","?","M","$","R","B",null],"character_chosen":"THE_SILENT","items_purchased":["Omamori","TwistedFunnel"],"campfire_rested":1,"item_purchase_floors":[29,37],"current_hp_per_floor":[63,55,70,70,70,52,52,36,36,36,33,33,23,23,44,27,59,59,35,35,35,33,30,29,29,39,36,36,36,35,35,35,34,42,42,42,42,42,42,42,42,42,42,42,42,42,42,42,42,42],"gold":70,"neow_bonus":"","is_prod":false,"is_daily":false,"chose_seed":false,"campfire_upgraded":6,"win_rate":0,"timestamp":1545811884,"path_taken":["M","M","?","M","?","M","R","E","T","R","?","R","M","M","R","BOSS","M","?","?","M","M","E","M","R","T","M","M","$","?","M","R","BOSS","M","?","$","M","M","M","E","$","T","E","M","?","M","?","R","BOSS"],"build_version":"2018-12-20","purchased_purges":3,"victory":true,"max_hp_per_floor":[70,70,70,70,70,70,70,70,70,70,70,70,70,70,70,70,70,70,35,35,35,35,35,35,35,45,45,45,45,45,45,45,45,45,45,45,45,45,45,45,45,45,45,45,45,45,45,45,45,45],"card_choices":[{"not_picked":["Dodge and Roll","Dagger Spray"],"picked":"Backflip","floor":1},{"not_picked":["Quick Slash","Cloak And Dagger"],"picked":"Bouncing Flask","floor":2},{"not_picked":["Prepared","Flying Knee"],"picked":"Bouncing Flask","floor":4},{"not_picked":["Poisoned Stab","Crippling Poison"],"picked":"Backflip","floor":6},{"not_picked":["Poisoned Stab","Dodge and Roll"],"picked":"Well Laid Plans","floor":8},{"not_picked":["Bane","Slice","Poisoned Stab"],"picked":"SKIP","floor":11},{"not_picked":["Sucker Punch","Blade Dance","Quick Slash"],"picked":"SKIP","floor":13},{"not_picked":["Blur","Accuracy"],"picked":"Die Die Die","floor":14},{"not_picked":["Malaise","Wraith Form v2"],"picked":"Bullet Time","floor":16},{"not_picked":["Cloak And Dagger"],"picked":"SKIP","floor":18},{"not_picked":["Heel Hook"],"picked":"SKIP","floor":21},{"not_picked":["Heel Hook"],"picked":"SKIP","floor":21},{"not_picked":["Quick Slash"],"picked":"SKIP","floor":22},{"not_picked":[],"picked":"Burst","floor":23},{"not_picked":["Blade Dance"],"picked":"SKIP","floor":24},{"not_picked":["Malaise"],"picked":"SKIP","floor":27},{"not_picked":["Backflip"],"picked":"SKIP","floor":28},{"not_picked":["Noxious Fumes+1"],"picked":"SKIP","floor":30},{"not_picked":["Deadly Poison"],"picked":"SKIP","floor":31},{"not_picked":["Slice"],"picked":"SKIP","floor":35},{"not_picked":["Dagger Throw+1"],"picked":"SKIP","floor":38},{"not_picked":[],"picked":"Escape Plan","floor":39},{"not_picked":["Dagger Spray"],"picked":"SKIP","floor":40},{"not_picked":["Dagger Spray"],"picked":"SKIP","floor":40},{"not_picked":["Deadly Poison+1"],"picked":"SKIP","floor":41},{"not_picked":[],"picked":"Backflip+1","floor":44},{"not_picked":["Deflect"],"picked":"SKIP","floor":45},{"not_picked":["Bane"],"picked":"SKIP","floor":47}],"player_experience":33011,"relics_obtained":[{"floor":5,"key":"Blue Candle"},{"floor":8,"key":"Shuriken"},{"floor":9,"key":"Tiny Chest"},{"floor":23,"key":"Vajra"},{"floor":26,"key":"Pear"},{"floor":41,"key":"Ninja Scroll"},{"floor":43,"key":"MawBank"},{"floor":44,"key":"Mercury Hourglass"}],"event_choices":[{"damage_healed":17,"gold_gain":0,"player_choice":"Healed","damage_taken":0,"max_hp_gain":0,"max_hp_loss":0,"event_name":"The Cleric","floor":3,"gold_loss":35},{"damage_healed":0,"gold_gain":0,"player_choice":"Became a Ghost","damage_taken":0,"max_hp_gain":0,"max_hp_loss":35,"event_name":"Ghosts","floor":19,"gold_loss":0,"cards_obtained":["Ghostly","Ghostly","Ghostly","Ghostly","Ghostly"]},{"damage_healed":0,"gold_gain":0,"player_choice":"Traded Relic","damage_taken":0,"relics_obtained":["Nloth\u0027s Gift"],"max_hp_gain":0,"max_hp_loss":0,"event_name":"N\u0027loth","floor":20,"relics_lost":["Blue Candle"],"gold_loss":0},{"damage_healed":0,"gold_gain":0,"player_choice":"Upgrade","damage_taken":0,"relics_obtained":["Mark of the Bloom"],"max_hp_gain":0,"max_hp_loss":0,"event_name":"MindBloom","floor":36,"gold_loss":0,"cards_upgraded":["Acrobatics","Dodge and Roll","Deadly Poison","Deadly Poison","Dagger Spray","Flying Knee","Backflip","Backflip","Well Laid Plans","Die Die Die","Ghostly","Ghostly","Ghostly","Ghostly","Ghostly"]},{"damage_healed":0,"gold_gain":0,"player_choice":"Paid","damage_taken":0,"relics_obtained":["Red Mask"],"max_hp_gain":0,"max_hp_loss":0,"event_name":"Tomb of Lord Red Mask","floor":46,"gold_loss":256}],"is_beta":false,"boss_relics":[{"not_picked":["Sozu","Philosopher\u0027s Stone"],"picked":"Busted Crown"},{"not_picked":["White Beast Statue","Velvet Choker"],"picked":"Empty Cage"}],"items_purged_floors":[29,37,42],"is_endless":false,"potions_floor_spawned":[2,6,11,13,14,23,27,28,31,33,39,47],"ascension_level":10}