{"gold_per_floor":[113,73,73,90,109,165,165,7,7,20,20,32,2,17,17,17],"floor_reached":16,"playtime":881,"items_purged":["Defend_G"],"score":127,"play_id":"6b97971f-547f-44ff-a97f-e06520dc6aef","local_time":"20190125160544","is_ascension_mode":false,"campfire_choices":[{"data":"Calculated Gamble","floor":11,"key":"SMITH"},{"data":"Deep Breath","floor":15,"key":"SMITH"}],"neow_cost":"NONE","seed_source_timestamp":429583728827543,"circlet_count":0,"master_deck":["Defend_G","Defend_G","Defend_G","Defend_G","Strike_G","Strike_G","Strike_G","Strike_G","Strike_G","Survivor","Neutralize","Calculated Gamble","Calculated Gamble+1","Underhanded Strike","Deep Breath+1","Backstab","Slice","Quick Slash","Dagger Throw"],"relics":["Ring of the Snake","NeowsBlessing","Pear","Tiny Chest","Strawberry"],"potions_floor_usage":[],"damage_taken":[{"damage":0,"enemies":"Cultist","floor":1,"turns":1},{"damage":0,"enemies":"Small Slimes","floor":4,"turns":1},{"damage":0,"enemies":"Jaw Worm","floor":5,"turns":1},{"damage":34,"enemies":"3 Sentries","floor":6,"turns":14},{"damage":0,"enemies":"3 Louse","floor":10,"turns":4},{"damage":5,"enemies":"Lots of Slimes","floor":12,"turns":5},{"damage":0,"enemies":"Looter","floor":13,"turns":4},{"damage":0,"enemies":"3 Louse","floor":14,"turns":5},{"damage":54,"enemies":"Slime Boss","floor":16,"turns":8}],"seed_played":"-3664679009377792066","potions_obtained":[{"floor":5,"key":"Explosive Potion"},{"floor":10,"key":"Swift Potion"}],"is_trial":false,"path_per_floor":["M","$","?","M","M","E","?","$","T","M","R","M","M","M","R","B"],"character_chosen":"THE_SILENT","items_purchased":["Calculated Gamble","Deep Breath"],"campfire_rested":0,"item_purchase_floors":[2,8],"current_hp_per_floor":[70,70,80,80,80,46,46,46,53,53,53,48,48,48,48,0],"gold":17,"neow_bonus":"THREE_ENEMY_KILL","is_prod":false,"is_daily":false,"chose_seed":false,"campfire_upgraded":2,"win_rate":0.0,"timestamp":1548453944,"path_taken":["M","$","?","M","?","E","?","$","T","M","R","M","M","M","R","BOSS"],"build_version":"2019-01-23","purchased_purges":1,"victory":false,"max_hp_per_floor":[70,70,80,80,80,80,80,80,87,87,87,87,87,87,87,87],"card_choices":[{"not_picked":["Outmaneuver","Terror"],"picked":"Calculated Gamble","floor":1},{"not_picked":["Sucker Punch","Slice"],"picked":"Underhanded Strike","floor":4},{"not_picked":["Dodge and Roll","Leg Sweep","Deadly Poison"],"picked":"SKIP","floor":5},{"not_picked":["Caltrops","Deadly Poison","Quick Slash"],"picked":"SKIP","floor":6},{"not_picked":["Dagger Throw","Blur"],"picked":"Backstab","floor":10},{"not_picked":["Endless Agony","Sucker Punch"],"picked":"Slice","floor":12},{"not_picked":["Distraction","Dagger Throw"],"picked":"Quick Slash","floor":13},{"not_picked":["Riddle With Holes","Caltrops"],"picked":"Dagger Throw","floor":14}],"player_experience":173739,"relics_obtained":[{"floor":3,"key":"Pear"},{"floor":6,"key":"Tiny Chest"},{"floor":9,"key":"Strawberry"}],"event_choices":[{"damage_healed":0,"gold_gain":0,"player_choice":"Relic","damage_taken":0,"max_hp_gain":0,"max_hp_loss":0,"event_name":"Wheel of Change","floor":3,"gold_loss":0},{"damage_healed":0,"gold_gain":0,"player_choice":"Ignored","damage_taken":0,"max_hp_gain":0,"max_hp_loss":0,"event_name":"Liars Game","floor":7,"gold_loss":0}],"is_beta":false,"boss_relics":[],"items_purged_floors":[8],"is_endless":false,"potions_floor_spawned":[5,10],"killed_by":"Slime Boss","ascension_level":0}