{"gold_per_floor":[112,112,112,127,140,140,152,152,177,18,18,29,29,44,44,139,139,150,150,165,165,90,90],"floor_reached":23,"playtime":1927,"items_purged":[],"score":181,"play_id":"e6a26a96-c9b1-40ca-9745-dd07c61ba399","local_time":"20180715205428","is_ascension_mode":false,"campfire_choices":[{"floor":6,"key":"REST"},{"data":"Strike_R","floor":8,"key":"SMITH"},{"floor":15,"key":"REST"}],"neow_cost":"NONE","seed_source_timestamp":355127615471926,"circlet_count":0,"master_deck":["Strike_R","Strike_R+1","Strike_R","Strike_R","Defend_R","Defend_R","Defend_R","Defend_R","Bash","Headbutt","Clothesline","Perfected Strike","Pommel Strike","Ghostly Armor","Rampage","Clash","Second Wind","Bludgeon","Ghostly Armor+1","Iron Wave","True Grit","Armaments"],"relics":["Burning Blood","Juzu Bracelet","Runic Cube"],"potions_floor_usage":[16,16,16],"damage_taken":[{"damage":12,"enemies":"Small Slimes","floor":1,"turns":6},{"damage":14,"enemies":"Jaw Worm","floor":4,"turns":8},{"damage":0,"enemies":"Cultist","floor":5,"turns":4},{"damage":1,"enemies":"3 Louse","floor":7,"turns":4},{"damage":14,"enemies":"Blue Slaver","floor":12,"turns":4},{"damage":8,"enemies":"Red Slaver","floor":14,"turns":3},{"damage":93,"enemies":"Hexaghost","floor":16,"turns":16},{"damage":26,"enemies":"2 Thieves","floor":18,"turns":5},{"damage":6,"enemies":"Chosen","floor":20,"turns":6},{"damage":75,"enemies":"Gremlin Leader","floor":23,"turns":4}],"seed_played":"-1557006655845473112","potions_obtained":[{"floor":1,"key":"Weak Potion"},{"floor":5,"key":"Fire Potion"},{"floor":11,"key":"Regen Potion"},{"floor":18,"key":"Strength Potion"}],"is_trial":false,"path_per_floor":["M","?","?","M","M","R","M","R","T","$","?","M","?","M","R","B",null,"M","?","M","?","$"],"character_chosen":"IRONCLAD","items_purchased":["Ghostly Armor","Rampage","Poison Potion","Armaments"],"campfire_rested":2,"item_purchase_floors":[10,10,22,22],"current_hp_per_floor":[82,79,79,71,77,88,88,88,88,88,88,80,80,78,88,16,88,68,68,68,68,68,0],"gold":90,"neow_bonus":"TEN_PERCENT_HP_BONUS","is_prod":false,"is_daily":false,"chose_seed":false,"campfire_upgraded":1,"win_rate":0.0,"timestamp":1531680868,"path_taken":["M","?","?","M","M","R","M","R","T","$","?","M","?","M","R","BOSS","M","?","M","?","$","E"],"build_version":"2018-07-12","purchased_purges":0,"victory":false,"max_hp_per_floor":[88,88,88,88,88,88,88,88,88,88,88,88,88,88,88,88,88,88,88,88,88,88,88],"card_choices":[{"not_picked":["Combust","Corruption"],"picked":"Headbutt","floor":1},{"not_picked":["Shrug It Off","Iron Wave"],"picked":"Clothesline","floor":4},{"not_picked":["Clothesline","Twin Strike"],"picked":"Perfected Strike","floor":5},{"not_picked":["Burning Pact","Fire Breathing"],"picked":"Pommel Strike","floor":7},{"not_picked":["Bloodletting","Feel No Pain"],"picked":"Clash","floor":12},{"not_picked":["Inflame","Armaments"],"picked":"Second Wind","floor":14},{"not_picked":["Offering","Feed"],"picked":"Bludgeon","floor":16},{"not_picked":["Perfected Strike","Combust+1"],"picked":"Ghostly Armor+1","floor":18},{"not_picked":["Anger","Warcry"],"picked":"Iron Wave","floor":20}],"player_experience":1164,"relics_obtained":[{"floor":9,"key":"Juzu Bracelet"}],"event_choices":[{"event_name":"Scrap Ooze","player_choice":"unsuccessful","floor":2,"damage_taken":3},{"event_name":"The Cleric","player_choice":"Leave","floor":3,"damage_taken":0},{"event_name":"The Lab","player_choice":"Got Potions","floor":11,"damage_taken":0},{"event_name":"Golden Idol","player_choice":"Ignored","floor":13,"damage_taken":0},{"event_name":"Drug Dealer","player_choice":"Ignored","floor":19,"damage_taken":0},{"event_name":"Transmorgrifier","player_choice":"Transform","floor":21,"damage_taken":0}],"boss_relics":[{"not_picked":["Ectoplasm","Calling Bell"],"picked":"Runic Cube"}],"items_purged_floors":[],"is_endless":false,"potions_floor_spawned":[1,5,18],"killed_by":"Gremlin Leader","ascension_level":0}