{"gold_per_floor":[15,25,25,42,53,80,80,80,80,91,91,56,56,73,73,173,173,189,199,199,114,131,131,144,144,213,227,239,250,250],"floor_reached":30,"playtime":1700,"items_purged":[],"score":261,"play_id":"e4399942-cf66-48bf-828e-ba11ef449086","local_time":"20190202121259","is_ascension_mode":false,"campfire_choices":[{"data":"Sucker Punch","floor":8,"key":"SMITH"},{"data":"Neutralize","floor":11,"key":"SMITH"},{"data":"Acrobatics","floor":13,"key":"SMITH"},{"data":"Terror","floor":15,"key":"SMITH"},{"floor":23,"key":"RECALL"}],"neow_cost":"NO_GOLD","seed_source_timestamp":232027212558515,"circlet_count":0,"master_deck":["Defend_G","Defend_G","Defend_G","Defend_G","Defend_G","Survivor","Neutralize+1","Sucker Punch+1","Quick Slash","Acrobatics+1","Terror+1","Heel Hook","Night Terror","Dodge and Roll","Deadly Poison+1","Bite","Bite","Bite","Bite","Bite","Heel Hook","Accuracy+1","Venomology","Caltrops+1","Backflip+1"],"relics":["Ring of the Serpent","Ginger","Paper Crane","Matryoshka","Gremlin Horn","Meat on the Bone","Lantern","Orichalcum","Question Card"],"potions_floor_usage":[16,27,28,28,28,28,29,29,29,30,30],"damage_taken":[{"damage":0,"enemies":"Cultist","floor":1,"turns":3},{"damage":1,"enemies":"2 Louse","floor":2,"turns":4},{"damage":1,"enemies":"Jaw Worm","floor":4,"turns":4},{"damage":4,"enemies":"3 Louse","floor":5,"turns":5},{"damage":24,"enemies":"Gremlin Nob","floor":6,"turns":5},{"damage":0,"enemies":"Blue Slaver","floor":10,"turns":4},{"damage":3,"enemies":"2 Fungi Beasts","floor":14,"turns":3},{"damage":19,"enemies":"Slime Boss","floor":16,"turns":12},{"damage":15,"enemies":"3 Byrds","floor":18,"turns":8},{"damage":3,"enemies":"Chosen","floor":19,"turns":4},{"damage":24,"enemies":"3 Cultists","floor":22,"turns":6},{"damage":16,"enemies":"Centurion and Healer","floor":24,"turns":8},{"damage":8,"enemies":"Chosen and Byrds","floor":27,"turns":6},{"damage":25,"enemies":"Snake Plant","floor":28,"turns":5},{"damage":4,"enemies":"Snecko","floor":29,"turns":4},{"damage":65,"enemies":"Gremlin Leader","floor":30,"turns":6}],"seed_played":"7608547618284324094","potions_obtained":[{"floor":1,"key":"Block Potion"},{"floor":6,"key":"Explosive Potion"},{"floor":14,"key":"FearPotion"},{"floor":22,"key":"GhostInAJar"},{"floor":27,"key":"SkillPotion"},{"floor":29,"key":"Regen Potion"}],"is_trial":false,"path_per_floor":["M","M","T","M","M","E","?","R","T","M","R","?","R","M","R","B",null,"M","M","?","?","M","R","M","?","T","M","M","M","E"],"character_chosen":"THE_SILENT","items_purchased":[],"campfire_rested":0,"item_purchase_floors":[],"current_hp_per_floor":[70,69,69,68,64,40,40,40,40,40,40,57,57,54,54,47,70,55,52,49,49,39,39,41,41,41,42,25,29,0],"gold":250,"neow_bonus":"ONE_RARE_RELIC","is_prod":false,"is_daily":false,"chose_seed":false,"campfire_upgraded":4,"win_rate":0,"timestamp":1549138379,"path_taken":["M","M","?","M","M","E","?","R","T","?","R","?","R","M","R","BOSS","M","M","?","?","M","R","M","?","T","M","M","M","E"],"build_version":"2019-01-23","purchased_purges":0,"victory":false,"max_hp_per_floor":[70,70,70,70,70,70,70,70,70,70,70,70,70,70,70,70,70,70,70,49,49,49,49,49,49,49,49,49,49,49],"card_choices":[{"not_picked":["Skewer","Poisoned Stab"],"picked":"Sucker Punch","floor":1},{"not_picked":["Underhanded Strike","Skewer","Bane"],"picked":"SKIP","floor":2},{"not_picked":["Dagger Spray","Riddle With Holes"],"picked":"Quick Slash","floor":4},{"not_picked":["Cloak And Dagger","Poisoned Stab"],"picked":"Acrobatics","floor":5},{"not_picked":["Skewer","Deflect"],"picked":"Terror","floor":6},{"not_picked":["Grand Finale","Quick Slash"],"picked":"Heel Hook","floor":10},{"not_picked":["Blade Dance","Deadly Poison","Acrobatics"],"picked":"SKIP","floor":14},{"not_picked":["Tools of the Trade","Phantasmal Killer"],"picked":"Night Terror","floor":16},{"not_picked":["Setup","Blade Dance"],"picked":"Dodge and Roll","floor":18},{"not_picked":["Calculated Gamble+1","Flying Knee"],"picked":"Deadly Poison+1","floor":19},{"not_picked":["Bane","Masterful Stab+1"],"picked":"Heel Hook","floor":22},{"not_picked":["Acrobatics","Concentrate"],"picked":"Accuracy+1","floor":24},{"not_picked":["Deadly Poison","Escape Plan","Choke","PiercingWail"],"picked":"SKIP","floor":27},{"not_picked":["Deflect","Poisoned Stab","Sucker Punch"],"picked":"Caltrops+1","floor":28},{"not_picked":["Dagger Throw","Dodge and Roll","Night Terror"],"picked":"Backflip+1","floor":29}],"player_experience":160529,"relics_obtained":[{"floor":3,"key":"Paper Crane"},{"floor":6,"key":"Matryoshka"},{"floor":9,"key":"Gremlin Horn"},{"floor":9,"key":"Meat on the Bone"},{"floor":26,"key":"Orichalcum"},{"floor":26,"key":"Question Card"}],"event_choices":[{"cards_removed":["Strike_G"],"damage_healed":0,"gold_gain":0,"player_choice":"Purged","damage_taken":0,"max_hp_gain":0,"max_hp_loss":0,"event_name":"Purifier","floor":7,"gold_loss":0},{"damage_healed":17,"gold_gain":0,"player_choice":"Healed","damage_taken":0,"max_hp_gain":0,"max_hp_loss":0,"event_name":"The Cleric","floor":12,"gold_loss":35},{"damage_healed":0,"gold_gain":0,"player_choice":"Became a vampire","damage_taken":0,"max_hp_gain":0,"max_hp_loss":21,"event_name":"Vampires","floor":20,"gold_loss":0,"cards_obtained":["Bite","Bite","Bite","Bite","Bite"]},{"damage_healed":0,"gold_gain":0,"player_choice":"Obtained Relic","damage_taken":0,"relics_obtained":["Lantern"],"max_hp_gain":0,"max_hp_loss":0,"event_name":"Addict","floor":21,"gold_loss":85},{"damage_healed":0,"gold_gain":0,"player_choice":"Read","damage_taken":0,"max_hp_gain":0,"max_hp_loss":0,"event_name":"The Library","floor":25,"gold_loss":0,"cards_obtained":["Venomology"]}],"is_beta":false,"boss_relics":[{"not_picked":["Calling Bell","Astrolabe"],"picked":"Ring of the Serpent"}],"items_purged_floors":[],"is_endless":false,"potions_floor_spawned":[1,6,14,22,27,28,29],"killed_by":"Gremlin Leader","ascension_level":0}