{"gold_per_floor":[117,292,305,320,320,347,347,363,410,439,495,479,491,342,342,441,441,461,461,481,481,481,481,508,508,556,556,589,604,111,136,136,241,241,256,171,171,185,0,26,26,46,46,1,16,16],"floor_reached":46,"playtime":7940,"items_purged":["Defend_R","Defend_R"],"score":593,"play_id":"dd852bb5-2f18-4e7c-bb1f-dde3c772d3c5","local_time":"20190127231118","is_ascension_mode":true,"campfire_choices":[{"data":"Shockwave","floor":7.0,"key":"SMITH"},{"floor":15.0,"key":"REST"},{"data":"Armaments","floor":23,"key":"SMITH"},{"floor":25,"key":"REST"},{"data":"Power Through","floor":27,"key":"SMITH"},{"floor":32,"key":"REST"},{"floor":41,"key":"REST"}],"neow_cost":"NONE","seed_source_timestamp":0,"circlet_count":0,"master_deck":["Strike_R","Strike_R","Strike_R","Strike_R","Shockwave+1","Warcry","Warcry","Impervious","Battle Trance","Perfected Strike","Armaments+1","Pommel Strike","Shrug It Off","Spot Weakness","Offering","Power Through+1","Wild Strike+1","Twin Strike","Ghostly Armor","Havoc","Perfected Strike","Twin Strike","Wild Strike","Good Instincts","Reaper","Pommel Strike","Impervious","Second Wind+1","Uppercut+1","Feel No Pain+1","Armaments+1","Mind Blast","True Grit+1","Twin Strike"],"special_seed":0,"relics":["Black Blood","Pen Nib","Dream Catcher","Dodecahedron","Ornamental Fan","Nilry\u0027s Codex","Nloth\u0027s Gift","Incense Burner","Bag of Preparation","Mummified Hand","DollysMirror","Ice Cream","Astrolabe","Red Mask","Bag of Marbles"],"potions_floor_usage":[31,31,40,45,46,46],"damage_taken":[{"damage":4.0,"enemies":"2 Louse","floor":1.0,"turns":4.0},{"damage":12.0,"enemies":"Small Slimes","floor":3.0,"turns":6.0},{"damage":3.0,"enemies":"Jaw Worm","floor":4.0,"turns":5.0},{"damage":27.0,"enemies":"Gremlin Nob","floor":6.0,"turns":5.0},{"damage":4.0,"enemies":"Looter","floor":8.0,"turns":5.0},{"damage":35.0,"enemies":"Lagavulin","floor":10.0,"turns":10.0},{"damage":29.0,"enemies":"Lagavulin Event","floor":11.0,"turns":7.0},{"damage":14.0,"enemies":"Exordium Thugs","floor":12.0,"turns":5.0},{"damage":0.0,"enemies":"Red Slaver","floor":13.0,"turns":4.0},{"damage":26.0,"enemies":"Hexaghost","floor":16.0,"turns":10.0},{"damage":19.0,"enemies":"Shell Parasite","floor":18.0,"turns":6.0},{"damage":1,"enemies":"Chosen","floor":20,"turns":5},{"damage":26,"enemies":"Slavers","floor":24,"turns":5},{"damage":34,"enemies":"Book of Stabbing","floor":28,"turns":7},{"damage":10,"enemies":"Centurion and Healer","floor":29,"turns":6},{"damage":13,"enemies":"Gremlin Leader","floor":31,"turns":3},{"damage":59,"enemies":"Champ","floor":33,"turns":10},{"damage":1,"enemies":"3 Shapes","floor":35,"turns":5},{"damage":10,"enemies":"3 Darklings","floor":38,"turns":8},{"damage":57,"enemies":"Reptomancer","floor":40,"turns":9},{"damage":13,"enemies":"Jaw Worm Horde","floor":42,"turns":6},{"damage":74,"enemies":"Transient","floor":45,"turns":5},{"damage":60,"enemies":"Maw","floor":46,"turns":8}],"seed_played":"-5809145345793274838","potions_obtained":[{"floor":4.0,"key":"AttackPotion"},{"floor":8.0,"key":"Ancient Potion"},{"floor":10.0,"key":"PowerPotion"},{"floor":16.0,"key":"Fire Potion"},{"floor":20,"key":"AttackPotion"},{"floor":24,"key":"Fire Potion"},{"floor":31,"key":"Swift Potion"},{"floor":33,"key":"Swift Potion"},{"floor":45,"key":"BloodPotion"}],"is_trial":false,"path_per_floor":["M","?","M","M","?","E","R","M","T","E","?","M","M","$","R","B",null,"M","?","M","?","?","R","E","R","T","R","E","M","$","E","R","B",null,"M","$","?","M","?","E","R","M","T","$","M","M"],"character_chosen":"IRONCLAD","items_purchased":["Pommel Strike","Shrug It Off","DollysMirror","Twin Strike","Wild Strike","Good Instincts","Mind Blast","Twin Strike"],"campfire_rested":4,"item_purchase_floors":[14,14,30,30,30,30,36,44],"current_hp_per_floor":[88,88,82,85,85,74,74,76,76,47,24,16,22,22,51,31,98,89,89,98,82,82,82,66,95,95,95,71,71,71,68,97,48,98,98,98,98,98,98,51,80,77,77,77,13,0],"gold":16,"neow_bonus":"TEN_PERCENT_HP_BONUS","is_prod":false,"is_daily":false,"chose_seed":false,"campfire_upgraded":3,"win_rate":0,"timestamp":1548648678,"path_taken":["M","?","M","M","?","E","R","M","T","E","?","M","M","$","R","BOSS","M","?","M","?","?","R","E","R","T","R","E","M","$","E","R","BOSS","M","$","?","?","?","E","R","M","T","?","M","M"],"build_version":"2019-01-23","purchased_purges":2,"victory":false,"max_hp_per_floor":[88,88,88,88,88,98,98,98,98,98,98,98,98,98,98,98,98,98,98,98,98,98,98,98,98,98,98,98,98,98,98,98,98,98,98,98,98,98,98,98,98,98,98,98,98,98],"card_choices":[{"not_picked":["Shrug It Off","Rampage"],"picked":"Shockwave","floor":1.0},{"not_picked":["Thunderclap","Second Wind"],"picked":"Warcry","floor":3.0},{"not_picked":["Bloodletting","Wild Strike"],"picked":"Warcry","floor":4.0},{"not_picked":["Wild Strike","Entrench","Shockwave"],"picked":"SKIP","floor":6.0},{"not_picked":["Flex","Rupture"],"picked":"Impervious","floor":8.0},{"not_picked":["Evolve","Metallicize"],"picked":"Battle Trance","floor":10.0},{"not_picked":["Wild Strike","Body Slam"],"picked":"Perfected Strike","floor":11.0},{"not_picked":["Thunderclap","Evolve","Bloodletting"],"picked":"SKIP","floor":12.0},{"not_picked":["Body Slam","Warcry"],"picked":"Armaments","floor":13.0},{"not_picked":["Infernal Blade","Clash"],"picked":"Spot Weakness","floor":15.0},{"not_picked":["Impervious","Brutality"],"picked":"Offering","floor":16.0},{"not_picked":["Headbutt","Sentinel"],"picked":"Power Through","floor":18.0},{"not_picked":["Anger","Carnage"],"picked":"Wild Strike+1","floor":20},{"not_picked":["Double Tap","Reaper"],"picked":"Twin Strike","floor":24},{"not_picked":["Second Wind","Headbutt"],"picked":"Ghostly Armor","floor":25},{"not_picked":["Fiend Fire","Juggernaut"],"picked":"Havoc","floor":28},{"not_picked":["Thunderclap","Barricade","Evolve"],"picked":"SKIP","floor":29},{"not_picked":["Body Slam","Immolate"],"picked":"Reaper","floor":31},{"not_picked":["Flex","Iron Wave"],"picked":"Pommel Strike","floor":32},{"not_picked":["Immolate","Berserk"],"picked":"Impervious","floor":33},{"not_picked":["Sword Boomerang+1","Anger+1"],"picked":"Armaments+1","floor":35},{"not_picked":["True Grit","Anger","Uppercut"],"picked":"SKIP","floor":38},{"not_picked":["Metallicize","Body Slam+1","Heavy Blade"],"picked":"SKIP","floor":40},{"not_picked":["Twin Strike+1","Corruption+1"],"picked":"True Grit+1","floor":41},{"not_picked":["Rage","Heavy Blade","Hemokinesis"],"picked":"SKIP","floor":42},{"not_picked":["Heavy Blade+1","Armaments+1","Iron Wave"],"picked":"SKIP","floor":45}],"player_experience":161406,"relics_obtained":[{"floor":6.0,"key":"Pear"},{"floor":9.0,"key":"Pen Nib"},{"floor":10.0,"key":"Dream Catcher"},{"floor":21,"key":"Nilry\u0027s Codex"},{"floor":24,"key":"Incense Burner"},{"floor":26,"key":"Bag of Preparation"},{"floor":28,"key":"Mummified Hand"},{"floor":31,"key":"Ice Cream"},{"floor":40,"key":"Bag of Marbles"}],"event_choices":[{"damage_healed":0.0,"max_hp_gain":0.0,"max_hp_loss":0.0,"gold_gain":175.0,"event_name":"Liars Game","player_choice":"AGREE","floor":2.0,"gold_loss":0.0,"damage_taken":0.0,"cards_obtained":["Doubt"]},{"cards_removed":["Doubt"],"damage_healed":0.0,"max_hp_gain":0.0,"max_hp_loss":0.0,"gold_gain":0.0,"event_name":"Living Wall","player_choice":"Forget","floor":5.0,"gold_loss":0.0,"damage_taken":0.0},{"damage_healed":0.0,"max_hp_gain":0.0,"max_hp_loss":0.0,"gold_gain":0.0,"event_name":"Dead Adventurer","player_choice":"Searched \u00273\u0027 times","floor":11.0,"gold_loss":0.0,"damage_taken":0.0,"relics_obtained":["Dodecahedron"]},{"damage_healed":0.0,"max_hp_gain":0.0,"max_hp_loss":0.0,"gold_gain":0.0,"event_name":"The Mausoleum","player_choice":"Opened","floor":19.0,"gold_loss":0.0,"damage_taken":0.0,"relics_obtained":["Ornamental Fan"]},{"damage_healed":0,"gold_gain":0,"player_choice":"Obtained Book","damage_taken":16,"max_hp_gain":0,"max_hp_loss":0,"event_name":"Cursed Tome","floor":21,"gold_loss":0},{"damage_healed":0,"gold_gain":0,"player_choice":"Traded Relic","damage_taken":0,"relics_obtained":["Nloth\u0027s Gift"],"max_hp_gain":0,"max_hp_loss":0,"event_name":"N\u0027loth","floor":22,"relics_lost":["Pear"],"gold_loss":0},{"cards_removed":["Strike_R"],"damage_healed":0,"gold_gain":0,"player_choice":"Offered Basic","damage_taken":0,"max_hp_gain":0,"max_hp_loss":0,"event_name":"Bonfire Elementals","floor":37,"gold_loss":0},{"damage_healed":0,"gold_gain":0,"player_choice":"Paid","damage_taken":0,"relics_obtained":["Red Mask"],"max_hp_gain":0,"max_hp_loss":0,"event_name":"Tomb of Lord Red Mask","floor":39,"gold_loss":185}],"is_beta":false,"boss_relics":[{"not_picked":["Lizard Tail","Orrery"],"picked":"Black Blood"},{"not_picked":["Pandora\u0027s Box","Black Star"],"picked":"Astrolabe"}],"items_purged_floors":[14,30],"is_endless":false,"potions_floor_spawned":[4,8,10,16,20,24,29,31,33,45],"killed_by":"Maw","ascension_level":2}