{"gold_per_floor":[213,213,16,41,51,51,51,51,77,9,9,24,35,51,51,125,125,138,63,63,63,63,63,93,93,139,139,151,170,270,299,299,299],"floor_reached":33,"playtime":857,"items_purged":["Strike_G"],"score":474,"play_id":"69a44df7-3681-4861-9989-b8cdc84bb0cc","local_time":"20190202180501","is_ascension_mode":true,"campfire_choices":[{"data":"Bane","floor":6,"key":"SMITH"},{"data":"Survivor","floor":8,"key":"SMITH"},{"data":"Strike_G","floor":15,"key":"SMITH"},{"data":"Glass Knife","floor":23,"key":"SMITH"},{"floor":25,"key":"REST"},{"floor":27,"key":"REST"},{"floor":32,"key":"REST"}],"neow_cost":"NONE","seed_source_timestamp":13546338929700,"circlet_count":0,"master_deck":["AscendersBane","Defend_G","Defend_G","Defend_G","Defend_G","Defend_G","Strike_G","Strike_G+1","Survivor+1","Neutralize+1","Bane+1","Crippling Poison+1","Glass Knife+1","Phantasmal Killer","Skewer","Footwork","PiercingWail"],"relics":["Ring of the Snake","Orichalcum","Juzu Bracelet","Snake Skull","Sozu","Blood Vial","Pen Nib","WingedGreaves","Bottled Lightning","Bronze Scales"],"potions_floor_usage":[12,16,16],"damage_taken":[{"damage":4,"enemies":"2 Louse","floor":1,"turns":6},{"damage":2,"enemies":"Cultist","floor":5,"turns":4},{"damage":0,"enemies":"Jaw Worm","floor":12,"turns":3},{"damage":4,"enemies":"Large Slime","floor":13,"turns":4},{"damage":0,"enemies":"Exordium Thugs","floor":14,"turns":5},{"damage":36,"enemies":"The Guardian","floor":16,"turns":17},{"damage":7,"enemies":"Shell Parasite","floor":18,"turns":4},{"damage":31,"enemies":"Book of Stabbing","floor":24,"turns":6},{"damage":0,"enemies":"Chosen","floor":28,"turns":3},{"damage":7,"enemies":"Snecko","floor":29,"turns":4},{"damage":8,"enemies":"Colosseum Slavers","floor":30,"turns":3},{"damage":9,"enemies":"Colosseum Nobs","floor":30,"turns":4},{"damage":22,"enemies":"Slavers","floor":31,"turns":6},{"damage":43,"enemies":"Collector","floor":33,"turns":5}],"seed_played":"7097941598930930487","potions_obtained":[{"floor":5,"key":"SteroidPotion"},{"floor":12,"key":"Fruit Juice"},{"floor":13,"key":"Weak Potion"}],"is_trial":false,"path_per_floor":["M","?","$","T","M","R","?","R","T","$","?","M","M","M","R","B",null,"M","$","?","?","?","R","E","R","T","R","M","M","?","E","R","B"],"character_chosen":"THE_SILENT","items_purchased":["Orichalcum","Bane","Crippling Poison"],"campfire_rested":3,"item_purchase_floors":[3,3,10],"current_hp_per_floor":[55,55,55,55,53,53,58,58,58,58,58,63,59,59,59,23,63,56,56,56,56,34,34,3,27,27,51,53,48,35,15,39,0],"gold":299,"neow_bonus":"HUNDRED_GOLD","is_prod":false,"is_daily":false,"chose_seed":false,"campfire_upgraded":4,"win_rate":0,"timestamp":1549123501,"path_taken":["M","?","$","?","M","R","?","R","T","$","?","M","M","M","R","BOSS","M","$","?","?","?","R","E","R","T","R","M","M","?","E","R","BOSS"],"build_version":"2019-01-23","purchased_purges":1,"victory":false,"max_hp_per_floor":[66,66,66,66,66,66,71,71,71,71,71,76,76,76,76,76,76,76,76,76,76,81,81,81,81,81,81,81,81,81,81,81,81],"card_choices":[{"not_picked":["Backflip","Setup","Accuracy"],"picked":"SKIP","floor":1},{"not_picked":["Skewer","Sucker Punch","Slice"],"picked":"SKIP","floor":5},{"not_picked":["Dagger Throw","Flying Knee","Eviscerate"],"picked":"SKIP","floor":12},{"not_picked":["Deflect","Underhanded Strike","Slice"],"picked":"SKIP","floor":13},{"not_picked":["Prepared","Underhanded Strike","Infinite Blades"],"picked":"SKIP","floor":14},{"not_picked":["Grand Finale","Adrenaline"],"picked":"Glass Knife","floor":16},{"not_picked":["Outmaneuver","Distraction","Dodge and Roll"],"picked":"SKIP","floor":18},{"not_picked":["Sucker Punch","Deflect","Acrobatics+1"],"picked":"SKIP","floor":24},{"not_picked":["Backflip","Deflect+1"],"picked":"Footwork","floor":28},{"not_picked":["Prepared","Skewer"],"picked":"PiercingWail","floor":29},{"not_picked":["Riddle With Holes","Prepared","Slice"],"picked":"SKIP","floor":31}],"player_experience":577872,"relics_obtained":[{"floor":4,"key":"Juzu Bracelet"},{"floor":9,"key":"Snake Skull"},{"floor":24,"key":"Blood Vial"},{"floor":26,"key":"Pen Nib"},{"floor":30,"key":"WingedGreaves"},{"floor":30,"key":"Bottled Lightning"},{"floor":31,"key":"Bronze Scales"}],"event_choices":[{"damage_healed":0,"gold_gain":0,"player_choice":"Forge","damage_taken":0,"max_hp_gain":0,"max_hp_loss":0,"event_name":"Accursed Blacksmith","floor":2,"gold_loss":0,"cards_upgraded":["Neutralize"]},{"damage_healed":0,"gold_gain":0,"player_choice":"Donut","damage_taken":0,"max_hp_gain":5,"max_hp_loss":0,"event_name":"Big Fish","floor":7,"gold_loss":0},{"damage_healed":0,"gold_gain":0,"player_choice":"Upgraded","damage_taken":0,"max_hp_gain":0,"max_hp_loss":0,"event_name":"Upgrade Shrine","floor":11,"gold_loss":0,"cards_upgraded":["Crippling Poison"]},{"damage_healed":0,"gold_gain":0,"player_choice":"Ignored","damage_taken":0,"max_hp_gain":0,"max_hp_loss":0,"event_name":"Vampires","floor":20,"gold_loss":0},{"damage_healed":0,"gold_gain":0,"cards_transformed":["Strike_G","Strike_G"],"player_choice":"Became Test Subject","damage_taken":0,"max_hp_gain":0,"max_hp_loss":0,"event_name":"Drug Dealer","floor":21,"gold_loss":0,"cards_obtained":["Phantasmal Killer","Skewer"]},{"damage_healed":0,"gold_gain":0,"player_choice":"Shed Blood","damage_taken":27,"max_hp_gain":5,"max_hp_loss":0,"event_name":"Forgotten Altar","floor":22,"gold_loss":0},{"damage_healed":0,"gold_gain":0,"player_choice":"Fight","damage_taken":0,"max_hp_gain":0,"max_hp_loss":0,"event_name":"Colosseum","floor":30,"gold_loss":0},{"damage_healed":0,"gold_gain":0,"player_choice":"Fought Nobs","damage_taken":0,"max_hp_gain":0,"max_hp_loss":0,"event_name":"Colosseum","floor":30,"gold_loss":0}],"is_beta":false,"boss_relics":[{"not_picked":["Ring of the Serpent","Ectoplasm"],"picked":"Sozu"}],"items_purged_floors":[19],"is_endless":false,"potions_floor_spawned":[5,12,13,24,30],"killed_by":"Collector","ascension_level":15}