{"gold_per_floor":[112,132,132,132,142,142,142,67,93,93,113,126,126,142,142,241,241,259,184,209,25,25,25,25,25,51,51,65,75,87,87,87,184,184,199,421,421,434,454,454,215,215,215,230,245,274,289,17,17,17],"floor_reached":51,"playtime":1655,"items_purged":["Strike_B","Strike_B","Defend_B+1"],"score":667,"play_id":"0d55276f-c7a7-43ae-87f0-66fb1a27bb47","local_time":"20190127113834","is_ascension_mode":false,"campfire_choices":[{"data":"Zap","floor":6,"key":"SMITH"},{"floor":10,"key":"REST"},{"data":"Defragment","floor":15,"key":"SMITH"},{"floor":23,"key":"REST"},{"data":"Strike_B","floor":25,"key":"PURGE"},{"floor":32,"key":"REST"},{"floor":40,"key":"REST"},{"data":"Dualcast+1","floor":49,"key":"PURGE"}],"neow_cost":"NONE","seed_source_timestamp":668136600923812,"circlet_count":0,"master_deck":["Defend_B+1","Defend_B+1","Zap+1","Capacitor+1","Defragment+1","Melter+1","Fission+1","White Noise+1","Storm+1","Capacitor+1","Conserve Battery+1","Electrodynamics+1","Creative AI+1","Consume+1","Static Discharge+1","Thunder Strike+1","Heatsinks+1","Storm+1"],"relics":["Cracked Core","Regal Pillow","Torii","Omamori","Letter Opener","Calling Bell","Bronze Scales","Ornamental Fan","Peace Pipe","Red Mask","War Paint","Lantern","Nuclear Battery","Mark of the Bloom","Frozen Egg 2","FossilizedHelix"],"potions_floor_usage":[16,20,50,50,50],"damage_taken":[{"damage":6,"enemies":"Jaw Worm","floor":1,"turns":3},{"damage":0,"enemies":"2 Louse","floor":2,"turns":3},{"damage":1,"enemies":"Cultist","floor":5,"turns":3},{"damage":12,"enemies":"Large Slime","floor":11,"turns":6},{"damage":2,"enemies":"2 Fungi Beasts","floor":12,"turns":3},{"damage":2,"enemies":"Looter","floor":14,"turns":3},{"damage":16,"enemies":"Hexaghost","floor":16,"turns":8},{"damage":22,"enemies":"2 Thieves","floor":18,"turns":4},{"damage":29,"enemies":"Masked Bandits","floor":20,"turns":4},{"damage":0,"enemies":"3 Byrds","floor":28,"turns":2},{"damage":16,"enemies":"Snake Plant","floor":29,"turns":3},{"damage":1,"enemies":"Centurion and Healer","floor":30,"turns":4},{"damage":54,"enemies":"Automaton","floor":33,"turns":8},{"damage":7,"enemies":"3 Shapes","floor":35,"turns":2},{"damage":0,"enemies":"3 Darklings","floor":38,"turns":2},{"damage":31,"enemies":"Spire Growth","floor":39,"turns":4},{"damage":0,"enemies":"Sphere and 2 Shapes","floor":44,"turns":2},{"damage":0,"enemies":"Maw","floor":45,"turns":4},{"damage":1,"enemies":"Giant Head","floor":46,"turns":4},{"damage":0,"enemies":"3 Darklings","floor":47,"turns":2},{"damage":23,"enemies":"Donu and Deca","floor":50,"turns":3}],"seed_played":"-5363193070211146251","potions_obtained":[{"floor":2,"key":"SteroidPotion"},{"floor":11,"key":"LiquidBronze"},{"floor":14,"key":"SkillPotion"},{"floor":18,"key":"Strength Potion"},{"floor":28,"key":"Poison Potion"},{"floor":30,"key":"Regen Potion"},{"floor":33,"key":"FocusPotion"},{"floor":37,"key":"FocusPotion"},{"floor":37,"key":"Block Potion"},{"floor":39,"key":"Energy Potion"}],"is_trial":false,"path_per_floor":["M","M","?","?","M","R","?","$","T","R","M","M","T","M","R","B",null,"M","?","?","$","?","R","?","R","T","$","M","M","M","$","R","B",null,"M","?","?","M","M","R","$","?","T","M","M","E","M","$","R","B",null],"character_chosen":"DEFECT","items_purchased":["War Paint","Capacitor","Thunder Strike","Storm+1","FocusPotion"],"campfire_rested":4,"item_purchase_floors":[21,21,41,48,48],"current_hp_per_floor":[69,69,69,62,61,61,28,28,28,65,53,51,51,49,49,33,75,53,53,24,24,10,49,49,49,49,49,49,33,32,32,71,17,80,73,73,73,73,42,80,80,80,80,80,80,79,79,79,79,56],"gold":17,"neow_bonus":"RANDOM_COMMON_RELIC","is_prod":false,"is_daily":false,"chose_seed":false,"campfire_upgraded":2,"win_rate":0,"timestamp":1548601714,"path_taken":["M","M","?","?","M","R","?","$","T","R","M","?","?","M","R","BOSS","M","?","?","$","?","R","?","R","T","?","M","M","M","$","R","BOSS","M","?","?","?","M","R","$","?","T","M","M","E","M","$","R","BOSS"],"build_version":"2019-01-23","purchased_purges":3,"victory":true,"max_hp_per_floor":[75,75,75,75,75,75,75,75,75,75,75,75,75,75,75,75,75,75,75,75,75,80,80,80,80,80,80,80,80,80,80,80,80,80,80,80,80,80,80,80,80,80,80,80,80,80,80,80,80,80],"card_choices":[{"not_picked":["Redo","Doom and Gloom","Recycle"],"picked":"SKIP","floor":1},{"not_picked":["Sweeping Beam","Turbo","Scrape"],"picked":"SKIP","floor":2},{"not_picked":["Cold Snap","Compile Driver","Redo"],"picked":"SKIP","floor":5},{"not_picked":["Beam Cell","Steam Power"],"picked":"Capacitor","floor":11},{"not_picked":["Capacitor","Compile Driver"],"picked":"Defragment","floor":12},{"not_picked":["Steam Power","Gash"],"picked":"Melter","floor":14},{"not_picked":["All For One","Hyperbeam"],"picked":"Fission","floor":16},{"not_picked":["Chaos","Aggregate+1"],"picked":"White Noise","floor":18},{"not_picked":["Skim","Hologram"],"picked":"Storm+1","floor":20},{"not_picked":["Reprogram","Gash+1","Turbo"],"picked":"SKIP","floor":28},{"not_picked":["Sweeping Beam","Stack+1"],"picked":"Conserve Battery","floor":29},{"not_picked":["Sweeping Beam","Beam Cell"],"picked":"Electrodynamics","floor":30},{"not_picked":["Rainbow","Biased Cognition"],"picked":"Creative AI","floor":33},{"not_picked":["Streamline","Go for the Eyes","Auto Shields+1"],"picked":"SKIP","floor":35},{"not_picked":["Go for the Eyes+1","Barrage"],"picked":"Consume+1","floor":38},{"not_picked":["Consume","Sweeping Beam"],"picked":"Static Discharge+1","floor":39},{"not_picked":["Coolheaded+1","Rebound","Beam Cell"],"picked":"SKIP","floor":44},{"not_picked":["Darkness","Aggregate"],"picked":"Heatsinks+1","floor":45},{"not_picked":["Rebound+1","Recycle","Conserve Battery+1"],"picked":"SKIP","floor":46},{"not_picked":["Ball Lightning","Sweeping Beam","Rebound"],"picked":"SKIP","floor":47}],"player_experience":240434,"relics_obtained":[{"floor":9,"key":"Omamori"},{"floor":13,"key":"Letter Opener"},{"floor":17,"key":"Bronze Scales"},{"floor":17,"key":"Ornamental Fan"},{"floor":17,"key":"Peace Pipe"},{"floor":20,"key":"Red Mask"},{"floor":26,"key":"Lantern"},{"floor":43,"key":"Frozen Egg 2"},{"floor":46,"key":"FossilizedHelix"}],"event_choices":[{"cards_removed":["Strike_B"],"damage_healed":0,"gold_gain":0,"player_choice":"Forget","damage_taken":0,"max_hp_gain":0,"max_hp_loss":0,"event_name":"Living Wall","floor":3,"gold_loss":0},{"cards_removed":["Defend_B"],"damage_healed":0,"gold_gain":0,"player_choice":"Card Removal","damage_taken":7,"max_hp_gain":0,"max_hp_loss":0,"event_name":"Golden Wing","floor":4,"gold_loss":0},{"damage_healed":0,"gold_gain":0,"player_choice":"Success","damage_taken":33,"relics_obtained":["Torii"],"max_hp_gain":0,"max_hp_loss":0,"event_name":"Scrap Ooze","floor":7,"gold_loss":0},{"cards_removed":["Regret"],"damage_healed":0,"gold_gain":0,"player_choice":"Gave Gold","damage_taken":0,"max_hp_gain":0,"max_hp_loss":0,"event_name":"Beggar","floor":19,"gold_loss":75},{"damage_healed":0,"gold_gain":0,"player_choice":"Fought Bandits","damage_taken":0,"max_hp_gain":0,"max_hp_loss":0,"event_name":"Masked Bandits","floor":20,"gold_loss":0},{"damage_healed":0,"gold_gain":0,"player_choice":"Shed Blood","damage_taken":19,"max_hp_gain":5,"max_hp_loss":0,"event_name":"Forgotten Altar","floor":22,"gold_loss":0},{"damage_healed":0,"gold_gain":0,"player_choice":"Ignored","damage_taken":0,"max_hp_gain":0,"max_hp_loss":0,"event_name":"Vampires","floor":24,"gold_loss":0},{"damage_healed":0,"gold_gain":222,"player_choice":"Wore Mask","damage_taken":0,"max_hp_gain":0,"max_hp_loss":0,"event_name":"Tomb of Lord Red Mask","floor":36,"gold_loss":0},{"damage_healed":0,"gold_gain":0,"player_choice":"Got Potions","damage_taken":0,"max_hp_gain":0,"max_hp_loss":0,"event_name":"Lab","floor":37,"gold_loss":0},{"damage_healed":0,"gold_gain":0,"player_choice":"Upgrade","damage_taken":0,"relics_obtained":["Mark of the Bloom"],"max_hp_gain":0,"max_hp_loss":0,"event_name":"MindBloom","floor":42,"gold_loss":0,"cards_upgraded":["Defend_B","Defend_B","Defend_B","Capacitor","Melter","Fission","Capacitor","Conserve Battery","Electrodynamics","Creative AI","Thunder Strike"]}],"is_beta":false,"boss_relics":[{"not_picked":["Coffee Dripper","Eternal Feather"],"picked":"Calling Bell"},{"not_picked":["Sozu","Empty Cage"],"picked":"Nuclear Battery"}],"items_purged_floors":[8,41,48],"is_endless":false,"potions_floor_spawned":[2,11,14,18,28,30,33,39,45],"ascension_level":0}