{"gold_per_floor":[114,130,130,140,151,151,176,176,201,201,233,233,12,31,31,108,108,122,47,60,60,75,75,93,108,135,135,154,154,173,223,223,295,295,305,1304,1304,710,725,758,758,192,218,47,65,76,90,100,100,100],"floor_reached":51,"playtime":4450,"items_purged":["Normality","Strike_G"],"score":1224,"play_id":"3f795fb2-639d-41ea-82db-7430c115b52d","local_time":"20190202004639","is_ascension_mode":true,"campfire_choices":[{"data":"Noxious Fumes","floor":6,"key":"SMITH"},{"data":"Deflect","floor":8,"key":"SMITH"},{"data":"Quick Slash","floor":10,"key":"SMITH"},{"floor":12,"key":"REST"},{"data":"Cloak And Dagger","floor":15,"key":"SMITH"},{"floor":23,"key":"REST"},{"floor":29,"key":"REST"},{"floor":32,"key":"REST"},{"floor":41,"key":"REST"},{"floor":49,"key":"REST"}],"neow_cost":"NONE","seed_source_timestamp":108902531168400,"circlet_count":0,"master_deck":["AscendersBane","Defend_G","Defend_G","Defend_G","Defend_G","Defend_G","Strike_G","Survivor","Neutralize+1","Flying Knee","Noxious Fumes+1","Deflect+1","Quick Slash+1","Cloak And Dagger+1","Double Energy","Apotheosis","Glacier","Recycle","White Noise","Dark Shackles","Envenom","PiercingWail+1","Madness","Madness","Infinite Blades","PiercingWail","Leg Sweep","Footwork","PiercingWail","Backflip","Parasite","Darkness","Spot Weakness"],"relics":["Ring of the Snake","Omamori","Centennial Puzzle","Anchor","PrismaticShard","Empty Cage","Ice Cream","Regal Pillow","Runic Pyramid","TwistedFunnel","Snake Skull","Smiling Mask","Blood Vial","Boot","Pen Nib"],"potions_floor_usage":[11,11,16,16,25,33,33,40,40,50,50],"damage_taken":[{"damage":7,"enemies":"Small Slimes","floor":1,"turns":3},{"damage":9,"enemies":"Jaw Worm","floor":2,"turns":5},{"damage":1,"enemies":"2 Louse","floor":4,"turns":3},{"damage":0,"enemies":"Looter","floor":5,"turns":4},{"damage":13,"enemies":"Gremlin Nob","floor":11,"turns":5},{"damage":5,"enemies":"Large Slime","floor":14,"turns":6},{"damage":26,"enemies":"Slime Boss","floor":16,"turns":9},{"damage":21,"enemies":"3 Byrds","floor":18,"turns":7},{"damage":0,"enemies":"Shell Parasite","floor":20,"turns":9},{"damage":2,"enemies":"Snake Plant","floor":22,"turns":8},{"damage":2,"enemies":"Snecko","floor":24,"turns":7},{"damage":36,"enemies":"Cultist and Chosen","floor":25,"turns":9},{"damage":16,"enemies":"Centurion and Healer","floor":28,"turns":10},{"damage":4,"enemies":"Snake Plant","floor":30,"turns":6},{"damage":26,"enemies":"Automaton","floor":33,"turns":17},{"damage":11,"enemies":"Orb Walker","floor":35,"turns":6},{"damage":3,"enemies":"3 Darklings","floor":39,"turns":7},{"damage":32,"enemies":"Nemesis","floor":40,"turns":9},{"damage":0,"enemies":"Writhing Mass","floor":45,"turns":9},{"damage":1,"enemies":"4 Shapes","floor":46,"turns":5},{"damage":4,"enemies":"Sphere and 2 Shapes","floor":47,"turns":7},{"damage":3,"enemies":"Spire Growth","floor":48,"turns":7},{"damage":23,"enemies":"Donu and Deca","floor":50,"turns":12}],"seed_played":"-2389742041952177604","potions_obtained":[{"floor":2,"key":"SpeedPotion"},{"floor":4,"key":"EssenceOfSteel"},{"floor":11,"key":"GamblersBrew"},{"floor":14,"key":"PowerPotion"},{"floor":18,"key":"EssenceOfSteel"},{"floor":24,"key":"SneckoOil"},{"floor":28,"key":"SpeedPotion"},{"floor":33,"key":"AttackPotion"},{"floor":35,"key":"PowerPotion"},{"floor":39,"key":"Block Potion"},{"floor":48,"key":"Energy Potion"}],"is_trial":false,"path_per_floor":["M","M","?","M","M","R","T","R","T","R","E","R","$","M","R","B",null,"M","?","M","?","M","R","M","M","T","?","M","R","M","?","R","B",null,"M","?","?","$","M","E","R","$","T","$","M","M","M","M","R","B",null],"character_chosen":"THE_SILENT","items_purchased":["PrismaticShard","TwistedFunnel","Snake Skull","Infinite Blades","PiercingWail","Leg Sweep","Blood Vial","Strength Potion","FearPotion","Boot","Footwork","PiercingWail","Backflip"],"campfire_rested":6,"item_purchase_floors":[13,38,38,38,38,42,42,42,42,42,44,44,44],"current_hp_per_floor":[52,43,43,42,42,42,42,42,42,42,29,48,48,43,43,17,54,33,33,33,33,31,50,48,12,12,25,9,43,39,39,66,40,60,49,49,37,37,34,2,36,36,36,36,38,39,37,36,66,43],"gold":100,"neow_bonus":"UPGRADE_CARD","is_prod":false,"is_daily":false,"chose_seed":false,"campfire_upgraded":4,"win_rate":0,"timestamp":1549086399,"path_taken":["M","M","?","M","M","R","?","R","T","R","E","R","$","M","R","BOSS","M","?","M","?","M","R","M","M","T","?","M","R","M","?","R","BOSS","M","?","?","$","M","E","R","$","T","?","M","M","M","M","R","BOSS"],"build_version":"2019-01-23","purchased_purges":2,"victory":true,"max_hp_per_floor":[66,66,66,66,66,66,66,66,66,66,66,66,66,66,66,66,66,66,66,66,66,66,66,66,66,66,66,66,66,66,66,66,66,66,66,66,66,66,66,66,66,66,66,66,66,66,66,66,66,66],"card_choices":[{"not_picked":["Dodge and Roll","Calculated Gamble"],"picked":"Flying Knee","floor":1},{"not_picked":["Quick Slash","Dodge and Roll"],"picked":"Noxious Fumes","floor":2},{"not_picked":["Finisher","Dagger Throw"],"picked":"Deflect","floor":4},{"not_picked":["Deadly Poison","Choke"],"picked":"Quick Slash","floor":5},{"not_picked":["Slice","Dash"],"picked":"Cloak And Dagger","floor":11},{"not_picked":["Sword Boomerang","Uppercut"],"picked":"Double Energy","floor":14},{"not_picked":["Seek","Buffer"],"picked":"Apotheosis","floor":16},{"not_picked":["Ball Lightning+1","Whirlwind"],"picked":"Glacier","floor":18},{"not_picked":["Sword Boomerang","Clothesline","Body Slam"],"picked":"SKIP","floor":20},{"not_picked":["Static Discharge","Pummel","Tactician"],"picked":"SKIP","floor":22},{"not_picked":["Armaments","Concentrate+1"],"picked":"Recycle","floor":24},{"not_picked":["Concentrate","Heavy Blade","Clash"],"picked":"SKIP","floor":25},{"not_picked":["Poisoned Stab","Anger"],"picked":"White Noise","floor":28},{"not_picked":["Havoc","Uppercut"],"picked":"Dark Shackles","floor":30},{"not_picked":["Wraith Form v2","Core Surge"],"picked":"Envenom","floor":33},{"not_picked":["Coolheaded","Perfected Strike+1"],"picked":"PiercingWail+1","floor":35},{"not_picked":["Coolheaded","Deflect","Streamline"],"picked":"SKIP","floor":39},{"not_picked":["Pommel Strike","Thunderclap","Enlightenment+1"],"picked":"SKIP","floor":40},{"not_picked":["Expertise","Quick Slash","Reckless Charge"],"picked":"SKIP","floor":45},{"not_picked":["Crippling Poison","Finisher"],"picked":"Darkness","floor":46},{"not_picked":["Evolve","Hello World+1","Quick Slash"],"picked":"SKIP","floor":47},{"not_picked":["Gash","True Grit"],"picked":"Spot Weakness","floor":48}],"player_experience":1169333,"relics_obtained":[{"floor":7,"key":"Omamori"},{"floor":9,"key":"Centennial Puzzle"},{"floor":11,"key":"Anchor"},{"floor":26,"key":"Regal Pillow"},{"floor":40,"key":"Smiling Mask"},{"floor":43,"key":"Pen Nib"}],"event_choices":[{"damage_healed":0,"gold_gain":0,"player_choice":"Ignored","damage_taken":0,"max_hp_gain":0,"max_hp_loss":0,"event_name":"Golden Idol","floor":3,"gold_loss":0},{"cards_removed":["Strike_G"],"damage_healed":0,"gold_gain":0,"player_choice":"Gave Gold","damage_taken":0,"max_hp_gain":0,"max_hp_loss":0,"event_name":"Beggar","floor":19,"gold_loss":75},{"damage_healed":0,"gold_gain":0,"player_choice":"Opened","damage_taken":0,"relics_obtained":["Ice Cream"],"max_hp_gain":0,"max_hp_loss":0,"event_name":"The Mausoleum","floor":21,"gold_loss":0,"cards_obtained":["Writhe"]},{"damage_healed":13,"gold_gain":0,"player_choice":"Heal","damage_taken":0,"max_hp_gain":0,"max_hp_loss":0,"event_name":"The Library","floor":27,"gold_loss":0},{"damage_healed":0,"gold_gain":50,"player_choice":"Stole From Cult","damage_taken":0,"max_hp_gain":0,"max_hp_loss":0,"event_name":"Nest","floor":31,"gold_loss":0},{"damage_healed":0,"gold_gain":999,"player_choice":"Gold","damage_taken":0,"max_hp_gain":0,"max_hp_loss":0,"event_name":"MindBloom","floor":36,"gold_loss":0,"cards_obtained":["Normality","Normality"]},{"damage_healed":0,"gold_gain":0,"player_choice":"Embrace Madness","damage_taken":12,"max_hp_gain":0,"max_hp_loss":0,"event_name":"Winding Halls","floor":37,"gold_loss":0,"cards_obtained":["Madness","Madness"]}],"is_beta":false,"boss_relics":[{"not_picked":["Busted Crown","Lizard Tail"],"picked":"Empty Cage"},{"not_picked":["Philosopher\u0027s Stone","Fusion Hammer"],"picked":"Runic Pyramid"}],"items_purged_floors":[38,42],"is_endless":false,"potions_floor_spawned":[2,4,11,14,18,24,28,33,35,39,48],"ascension_level":18}