{"gold_per_floor":[119,44,63,78,3,31,181,181,181,181,198,215,215,21,21,94,94,114,114,134,64,84,84,84],"floor_reached":24,"playtime":707,"items_purged":["Strike_G"],"score":343,"play_id":"0b154b9d-5baf-459b-95ab-ec6b02122ad3","local_time":"20190202175035","is_ascension_mode":true,"campfire_choices":[{"floor":8,"key":"REST"},{"floor":13,"key":"REST"},{"data":"Poisoned Stab","floor":15,"key":"SMITH"},{"floor":23,"key":"REST"}],"neow_cost":"TEN_PERCENT_HP_LOSS","seed_source_timestamp":12829530883100,"circlet_count":0,"master_deck":["AscendersBane","Defend_G","Defend_G","Defend_G","Defend_G","Strike_G","Strike_G","Strike_G","Strike_G","Survivor+1","Neutralize","Poisoned Stab+1","PiercingWail","Infinite Blades","Terror+1","Bane","Adrenaline","Slice+1","Well Laid Plans"],"relics":["Ring of the Snake","Pocketwatch","Bronze Scales","Pantograph","War Paint","Lee\u0027s Waffle","Sozu"],"potions_floor_usage":[6,12,16],"damage_taken":[{"damage":0,"enemies":"Jaw Worm","floor":1,"turns":5},{"damage":0,"enemies":"2 Louse","floor":3,"turns":3},{"damage":0,"enemies":"Cultist","floor":4,"turns":5},{"damage":37,"enemies":"Lagavulin","floor":6,"turns":7},{"damage":27,"enemies":"Lots of Slimes","floor":11,"turns":4},{"damage":0,"enemies":"Red Slaver","floor":12,"turns":4},{"damage":5,"enemies":"Hexaghost","floor":16,"turns":8},{"damage":6,"enemies":"3 Byrds","floor":18,"turns":4},{"damage":0,"enemies":"Shell Parasite","floor":20,"turns":4},{"damage":23,"enemies":"Snecko","floor":22,"turns":5},{"damage":62,"enemies":"Gremlin Leader","floor":24,"turns":5}],"seed_played":"7259968969310772856","potions_obtained":[{"floor":3,"key":"Strength Potion"},{"floor":11,"key":"AttackPotion"},{"floor":12,"key":"Dexterity Potion"}],"is_trial":false,"path_per_floor":["M","$","M","M","?","E","?","R","T","?","M","M","R","$","R","B",null,"M","?","M","$","M","R","E"],"character_chosen":"THE_SILENT","items_purchased":["Lee\u0027s Waffle","Well Laid Plans"],"campfire_rested":3,"item_purchase_floors":[14,21],"current_hp_per_floor":[59,59,59,59,59,22,22,40,40,29,2,2,20,67,67,62,66,60,60,60,60,37,57,0],"gold":84,"neow_bonus":"ONE_RARE_RELIC","is_prod":false,"is_daily":false,"chose_seed":false,"campfire_upgraded":1,"win_rate":0,"timestamp":1549122635,"path_taken":["M","$","M","M","?","E","?","R","T","?","M","M","R","$","R","BOSS","M","?","?","$","M","R","E"],"build_version":"2019-01-23","purchased_purges":1,"victory":false,"max_hp_per_floor":[60,60,60,60,60,60,60,60,60,60,60,60,60,67,67,67,67,67,67,67,67,67,67,67],"card_choices":[{"not_picked":["Underhanded Strike","PiercingWail"],"picked":"Poisoned Stab","floor":1},{"not_picked":["Deflect","Dagger Spray"],"picked":"PiercingWail","floor":3},{"not_picked":["Underhanded Strike","Cloak And Dagger"],"picked":"Infinite Blades","floor":4},{"not_picked":["Finisher","Flying Knee"],"picked":"Terror","floor":6},{"not_picked":["Outmaneuver","Poisoned Stab"],"picked":"Bane","floor":11},{"not_picked":["Bane","Dagger Spray","Cloak And Dagger"],"picked":"SKIP","floor":12},{"not_picked":["Tools of the Trade","Storm of Steel"],"picked":"Adrenaline","floor":16},{"not_picked":["Cloak And Dagger","Endless Agony","Bouncing Flask"],"picked":"SKIP","floor":18},{"not_picked":["Dagger Spray","Deflect"],"picked":"Slice+1","floor":20},{"not_picked":["Sucker Punch","Dodge and Roll","Outmaneuver"],"picked":"SKIP","floor":22}],"player_experience":577165,"relics_obtained":[{"floor":6,"key":"Bronze Scales"},{"floor":9,"key":"Pantograph"}],"event_choices":[{"cards_removed":["Defend_G"],"damage_healed":0,"gold_gain":0,"player_choice":"Card Removal","damage_taken":0,"max_hp_gain":0,"max_hp_loss":0,"event_name":"The Cleric","floor":5,"gold_loss":75},{"damage_healed":0,"gold_gain":150,"player_choice":"AGREE","damage_taken":0,"max_hp_gain":0,"max_hp_loss":0,"event_name":"Liars Game","floor":7,"gold_loss":0,"cards_obtained":["Doubt"]},{"damage_healed":0,"gold_gain":0,"player_choice":"Success","damage_taken":11,"relics_obtained":["War Paint"],"max_hp_gain":0,"max_hp_loss":0,"event_name":"Scrap Ooze","floor":10,"gold_loss":0},{"cards_removed":["Doubt"],"damage_healed":0,"gold_gain":0,"player_choice":"Purged","damage_taken":0,"max_hp_gain":0,"max_hp_loss":0,"event_name":"Purifier","floor":19,"gold_loss":0}],"is_beta":false,"boss_relics":[{"not_picked":["Ring of the Serpent","Busted Crown"],"picked":"Sozu"}],"items_purged_floors":[2],"is_endless":false,"potions_floor_spawned":[3,11,12,18,22],"killed_by":"Gremlin Leader","ascension_level":15}