{"gold_per_floor":[118,43,59,59,134,134,152,165,165,177,52,52,64,94,94,192,192,204,214,89,188,208,208,208,19,44,44,60,72,72,82,82,180,180,196,196,216,216,230,230,250,75,75,86,86,111,139,163,175,187],"floor_reached":51,"playtime":4542,"items_purged":["Strike_B","Strike_B","Strike_B","Defend_B","Sunder"],"score":635,"play_id":"bde7f59d-e278-41a8-87b7-cbd3c902c365","local_time":"20180731230946","is_ascension_mode":true,"campfire_choices":[{"data":"Zap","floor":6.0,"key":"SMITH"},{"floor":12.0,"key":"REST"},{"floor":15.0,"key":"REST"},{"floor":23.0,"key":"REST"},{"floor":32.0,"key":"REST"},{"data":"Apotheosis","floor":40,"key":"SMITH"},{"floor":49,"key":"REST"}],"neow_cost":"NONE","seed_source_timestamp":0,"circlet_count":0,"master_deck":["Defend_B","Defend_B","Defend_B","Zap+1","Dualcast","Leap","Blizzard","FTL","Skim","Coolheaded","Coolheaded","Conserve Battery","Reboot","Go for the Eyes+1","Go for the Eyes+1","Self Repair","Defragment","Rebound+1","Streamline+1","All For One+1","Gash+1","Apotheosis+1","Machine Learning","Beam Cell+1","Defragment","Redo+1","Defragment+1"],"special_seed":0,"relics":["FrozenCore","Ornamental Fan","Molten Egg 2","Lizard Tail","Potion Belt","Bottled Tornado","MawBank"],"potions_floor_usage":[39,39,44,48,50],"damage_taken":[{"damage":1.0,"enemies":"Cultist","floor":1.0,"turns":4.0},{"damage":0.0,"enemies":"2 Louse","floor":3.0,"turns":3.0},{"damage":1.0,"enemies":"Jaw Worm","floor":7.0,"turns":3.0},{"damage":0.0,"enemies":"3 Louse","floor":8.0,"turns":3.0},{"damage":0.0,"enemies":"Looter","floor":10.0,"turns":3.0},{"damage":0.0,"enemies":"Large Slime","floor":13.0,"turns":3.0},{"damage":19.0,"enemies":"Lagavulin","floor":14.0,"turns":8.0},{"damage":44.0,"enemies":"Slime Boss","floor":16.0,"turns":13.0},{"damage":8.0,"enemies":"Spheric Guardian","floor":18.0,"turns":4.0},{"damage":22.0,"enemies":"Shell Parasite","floor":19.0,"turns":10.0},{"damage":17.0,"enemies":"Centurion and Healer","floor":22.0,"turns":13.0},{"damage":9.0,"enemies":"Snecko","floor":28.0,"turns":7.0},{"damage":20.0,"enemies":"Sentry and Sphere","floor":29.0,"turns":8.0},{"damage":18.0,"enemies":"Centurion and Healer","floor":31.0,"turns":16.0},{"damage":63.0,"enemies":"Automaton","floor":33.0,"turns":15.0},{"damage":5.0,"enemies":"Orb Walker","floor":35.0,"turns":6.0},{"damage":5.0,"floor":36.0,"turns":11.0},{"damage":5,"enemies":"3 Darklings","floor":37,"turns":7},{"damage":10,"enemies":"Flame Bruiser 2 Orb","floor":39,"turns":8},{"damage":31,"enemies":"4 Shapes","floor":41,"turns":7},{"damage":23,"enemies":"Sphere and 2 Shapes","floor":44,"turns":6},{"damage":0,"enemies":"3 Darklings","floor":46,"turns":7},{"damage":20,"enemies":"Flame Bruiser 2 Orb","floor":47,"turns":9},{"damage":14,"enemies":"Maw","floor":48,"turns":10},{"damage":23,"enemies":"Donu and Deca","floor":50,"turns":14}],"seed_played":"-4143048146424392411","potions_obtained":[{"floor":3.0,"key":"Swift Potion"},{"floor":7.0,"key":"FocusPotion"},{"floor":14.0,"key":"Regen Potion"},{"floor":28.0,"key":"Block Potion"},{"floor":29.0,"key":"Explosive Potion"},{"floor":33.0,"key":"GamblersBrew"},{"floor":39,"key":"Explosive Potion"},{"floor":41,"key":"Regen Potion"},{"floor":47,"key":"Regen Potion"}],"is_trial":false,"path_per_floor":["M","$","M","?","?","R","M","M","T","M","$","R","M","E","R","B",null,"M","M","$","?","M","R","?","$","T","?","M","M","?","M","R","B",null,"M","?","M","?","M","R","M","$","T","M","T","M","M","M","R","B"],"character_chosen":"DEFECT","items_purchased":["Coolheaded","Self Repair"],"campfire_rested":5,"item_purchase_floors":[11,25],"current_hp_per_floor":[74,74,74,79,68,68,67,67,67,67,67,80,80,61,80,36,80,72,50,50,50,48,72,72,72,72,72,70,57,57,46,70,14,80,80,75,77,77,74,74,53,53,53,45,45,55,42,53,77,64],"gold":199,"neow_bonus":"THREE_CARDS","is_prod":false,"is_daily":false,"chose_seed":false,"campfire_upgraded":2,"win_rate":0,"timestamp":1533049786,"path_taken":["M","$","?","?","?","R","?","M","T","M","$","R","M","E","R","BOSS","M","M","$","?","M","R","?","$","T","?","?","M","?","M","R","BOSS","M","?","M","?","M","R","M","$","T","?","?","M","M","M","R","BOSS"],"build_version":"2018-07-26","purchased_purges":5,"victory":true,"max_hp_per_floor":[75,75,75,80,80,80,80,80,80,80,80,80,80,80,80,80,80,80,80,80,80,80,80,80,80,80,80,80,80,80,80,80,80,80,80,80,80,80,80,80,80,80,80,80,80,80,80,80,80,80],"card_choices":[{"not_picked":["Blizzard","Streamline"],"picked":"Leap","floor":0.0},{"not_picked":["Hologram","Reprogram","Stack"],"picked":"SKIP","floor":1.0},{"not_picked":["Steam","Force Field"],"picked":"Blizzard","floor":3.0},{"not_picked":["Go for the Eyes","White Noise"],"picked":"Sunder","floor":7.0},{"not_picked":["Consume","Fusion"],"picked":"FTL","floor":8.0},{"not_picked":["Compile Driver","Sweeping Beam"],"picked":"Skim","floor":10.0},{"not_picked":["Cold Snap","Hologram"],"picked":"Coolheaded","floor":13.0},{"not_picked":["Meteor Strike","Rebound"],"picked":"Conserve Battery","floor":14.0},{"not_picked":["Creative AI","Rainbow"],"picked":"Reboot","floor":16.0},{"not_picked":["Genetic Algorithm+1","Undo"],"picked":"Go for the Eyes+1","floor":18.0},{"not_picked":["Tempest","Steam"],"picked":"Go for the Eyes+1","floor":19.0},{"not_picked":["Compile Driver+1","Reprogram","Cold Snap+1"],"picked":"SKIP","floor":22.0},{"not_picked":["Streamline+1","Hologram"],"picked":"Defragment","floor":28.0},{"not_picked":["Coolheaded","Cold Snap+1"],"picked":"Rebound+1","floor":29.0},{"not_picked":["Conserve Battery+1","Static Discharge"],"picked":"Streamline+1","floor":31.0},{"not_picked":["Rainbow","Biased Cognition"],"picked":"All For One+1","floor":33.0},{"not_picked":["Chill","Blizzard+1"],"picked":"Gash+1","floor":35.0},{"not_picked":["Good Instincts","Master of Strategy"],"picked":"Apotheosis","floor":36},{"not_picked":["Rip and Tear+1","Conserve Battery+1","Redo"],"picked":"SKIP","floor":37},{"not_picked":["Compile Driver+1","Streamline+1"],"picked":"Beam Cell+1","floor":39},{"not_picked":["Hologram+1","Heatsinks+1"],"picked":"Defragment","floor":41},{"not_picked":["Ball Lightning+1","Sunder+1"],"picked":"Redo+1","floor":44},{"not_picked":["Rebound+1","Static Discharge+1","Beam Cell+1"],"picked":"SKIP","floor":46},{"not_picked":["Turbo","Melter+1"],"picked":"Defragment+1","floor":47},{"not_picked":["Turbo+1","Barrage+1","Melter+1"],"picked":"SKIP","floor":48}],"player_experience":139840,"relics_obtained":[{"floor":9.0,"key":"Ornamental Fan"},{"floor":14.0,"key":"Molten Egg 2"},{"floor":26.0,"key":"Potion Belt"},{"floor":43,"key":"Bottled Tornado"},{"floor":45,"key":"MawBank"}],"event_choices":[{"event_name":"Big Fish","player_choice":"Donut","floor":4.0,"damage_taken":0.0},{"event_name":"World of Goop","player_choice":"Gather Gold","floor":5.0,"damage_taken":0.0},{"event_name":"Nest","player_choice":"Stole From Cult","floor":21.0,"damage_taken":0.0},{"event_name":"Back to Basics","player_choice":"Elegance","floor":24.0,"damage_taken":0.0},{"event_name":"The Mausoleum","player_choice":"No","floor":27.0,"damage_taken":0.0},{"event_name":"Ghosts","player_choice":"Ignored","floor":30.0,"damage_taken":0.0},{"event_name":"MindBloom","player_choice":"Fight","floor":36.0,"damage_taken":0.0},{"event_name":"SensoryStone","player_choice":"Memory 1","floor":36,"damage_taken":0},{"event_name":"Match and Keep!","player_choice":"1 cards matched","floor":38,"damage_taken":0}],"is_beta":false,"boss_relics":[{"not_picked":["Ectoplasm","Astrolabe"],"picked":"Lizard Tail"},{"not_picked":["Busted Crown","Sozu"],"picked":"FrozenCore"}],"items_purged_floors":[2,11,20,25,42],"is_endless":false,"potions_floor_spawned":[3,7,14,28,29,33,36,39,41,47],"ascension_level":1}