{"path_per_floor":["M","$","M","?","?","E","R","M","T","T","R","$","R","?","R","B",null,"M","M","?"],"character_chosen":"IRONCLAD","items_purchased":["Shrug It Off","Thunderclap"],"gold_per_floor":[111,62,81,81,81,111,111,128,128,128,128,78,78,78,78,173,173,187,200,200,200],"floor_reached":21,"campfire_rested":0,"playtime":1694,"current_hp_per_floor":[74,74,75,68,68,60,60,55,55,55,55,55,55,55,55,10,80,57,39,23,6],"items_purged":[],"gold":200,"score":175,"play_id":"8bae595c-5845-45f6-8d0e-a169511f4832","local_time":"20180409050611","is_prod":false,"is_daily":false,"is_ascension_mode":false,"campfire_upgraded":4,"timestamp":1523271971,"path_taken":["M","?","M","?","?","E","R","?","T","?","R","$","R","?","R","BOSS","M","M","?","M"],"build_version":"2018-04-05v2","purchased_purges":0,"victory":false,"master_deck":["Strike_R","Strike_R","Strike_R","Strike_R","Strike_R","Defend_R","Defend_R","Defend_R","Defend_R","Bash+1","Twin Strike","Shrug It Off+1","Twin Strike","Armaments+1","Dark Embrace","Anger+1","Limit Break+1","Thunderclap+1","Limit Break+1","Body Slam","Fire Breathing"],"max_hp_per_floor":[80,80,80,80,80,80,80,80,80,80,80,80,80,80,80,80,80,80,80,80,80],"relics":["Burning Blood","Toxic Egg 2","Omamori","Centennial Puzzle","Bag of Preparation","Paper Frog","White Beast Statue"],"card_choices":[{"not_picked":["True Grit","Feel No Pain"],"picked":"Twin Strike","floor":1},{"not_picked":["Clothesline","Entrench"],"picked":"Twin Strike","floor":3},{"not_picked":["Fire Breathing","Dropkick"],"picked":"Anger","floor":6},{"not_picked":["Flame Barrier","Clothesline"],"picked":"Limit Break","floor":8},{"not_picked":["Barricade","Dark Embrace"],"picked":"Limit Break","floor":16},{"not_picked":["Armaments","Pommel Strike"],"picked":"Body Slam","floor":18},{"not_picked":["Metallicize","Armaments"],"picked":"Fire Breathing","floor":19}],"player_experience":111835,"potions_floor_usage":[16,18,19],"damage_taken":[{"damage":12,"enemies":"Cultist","floor":1,"turns":5},{"damage":5,"enemies":"2 Louse","floor":3,"turns":3},{"damage":14,"enemies":"3 Sentries","floor":6,"turns":10},{"damage":11,"enemies":"Jaw Worm","floor":8,"turns":2},{"damage":51,"enemies":"The Guardian","floor":16,"turns":11},{"damage":29,"enemies":"Chosen","floor":18,"turns":6},{"damage":24,"enemies":"Shell Parasite","floor":19,"turns":6},{"damage":17,"enemies":"Centurion and Healer","floor":21,"turns":2}],"event_choices":[{"event_name":"Scrap Ooze","player_choice":"success","floor":4,"damage_taken":7},{"event_name":"Match and Keep!","player_choice":"2 cards matched","floor":5,"damage_taken":0},{"event_name":"Big Fish","player_choice":"Box","floor":14,"damage_taken":0},{"event_name":"Cursed Tome","player_choice":"Obtained Book","floor":20,"damage_taken":0}],"boss_relics":[{"not_picked":["Ectoplasm","Lizard Tail"],"picked":"White Beast Statue"}],"potions_floor_spawned":[8,16,18,19],"seed_played":"4856069086251681860","killed_by":"Centurion and Healer","ascension_level":0,"is_trial":false}