{"gold_per_floor":[110,126,201,166,185,212,222,247,247,263,263,263,26,44,44,147,147,157,10,20,20,20,20,47,59,147,159,191,236,263,292,304,414,426,454,486,509,532,254,254,274,294,369,398,398,428,445,445,445,445,445,445,8,35,35],"floor_reached":56,"playtime":5308,"items_purged":["Strike_B","Strike_B","Strike_B"],"score":1413,"play_id":"0055d0ba-066a-491e-8a10-0889a2698cc2","local_time":"20190202014515","is_ascension_mode":true,"campfire_choices":[{"floor":12,"key":"REST"},{"data":"Zap","floor":15,"key":"SMITH"},{"data":"Secret Weapon","floor":23,"key":"SMITH"},{"data":"Redo","floor":25,"key":"SMITH"},{"floor":27,"key":"RECALL"},{"data":"Machine Learning","floor":32,"key":"SMITH"},{"data":"Scrape","floor":40,"key":"SMITH"},{"floor":45,"key":"REST"},{"floor":49,"key":"REST"},{"data":"Dualcast","floor":52,"key":"SMITH"}],"neow_cost":"NONE","seed_source_timestamp":251053477072991,"circlet_count":0,"master_deck":["Strike_B","Defend_B","Defend_B","Defend_B","Defend_B","Zap+1","Dualcast+1","Scrape+1","Chaos","Scrape","Go for the Eyes","Genetic Algorithm","Gash","Gash","Secret Weapon+1","Hologram","Fission+1","Conserve Battery+1","Gash","Coolheaded+1","Redo+1","Gash","Machine Learning+1","Reprogram","All For One","Genetic Algorithm+1","Leap","Scrape","Rebound","Master of Strategy+1","Defragment+1","Hologram","Rebound+1","Rebound+1","Redo+1","Finesse","Beam Cell+1","Stack+1"],"relics":["Cracked Core","Oddly Smooth Stone","Turnip","Symbiotic Virus","Nuclear Battery","Kunai","MawBank","Mercury Hourglass","Du-Vu Doll","Inserter","Molten Egg 2","War Paint","Cables","Pen Nib","Anchor","Centennial Puzzle"],"potions_floor_usage":[6,10,16,16,24,33,33,35,44,55],"damage_taken":[{"damage":0,"enemies":"Jaw Worm","floor":1,"turns":3},{"damage":4,"enemies":"Small Slimes","floor":2,"turns":3},{"damage":0,"enemies":"2 Louse","floor":5,"turns":2},{"damage":27,"enemies":"3 Sentries","floor":6,"turns":7},{"damage":13,"enemies":"Exordium Wildlife","floor":7,"turns":3},{"damage":19,"enemies":"Lagavulin","floor":8,"turns":7},{"damage":0,"enemies":"Red Slaver","floor":10,"turns":3},{"damage":1,"enemies":"Blue Slaver","floor":14,"turns":3},{"damage":4,"enemies":"The Guardian","floor":16,"turns":8},{"damage":6,"enemies":"Shell Parasite","floor":18,"turns":4},{"damage":0,"enemies":"Spheric Guardian","floor":20,"turns":3},{"damage":7,"enemies":"Gremlin Leader","floor":24,"turns":5},{"damage":0,"enemies":"Centurion and Healer","floor":28,"turns":5},{"damage":4,"enemies":"Book of Stabbing","floor":29,"turns":4},{"damage":0,"enemies":"Cultist and Chosen","floor":30,"turns":4},{"damage":0,"enemies":"Sentry and Sphere","floor":31,"turns":3},{"damage":0,"enemies":"Collector","floor":33,"turns":10},{"damage":4,"enemies":"Orb Walker","floor":35,"turns":3},{"damage":14,"enemies":"3 Darklings","floor":36,"turns":3},{"damage":0,"enemies":"Maw","floor":37,"turns":4},{"damage":6,"enemies":"Spire Growth","floor":38,"turns":4},{"damage":0,"enemies":"Sphere and 2 Shapes","floor":41,"turns":3},{"damage":0,"enemies":"4 Shapes","floor":42,"turns":3},{"damage":21,"enemies":"Reptomancer","floor":44,"turns":7},{"damage":0,"enemies":"Giant Head","floor":46,"turns":4},{"damage":0,"enemies":"Transient","floor":47,"turns":5},{"damage":48,"enemies":"Time Eater","floor":50,"turns":8},{"damage":11,"enemies":"Shield and Spear","floor":54,"turns":3},{"damage":49,"enemies":"The Heart","floor":55,"turns":6}],"seed_played":"5351182308581212463","potions_obtained":[{"floor":1,"key":"PowerPotion"},{"floor":6,"key":"LiquidBronze"},{"floor":8,"key":"SkillPotion"},{"floor":14,"key":"EssenceOfSteel"},{"floor":16,"key":"Poison Potion"},{"floor":18,"key":"GamblersBrew"},{"floor":29,"key":"EssenceOfSteel"},{"floor":30,"key":"SkillPotion"},{"floor":31,"key":"FocusPotion"},{"floor":38,"key":"Swift Potion"},{"floor":41,"key":"SneckoOil"},{"floor":42,"key":"Poison Potion"}],"is_trial":false,"path_per_floor":["M","M","?","?","M","E","M","E","T","M","?","R","$","M","R","B",null,"M","$","M","T","?","R","E","R","T","R","M","E","M","M","R","B",null,"M","M","M","M","$","R","M","M","T","E","R","E","M","?","R","B",null,"R","$","E","B",null],"character_chosen":"DEFECT","items_purchased":["Secret Weapon","Gash","Master of Strategy","Pen Nib","Anchor","Finesse","Beam Cell+1"],"campfire_rested":3,"item_purchase_floors":[13,19,39,53,53,53,53],"current_hp_per_floor":[75,71,60,75,75,48,35,16,16,16,16,38,38,37,37,33,75,69,69,69,69,69,69,62,62,62,62,62,58,58,58,58,58,75,71,57,57,51,51,51,51,51,51,30,52,52,52,52,74,26,75,75,75,64,15],"gold":35,"neow_bonus":"RANDOM_COMMON_RELIC","is_prod":false,"is_daily":false,"chose_seed":false,"campfire_upgraded":6,"win_rate":0,"timestamp":1549039515,"path_taken":["M","M","?","?","M","E","M","E","T","M","?","R","$","?","R","BOSS","M","$","M","?","?","R","E","R","T","R","?","E","M","M","R","BOSS","M","M","M","M","$","R","M","M","T","E","R","E","M","?","R","BOSS","R","$","E","BOSS"],"build_version":"2019-01-23","purchased_purges":3,"victory":true,"max_hp_per_floor":[75,75,75,75,75,75,75,75,75,75,75,75,75,75,75,75,75,75,75,75,75,75,75,75,75,75,75,75,75,75,75,75,75,75,75,75,75,75,75,75,75,75,75,75,75,75,75,75,75,75,75,75,75,75,75],"card_choices":[{"not_picked":["Stack","Hologram"],"picked":"Scrape","floor":1},{"not_picked":["Cold Snap","Sweeping Beam"],"picked":"Chaos","floor":2},{"not_picked":["Compile Driver","Hologram"],"picked":"Scrape","floor":5},{"not_picked":["Turbo","Reprogram"],"picked":"Go for the Eyes","floor":6},{"not_picked":["Steam Power","Turbo"],"picked":"Genetic Algorithm","floor":7},{"not_picked":["Defragment","Leap"],"picked":"Gash","floor":8},{"not_picked":["Chill","Redo"],"picked":"Gash","floor":10},{"not_picked":["Genetic Algorithm","Steam"],"picked":"Hologram","floor":14},{"not_picked":["Buffer","Meteor Strike"],"picked":"Fission","floor":16},{"not_picked":["Redo","Chaos"],"picked":"Conserve Battery","floor":18},{"not_picked":["Undo","Fusion"],"picked":"Coolheaded+1","floor":20},{"not_picked":["Static Discharge","Cold Snap"],"picked":"Redo","floor":24},{"not_picked":["Beam Cell","Steam"],"picked":"Gash","floor":28},{"not_picked":["Beam Cell","Conserve Battery"],"picked":"Machine Learning","floor":29},{"not_picked":["Streamline+1","Go for the Eyes"],"picked":"Reprogram","floor":30},{"not_picked":["Skim","Fusion+1"],"picked":"Hologram","floor":31},{"not_picked":["Machine Learning","Core Surge"],"picked":"All For One","floor":33},{"not_picked":["Streamline+1","Hello World+1"],"picked":"Genetic Algorithm+1","floor":35},{"not_picked":["Redo","Force Field"],"picked":"Leap","floor":36},{"not_picked":["Steam","Rebound"],"picked":"Scrape","floor":37},{"not_picked":["Tempest","Conserve Battery"],"picked":"Rebound","floor":38},{"not_picked":["Coolheaded+1","Beam Cell"],"picked":"Defragment+1","floor":41},{"not_picked":["Leap+1","Sunder"],"picked":"Hologram","floor":42},{"not_picked":["Barrage+1","Buffer"],"picked":"Rebound+1","floor":44},{"not_picked":["Barrage+1","Compile Driver+1"],"picked":"Rebound+1","floor":46},{"not_picked":["Streamline+1","Sweeping Beam+1"],"picked":"Redo+1","floor":47},{"not_picked":["Capacitor","Ball Lightning+1"],"picked":"Stack+1","floor":54}],"player_experience":156278,"relics_obtained":[{"floor":6,"key":"Turnip"},{"floor":8,"key":"Symbiotic Virus"},{"floor":21,"key":"Kunai"},{"floor":24,"key":"MawBank"},{"floor":26,"key":"Mercury Hourglass"},{"floor":29,"key":"Du-Vu Doll"},{"floor":43,"key":"Molten Egg 2"},{"floor":44,"key":"War Paint"},{"floor":46,"key":"Cables"},{"floor":54,"key":"Centennial Puzzle"}],"event_choices":[{"damage_healed":0,"gold_gain":75,"player_choice":"Gather Gold","damage_taken":11,"max_hp_gain":0,"max_hp_loss":0,"event_name":"World of Goop","floor":3,"gold_loss":0},{"damage_healed":18,"gold_gain":0,"player_choice":"Healed","damage_taken":0,"max_hp_gain":0,"max_hp_loss":0,"event_name":"The Cleric","floor":4,"gold_loss":35},{"damage_healed":0,"gold_gain":0,"player_choice":"Searched \u00271\u0027 times","damage_taken":0,"max_hp_gain":0,"max_hp_loss":0,"event_name":"Dead Adventurer","floor":11,"gold_loss":0},{"damage_healed":0,"gold_gain":0,"player_choice":"Forge","damage_taken":0,"max_hp_gain":0,"max_hp_loss":0,"event_name":"Accursed Blacksmith","floor":22,"gold_loss":0,"cards_upgraded":["Fission"]},{"cards_removed":["Hologram"],"damage_healed":0,"gold_gain":0,"player_choice":"Removed Skill","damage_taken":0,"max_hp_gain":0,"max_hp_loss":0,"event_name":"Falling","floor":48,"gold_loss":0}],"is_beta":false,"boss_relics":[{"not_picked":["Cursed Key","Runic Pyramid"],"picked":"Nuclear Battery"},{"not_picked":["Calling Bell","Lizard Tail"],"picked":"Inserter"}],"items_purged_floors":[13,19,39],"is_endless":false,"potions_floor_spawned":[1,6,8,14,16,18,29,30,31,38,41,42],"ascension_level":1}