{"gold_per_floor":[118,118,18,35,51,83,83,83,109,109,134,195,212,212,212,307,307,319,333,333,333,433,433,459,475,475,475,574,584,584,180,180,279,279,295,295,295,312,359,359,165,135,187,201,212,246,246,261,261,261],"floor_reached":51,"playtime":1554,"items_purged":[],"score":1030,"play_id":"c0e8f61e-b879-40f2-a954-47da787a43f7","local_time":"20190106125650","is_ascension_mode":true,"campfire_choices":[{"data":"Perfected Strike","floor":8,"key":"SMITH"},{"data":"Bash","floor":10,"key":"SMITH"},{"data":"1","floor":15,"key":"LIFT"},{"floor":23,"key":"REST"},{"data":"2","floor":30,"key":"LIFT"},{"data":"Armaments","floor":32,"key":"SMITH"},{"data":"3","floor":40,"key":"LIFT"},{"floor":47,"key":"REST"},{"data":"Limit Break","floor":49,"key":"SMITH"}],"neow_cost":"NONE","seed_source_timestamp":1388490233449845,"circlet_count":0,"master_deck":["Strike_R+1","Strike_R","Strike_R","Strike_R","Strike_R","Defend_R","Defend_R","Defend_R","Defend_R","Pommel Strike","Perfected Strike+1","Wild Strike+1","Pommel Strike","Perfected Strike+1","Flame Barrier","Double Tap","Wild Strike+1","Spot Weakness","Necronomicurse","Wild Strike","Carnage+1","Limit Break+1","Metallicize","Armaments+1","Offering","Uppercut+1","True Grit+1"],"relics":["Black Blood","Juzu Bracelet","Potion Belt","Whetstone","Girya","Gremlin Horn","Lizard Tail","Necronomicon","Thread and Needle","The Courier","Pen Nib","Bottled Flame","Dodecahedron","Tiny Chest","Smiling Mask","Orichalcum","Toxic Egg 2","Dream Catcher","Ancient Tea Set"],"potions_floor_usage":[11,24,33,33,48,48,50,50,50,50],"damage_taken":[{"damage":7,"enemies":"Small Slimes","floor":1,"turns":3},{"damage":8,"enemies":"2 Louse","floor":4,"turns":3},{"damage":1,"enemies":"Cultist","floor":5,"turns":3},{"damage":29,"enemies":"Gremlin Nob","floor":6,"turns":4},{"damage":20,"enemies":"3 Sentries","floor":11,"turns":5},{"damage":20,"enemies":"Lagavulin Event","floor":12,"turns":3},{"damage":0,"enemies":"Large Slime","floor":13,"turns":2},{"damage":60,"enemies":"Hexaghost","floor":16,"turns":8},{"damage":21,"enemies":"Shell Parasite","floor":18,"turns":3},{"damage":0,"enemies":"3 Byrds","floor":19,"turns":3},{"damage":14,"enemies":"Colosseum Slavers","floor":22,"turns":2},{"damage":0,"enemies":"Colosseum Nobs","floor":22,"turns":2},{"damage":7,"enemies":"Slavers","floor":24,"turns":3},{"damage":0,"enemies":"Snecko","floor":25,"turns":3},{"damage":0,"enemies":"Sentry and Sphere","floor":29,"turns":2},{"damage":14,"enemies":"Collector","floor":33,"turns":3},{"damage":16,"enemies":"3 Darklings","floor":35,"turns":5},{"damage":0,"enemies":"3 Shapes","floor":38,"turns":2},{"damage":0,"enemies":"Maw","floor":44,"turns":3},{"damage":0,"enemies":"Spire Growth","floor":45,"turns":2},{"damage":14,"enemies":"Giant Head","floor":46,"turns":5},{"damage":1,"enemies":"Transient","floor":48,"turns":5},{"damage":133,"enemies":"Awakened One","floor":50,"turns":13}],"seed_played":"-7335807056012488412","potions_obtained":[{"floor":6,"key":"Fire Potion"},{"floor":11,"key":"EssenceOfSteel"},{"floor":16,"key":"SteroidPotion"},{"floor":18,"key":"Dexterity Potion"},{"floor":24,"key":"SkillPotion"},{"floor":33,"key":"EssenceOfSteel"},{"floor":38,"key":"SteroidPotion"},{"floor":42,"key":"AttackPotion"},{"floor":42,"key":"AttackPotion"},{"floor":48,"key":"Fire Potion"}],"is_trial":false,"path_per_floor":["M","?","?","M","M","E","?","R","T","R","E","?","M","?","R","B",null,"M","M","?","?","?","R","E","M","T","?","?","M","R","$","R","B",null,"M","?","T","M","T","R","$","?","T","M","M","E","R","M","R","B",null],"character_chosen":"IRONCLAD","items_purchased":["Metallicize","Armaments","Dodecahedron","Tiny Chest","Toxic Egg 2"],"campfire_rested":2,"item_purchase_floors":[31,31,31,31,41],"current_hp_per_floor":[79,79,79,77,82,59,88,88,88,88,74,60,66,66,66,12,69,54,60,60,44,42,68,67,73,73,73,73,79,79,79,79,71,84,78,78,78,88,88,88,88,88,88,88,88,84,88,88,88,17],"gold":261,"neow_bonus":"TEN_PERCENT_HP_BONUS","is_prod":false,"is_daily":false,"chose_seed":false,"campfire_upgraded":4,"win_rate":0,"timestamp":1546775810,"path_taken":["M","?","?","M","M","E","?","R","T","R","E","?","M","?","R","BOSS","M","M","?","?","?","R","E","M","T","?","?","M","R","$","R","BOSS","M","?","?","M","?","R","$","?","T","M","M","E","R","M","R","BOSS"],"build_version":"2019-01-03v4","purchased_purges":0,"victory":true,"max_hp_per_floor":[88,88,88,88,88,88,88,88,88,88,88,88,88,88,88,88,88,88,88,88,88,88,88,88,88,88,88,88,88,88,88,88,88,88,88,88,88,88,88,88,88,88,88,88,88,88,88,88,88,88],"card_choices":[{"not_picked":["Warcry","Thunderclap"],"picked":"Pommel Strike","floor":1},{"not_picked":["Thunderclap","Metallicize"],"picked":"Perfected Strike","floor":4},{"not_picked":["Armaments","Clothesline"],"picked":"Wild Strike","floor":5},{"not_picked":["Headbutt","Flex"],"picked":"Pommel Strike","floor":6},{"not_picked":["Immolate","Heavy Blade"],"picked":"Perfected Strike","floor":11},{"not_picked":["Heavy Blade","Body Slam"],"picked":"Flame Barrier","floor":13},{"not_picked":["Exhume","Bludgeon"],"picked":"Double Tap","floor":16},{"not_picked":["Iron Wave","True Grit"],"picked":"Wild Strike+1","floor":18},{"not_picked":["Whirlwind","Combust+1"],"picked":"Spot Weakness","floor":19},{"not_picked":["Infernal Blade","Corruption"],"picked":"Wild Strike","floor":22},{"not_picked":["Heavy Blade","Uppercut"],"picked":"Carnage+1","floor":24},{"not_picked":["Havoc","Heavy Blade","Fire Breathing+1"],"picked":"SKIP","floor":25},{"not_picked":["Cleave+1","Havoc"],"picked":"Limit Break","floor":29},{"not_picked":["Feed","Double Tap"],"picked":"Offering","floor":33},{"not_picked":["Cleave+1","Armaments+1"],"picked":"Uppercut+1","floor":35},{"not_picked":["Feel No Pain+1","Twin Strike+1","Warcry"],"picked":"SKIP","floor":38},{"not_picked":["Warcry+1","Cleave","Clothesline"],"picked":"SKIP","floor":44},{"not_picked":["Flex+1","Whirlwind+1","Intimidate+1"],"picked":"SKIP","floor":45},{"not_picked":["Warcry+1","Iron Wave"],"picked":"True Grit+1","floor":46},{"not_picked":["Reckless Charge+1","Corruption","Thunderclap+1"],"picked":"SKIP","floor":48}],"player_experience":259357,"relics_obtained":[{"floor":6,"key":"Potion Belt"},{"floor":9,"key":"Whetstone"},{"floor":11,"key":"Girya"},{"floor":12,"key":"Gremlin Horn"},{"floor":21,"key":"Necronomicon"},{"floor":22,"key":"Thread and Needle"},{"floor":22,"key":"The Courier"},{"floor":24,"key":"Pen Nib"},{"floor":26,"key":"Bottled Flame"},{"floor":37,"key":"Smiling Mask"},{"floor":39,"key":"Orichalcum"},{"floor":43,"key":"Dream Catcher"},{"floor":46,"key":"Ancient Tea Set"}],"event_choices":[{"damage_healed":0,"gold_gain":0,"player_choice":"Ignored","damage_taken":0,"max_hp_gain":0,"max_hp_loss":0,"event_name":"Liars Game","floor":2,"gold_loss":0},{"damage_healed":0,"gold_gain":0,"player_choice":"Paid Gold","damage_taken":0,"relics_obtained":["Juzu Bracelet"],"max_hp_gain":0,"max_hp_loss":0,"event_name":"WeMeetAgain","floor":3,"gold_loss":100},{"damage_healed":29,"gold_gain":0,"player_choice":"Banana","damage_taken":0,"max_hp_gain":0,"max_hp_loss":0,"event_name":"Big Fish","floor":7,"gold_loss":0},{"damage_healed":0,"gold_gain":0,"player_choice":"Searched \u00271\u0027 times","damage_taken":0,"max_hp_gain":0,"max_hp_loss":0,"event_name":"Dead Adventurer","floor":12,"gold_loss":0},{"damage_healed":0,"gold_gain":0,"player_choice":"Grow","damage_taken":0,"max_hp_gain":0,"max_hp_loss":0,"event_name":"Living Wall","floor":14,"gold_loss":0,"cards_upgraded":["Perfected Strike"]},{"damage_healed":0,"gold_gain":0,"player_choice":"Ignored","damage_taken":0,"max_hp_gain":0,"max_hp_loss":0,"event_name":"Beggar","floor":20,"gold_loss":0},{"damage_healed":0,"gold_gain":0,"player_choice":"Obtained Book","damage_taken":16,"max_hp_gain":0,"max_hp_loss":0,"event_name":"Cursed Tome","floor":21,"gold_loss":0},{"damage_healed":0,"gold_gain":0,"player_choice":"Fight","damage_taken":0,"max_hp_gain":0,"max_hp_loss":0,"event_name":"Colosseum","floor":22,"gold_loss":0},{"damage_healed":0,"gold_gain":0,"player_choice":"Fought Nobs","damage_taken":0,"max_hp_gain":0,"max_hp_loss":0,"event_name":"Colosseum","floor":22,"gold_loss":0},{"damage_healed":0,"gold_gain":0,"player_choice":"Ignored","damage_taken":0,"max_hp_gain":0,"max_hp_loss":0,"event_name":"Vampires","floor":27,"gold_loss":0},{"damage_healed":0,"gold_gain":99,"player_choice":"Stole From Cult","damage_taken":0,"max_hp_gain":0,"max_hp_loss":0,"event_name":"Nest","floor":28,"gold_loss":0},{"cards_removed":["Bash"],"damage_healed":0,"gold_gain":0,"player_choice":"Removed Attack","damage_taken":0,"max_hp_gain":0,"max_hp_loss":0,"event_name":"Falling","floor":36,"gold_loss":0},{"damage_healed":0,"gold_gain":0,"player_choice":"Bought 2 Potions","damage_taken":0,"max_hp_gain":0,"max_hp_loss":0,"event_name":"The Woman in Blue","floor":42,"gold_loss":0}],"is_beta":false,"boss_relics":[{"not_picked":["Busted Crown","Coffee Dripper"],"picked":"Lizard Tail"},{"not_picked":["Snecko Eye","Tiny House"],"picked":"Black Blood"}],"items_purged_floors":[],"is_endless":false,"potions_floor_spawned":[6,11,16,18,24,33,38,48],"ascension_level":9}