{"gold_per_floor":[144,144,144,189,234,324,324,369,369,369,44,89,134,179,179,479,479,524,569,614,659,659,659,749,749,749,794,839,839,43,43,43,43],"floor_reached":33,"playtime":2035,"items_purged":["Defend_R","Defend_G"],"score":321,"play_id":"c307c4c4-4bc5-4550-b2cd-e73baf12ed2e","local_time":"20190105113715","daily_mods":["Chimera","Uncertain Future","Midas"],"is_ascension_mode":false,"campfire_choices":[{"floor":7,"key":"REST"},{"floor":10,"key":"REST"},{"floor":15,"key":"REST"},{"floor":23,"key":"REST"},{"floor":25,"key":"REST"},{"floor":32,"key":"REST"}],"neow_cost":"","seed_source_timestamp":0,"circlet_count":0,"master_deck":["Bash","Survivor","Zap","Defend_B+1","Outmaneuver","Quick Slash","Acrobatics","Backflip","Wraith Form v2+1","Prepared","Underhanded Strike","Sucker Punch","Tools of the Trade+1","Riddle With Holes+1","PiercingWail+1","Bullet Time","Bite","Bite","Bite","Bite","Bite","Adrenaline","Leg Sweep","Backflip+1","Footwork+1","Footwork+1"],"special_seed":17901,"relics":["Ring of the Snake","Frozen Egg 2","Letter Opener","Meat on the Bone","Velvet Choker","Boot","The Courier","HandDrill","Ornamental Fan","Torii","Orichalcum"],"potions_floor_usage":[6,16,16,27,33],"damage_taken":[{"damage":2,"enemies":"Cultist","floor":1,"turns":4},{"damage":0,"enemies":"Small Slimes","floor":4,"turns":3},{"damage":0,"enemies":"Jaw Worm","floor":5,"turns":5},{"damage":26,"enemies":"Lagavulin","floor":6,"turns":8},{"damage":2,"enemies":"Exordium Wildlife","floor":8,"turns":5},{"damage":5,"enemies":"2 Fungi Beasts","floor":12,"turns":4},{"damage":0,"enemies":"Large Slime","floor":13,"turns":7},{"damage":2,"enemies":"Blue Slaver","floor":14,"turns":4},{"damage":49,"enemies":"The Guardian","floor":16,"turns":11},{"damage":17,"enemies":"Spheric Guardian","floor":18,"turns":4},{"damage":0,"enemies":"Shell Parasite","floor":19,"turns":5},{"damage":2,"enemies":"Snecko","floor":20,"turns":6},{"damage":0,"enemies":"Snake Plant","floor":21,"turns":4},{"damage":43,"enemies":"Slavers","floor":24,"turns":6},{"damage":28,"enemies":"Centurion and Healer","floor":27,"turns":9},{"damage":15,"enemies":"Shelled Parasite and Fungi","floor":28,"turns":8},{"damage":64,"enemies":"Automaton","floor":33,"turns":12}],"seed_played":"4277757570811761034","potions_obtained":[{"floor":4,"key":"Block Potion"},{"floor":5,"key":"Swift Potion"},{"floor":6,"key":"Energy Potion"},{"floor":8,"key":"AttackPotion"},{"floor":16,"key":"Regen Potion"},{"floor":19,"key":"Dexterity Potion"}],"is_trial":false,"path_per_floor":["M","?","?","M","M","E","R","M","T","R","$","M","M","M","R","B",null,"M","M","M","M","?","R","E","R","T","M","M","?","$","T","R","B"],"character_chosen":"THE_SILENT","items_purchased":["Meat on the Bone","Footwork+1","Footwork+1","HandDrill","Ornamental Fan","Torii"],"campfire_rested":6,"item_purchase_floors":[11,30,30,30,30,30],"current_hp_per_floor":[68,54,54,54,54,28,49,47,47,68,68,63,63,61,70,33,70,53,53,51,51,49,49,28,42,42,47,40,40,40,40,49,0],"gold":43,"neow_bonus":"","is_prod":false,"is_daily":true,"chose_seed":false,"campfire_upgraded":0,"win_rate":0,"timestamp":1546684635,"path_taken":["M","?","?","M","M","E","R","M","T","R","$","?","M","M","R","BOSS","M","M","M","M","?","R","E","R","T","M","M","?","$","?","R","BOSS"],"build_version":"2019-01-03v4","purchased_purges":2,"victory":false,"max_hp_per_floor":[70,70,70,70,70,70,70,70,70,70,70,70,70,70,70,70,70,70,70,70,70,49,49,49,49,49,49,49,49,49,49,49,49],"card_choices":[{"not_picked":["Dodge and Roll","Expertise"],"picked":"Outmaneuver","floor":1},{"not_picked":["PiercingWail","Finisher"],"picked":"Quick Slash","floor":4},{"not_picked":["Riddle With Holes","Dagger Spray"],"picked":"Acrobatics","floor":5},{"not_picked":["Underhanded Strike","Sucker Punch"],"picked":"Backflip","floor":6},{"not_picked":["Sucker Punch","Dagger Throw"],"picked":"Wraith Form v2+1","floor":8},{"not_picked":["Backflip","Dodge and Roll"],"picked":"Prepared","floor":12},{"not_picked":["Slice","Dagger Throw"],"picked":"Underhanded Strike","floor":13},{"not_picked":["Blade Dance","Riddle With Holes"],"picked":"Sucker Punch","floor":14},{"not_picked":["Venomology","Envenom+1"],"picked":"Tools of the Trade+1","floor":16},{"not_picked":["Crippling Poison","Underhanded Strike"],"picked":"Riddle With Holes+1","floor":18},{"not_picked":["Dagger Throw","Sucker Punch","Accuracy+1"],"picked":"SKIP","floor":19},{"not_picked":["Acrobatics","Reflex"],"picked":"PiercingWail+1","floor":20},{"not_picked":["Backflip","Acrobatics+1"],"picked":"Bullet Time","floor":21},{"not_picked":["Quick Slash","Bane"],"picked":"Adrenaline","floor":24},{"not_picked":["Dagger Throw","Blade Dance"],"picked":"Leg Sweep","floor":27},{"not_picked":["Concentrate","Outmaneuver"],"picked":"Backflip+1","floor":28}],"player_experience":105836,"relics_obtained":[{"floor":6,"key":"Frozen Egg 2"},{"floor":9,"key":"Letter Opener"},{"floor":24,"key":"Boot"},{"floor":26,"key":"The Courier"},{"floor":31,"key":"Orichalcum"}],"event_choices":[{"damage_healed":0,"gold_gain":0,"player_choice":"Entered Light","damage_taken":14,"max_hp_gain":0,"max_hp_loss":0,"event_name":"Shining Light","floor":2,"gold_loss":0,"cards_upgraded":["Strike_R","Defend_B"]},{"cards_removed":["Strike_G"],"damage_healed":0,"gold_gain":0,"player_choice":"Offered Basic","damage_taken":0,"max_hp_gain":0,"max_hp_loss":0,"event_name":"Bonfire Elementals","floor":3,"gold_loss":0},{"damage_healed":0,"gold_gain":0,"player_choice":"Became a vampire","damage_taken":0,"max_hp_gain":0,"max_hp_loss":21,"event_name":"Vampires","floor":22,"gold_loss":0,"cards_obtained":["Bite","Bite","Bite","Bite","Bite"]},{"damage_healed":0,"gold_gain":0,"player_choice":"Ignored","damage_taken":0,"max_hp_gain":0,"max_hp_loss":0,"event_name":"The Mausoleum","floor":29,"gold_loss":0}],"is_beta":false,"boss_relics":[{"not_picked":["White Beast Statue","Eternal Feather"],"picked":"Velvet Choker"}],"items_purged_floors":[11,30],"is_endless":false,"potions_floor_spawned":[4,5,6,8,16,19,21,24],"killed_by":"Automaton","ascension_level":0}