{"gold_per_floor":[118,193,217,217,235,270,283,308,308,308,321,337,353,387,387,483,533,547,561,579,679,679,679,679],"floor_reached":24,"playtime":1141,"items_purged":[],"score":292,"play_id":"c2100be2-051c-4c3e-805a-628310973f24","local_time":"20181010213422","is_ascension_mode":true,"campfire_choices":[{"data":"Flex","floor":15,"key":"SMITH"},{"data":"Armaments","floor":23,"key":"SMITH"}],"neow_cost":"NONE","seed_source_timestamp":886151552233222,"circlet_count":0,"master_deck":["Strike_R+1","Strike_R","Strike_R","Strike_R+1","Defend_R","Defend_R","Defend_R","Defend_R","Bash","Flex+1","Sword Boomerang","Cleave+1","Headbutt","Flex+1","Thunderclap","Corruption","Twin Strike","Impervious","Rage","Dropkick+1","Armaments+1","Inflame"],"relics":["Burning Blood","NeowsBlessing","Whetstone","Nunchaku","Mercury Hourglass","Pear","Pantograph","Tiny House","Gambling Chip","Question Card"],"potions_floor_usage":[8,11,14,14,16,21,21],"damage_taken":[{"damage":0,"enemies":"Small Slimes","floor":1,"turns":1},{"damage":0,"enemies":"Jaw Worm","floor":5,"turns":1},{"damage":0,"enemies":"3 Sentries","floor":6,"turns":1},{"damage":0,"enemies":"Cultist","floor":7,"turns":2},{"damage":20,"enemies":"Lagavulin","floor":8,"turns":5},{"damage":9,"enemies":"Exordium Thugs","floor":11,"turns":3},{"damage":10,"enemies":"Large Slime","floor":12,"turns":4},{"damage":8,"enemies":"Blue Slaver","floor":13,"turns":2},{"damage":22,"enemies":"3 Sentries","floor":14,"turns":3},{"damage":41,"enemies":"The Guardian","floor":16,"turns":6},{"damage":15,"enemies":"3 Byrds","floor":18,"turns":4},{"damage":7,"enemies":"Chosen","floor":19,"turns":3},{"damage":9,"enemies":"Centurion and Healer","floor":20,"turns":4},{"damage":24,"enemies":"Colosseum Slavers","floor":21,"turns":5},{"damage":38,"enemies":"Colosseum Nobs","floor":21,"turns":6},{"damage":65,"enemies":"Book of Stabbing","floor":24,"turns":5}],"seed_played":"-7286905850560368499","potions_obtained":[{"floor":5,"key":"PowerPotion"},{"floor":8,"key":"Block Potion"},{"floor":12,"key":"LiquidBronze"},{"floor":13,"key":"Strength Potion"},{"floor":14,"key":"PowerPotion"},{"floor":17,"key":"EssenceOfSteel"},{"floor":18,"key":"Weak Potion"}],"is_trial":false,"path_per_floor":["M","?","T","?","M","E","M","E","T","?","M","M","M","E","R","B",null,"M","M","M","?","?","R"],"character_chosen":"IRONCLAD","items_purchased":[],"campfire_rested":0,"item_purchase_floors":[],"current_hp_per_floor":[80,69,69,69,75,80,80,66,76,76,73,69,67,51,51,41,95,86,85,82,32,63,63,0],"gold":679,"neow_bonus":"THREE_ENEMY_KILL","is_prod":false,"is_daily":false,"chose_seed":false,"campfire_upgraded":2,"win_rate":0,"timestamp":1539200062,"path_taken":["M","?","?","?","M","E","?","E","T","?","M","?","?","E","R","BOSS","M","?","M","?","?","R","E"],"build_version":"2018-10-04v2","purchased_purges":0,"victory":false,"max_hp_per_floor":[80,80,80,80,80,80,80,80,90,90,90,90,90,90,90,90,95,95,95,95,95,95,95,95],"card_choices":[{"not_picked":["Second Wind","Iron Wave"],"picked":"Flex","floor":1},{"not_picked":["Warcry","Fire Breathing"],"picked":"Sword Boomerang","floor":5},{"not_picked":["Flame Barrier","Power Through"],"picked":"Cleave","floor":6},{"not_picked":["Perfected Strike","Clothesline"],"picked":"Headbutt","floor":7},{"not_picked":["Anger","Juggernaut"],"picked":"Flex","floor":8},{"not_picked":["Inflame","Bloodletting"],"picked":"Thunderclap","floor":11},{"not_picked":["Cleave","Sever Soul","Sentinel"],"picked":"SKIP","floor":12},{"not_picked":["Spot Weakness","Bloodletting"],"picked":"Corruption","floor":13},{"not_picked":["Perfected Strike","Wild Strike"],"picked":"Twin Strike","floor":14},{"not_picked":["Reaper","Double Tap"],"picked":"Impervious","floor":16},{"not_picked":["Evolve","Feel No Pain"],"picked":"Rage","floor":17},{"not_picked":["Body Slam+1","Heavy Blade"],"picked":"Dropkick+1","floor":18},{"not_picked":["Bloodletting","Clothesline"],"picked":"Armaments","floor":19},{"not_picked":["Reckless Charge","Thunderclap","Ghostly Armor"],"picked":"SKIP","floor":20},{"not_picked":["Combust","Sever Soul"],"picked":"Inflame","floor":21}],"player_experience":55475,"relics_obtained":[{"floor":3,"key":"Whetstone"},{"floor":6,"key":"Nunchaku"},{"floor":8,"key":"Mercury Hourglass"},{"floor":9,"key":"Pear"},{"floor":14,"key":"Pantograph"},{"floor":21,"key":"Gambling Chip"},{"floor":21,"key":"Question Card"}],"event_choices":[{"event_name":"World of Goop","player_choice":"Gather Gold","floor":2,"damage_taken":0},{"event_name":"Upgrade Shrine","player_choice":"Upgraded","floor":4,"damage_taken":0},{"event_name":"Purifier","player_choice":"One Purge","floor":10,"damage_taken":0},{"event_name":"Colosseum","player_choice":"Fight","floor":21,"damage_taken":0},{"event_name":"Colosseum","player_choice":"Fought Nobs","floor":21,"damage_taken":0},{"event_name":"The Library","player_choice":"Heal","floor":22,"damage_taken":0}],"is_beta":false,"boss_relics":[{"not_picked":["White Beast Statue","Fusion Hammer"],"picked":"Tiny House"}],"items_purged_floors":[],"is_endless":false,"potions_floor_spawned":[5,8,12,13,14,18,21],"killed_by":"Book of Stabbing","ascension_level":2}