{"gold_per_floor":[110,20,20,30,30,30,56,135,135,147,112,112,146,159,159,159],"floor_reached":16,"playtime":652,"items_purged":[],"score":124,"play_id":"6e7a7213-203e-43bd-8b24-002d96978d80","local_time":"20181223125417","is_ascension_mode":true,"campfire_choices":[{"floor":6,"key":"REST"},{"floor":15,"key":"REST"}],"neow_cost":"PERCENT_DAMAGE","seed_source_timestamp":179619852665007,"circlet_count":0,"master_deck":["Strike_R","Strike_R","Strike_R","Strike_R","Strike_R","Defend_R","Defend_R","Defend_R","Defend_R","Bash","Madness","Swift Strike","Flame Barrier+1","Bandage Up","Clothesline","Injury","Disarm"],"relics":["Burning Blood","Bottled Lightning","Darkstone Periapt","Golden Idol","Ancient Tea Set"],"potions_floor_usage":[7,16],"damage_taken":[{"damage":13,"enemies":"Small Slimes","floor":1,"turns":3},{"damage":7,"enemies":"Jaw Worm","floor":4,"turns":3},{"damage":45,"enemies":"3 Sentries","floor":7,"turns":13},{"damage":3,"enemies":"2 Louse","floor":10,"turns":2},{"damage":44,"enemies":"Gremlin Nob","floor":13,"turns":5},{"damage":7,"enemies":"2 Fungi Beasts","floor":14,"turns":5},{"damage":72,"enemies":"Hexaghost","floor":16,"turns":16}],"seed_played":"-6855900151873538892","potions_obtained":[{"floor":4,"key":"GamblersBrew"},{"floor":13,"key":"GamblersBrew"},{"floor":14,"key":"SpeedPotion"}],"is_trial":false,"path_per_floor":["M","$","?","M","?","R","E","?","T","M","?","?","E","M","R","B"],"character_chosen":"IRONCLAD","items_purchased":["Bandage Up"],"campfire_rested":2,"item_purchase_floors":[2],"current_hp_per_floor":[49,49,49,52,52,76,41,41,41,48,68,74,40,43,68,0],"gold":159,"neow_bonus":"RANDOM_COLORLESS_2","is_prod":false,"is_daily":false,"chose_seed":false,"campfire_upgraded":0,"win_rate":0,"timestamp":1545566057,"path_taken":["M","$","?","M","?","R","E","?","T","?","?","?","E","M","R","BOSS"],"build_version":"2018-12-20","purchased_purges":0,"victory":false,"max_hp_per_floor":[80,80,80,80,80,80,80,80,80,80,80,86,86,86,86,86],"card_choices":[{"not_picked":["Warcry","Sword Boomerang"],"picked":"Flame Barrier","floor":1},{"not_picked":["Wild Strike","Twin Strike","Heavy Blade"],"picked":"SKIP","floor":4},{"not_picked":["Feel No Pain","Fire Breathing"],"picked":"Clothesline","floor":7},{"not_picked":["Armaments","Cleave","Warcry"],"picked":"SKIP","floor":10},{"not_picked":["Shrug It Off","Blood for Blood"],"picked":"Disarm","floor":13},{"not_picked":["Sword Boomerang","Iron Wave","Shrug It Off"],"picked":"SKIP","floor":14}],"player_experience":214345,"relics_obtained":[{"floor":7,"key":"Bottled Lightning"},{"floor":9,"key":"Darkstone Periapt"},{"floor":13,"key":"Ancient Tea Set"}],"event_choices":[{"damage_healed":0,"gold_gain":0,"player_choice":"Grow","damage_taken":0,"max_hp_gain":0,"max_hp_loss":0,"event_name":"Living Wall","floor":3,"gold_loss":0,"cards_upgraded":["Flame Barrier"]},{"damage_healed":0,"gold_gain":0,"player_choice":"Fled","damage_taken":0,"max_hp_gain":0,"max_hp_loss":0,"event_name":"Scrap Ooze","floor":5,"gold_loss":0},{"damage_healed":0,"gold_gain":79,"player_choice":"Gained Gold","damage_taken":0,"max_hp_gain":0,"max_hp_loss":0,"event_name":"Golden Wing","floor":8,"gold_loss":0},{"damage_healed":20,"gold_gain":0,"player_choice":"Healed","damage_taken":0,"max_hp_gain":0,"max_hp_loss":0,"event_name":"The Cleric","floor":11,"gold_loss":35},{"damage_healed":0,"gold_gain":0,"player_choice":"Take Wound","damage_taken":0,"relics_obtained":["Golden Idol"],"max_hp_gain":0,"max_hp_loss":0,"event_name":"Golden Idol","floor":12,"gold_loss":0,"cards_obtained":["Injury"]}],"is_beta":false,"boss_relics":[],"items_purged_floors":[],"is_endless":false,"potions_floor_spawned":[4,13,14],"killed_by":"Hexaghost","ascension_level":3}