{"gold_per_floor":[110,110,110,121,91,123,134,134,160,178,193,218,218,249,249,351,351,366,50,50,0,40,87,87,2,80,80,111,148,181,196,196,293,293,306,325,275,290,172,172,204,204,204,204,204,0,0,14,14,14],"floor_reached":50,"playtime":2737,"items_purged":["Strike_B","Capacitor","Barrage","Zap"],"score":553,"play_id":"298ab28c-6740-4ac6-b962-bd30526f5c0c","local_time":"20181210165500","is_ascension_mode":false,"campfire_choices":[{"floor":8,"key":"RECALL"},{"data":"Streamline","floor":13,"key":"SMITH"},{"data":"Buffer","floor":15,"key":"SMITH"},{"data":"Hyperbeam","floor":24,"key":"SMITH"},{"floor":27,"key":"REST"},{"floor":32,"key":"REST"},{"data":"Buffer","floor":40,"key":"SMITH"},{"floor":42,"key":"REST"},{"data":"Beam Cell","floor":45,"key":"SMITH"},{"data":"Leap","floor":49,"key":"SMITH"}],"neow_cost":"NONE","seed_source_timestamp":232840588755533,"circlet_count":0,"master_deck":["Defend_B+1","Defend_B","Defend_B","Dualcast+1","Go for the Eyes","Streamline+1","Self Repair","Leap+1","Beam Cell+1","Streamline+1","Coolheaded","Buffer+1","Hyperbeam+1","Hologram","HandOfGreed","Melter","Gash","Conserve Battery","Auto Shields","Seek","Buffer+1","Writhe"],"relics":["Cracked Core","Smiling Mask","Letter Opener","Mummified Hand","Empty Cage","Bottled Flame","Cables","Gremlin Horn","Blue Candle","Busted Crown","Vajra","Gambling Chip","Red Mask"],"potions_floor_usage":[6,11,12,16,22,23,31,41],"damage_taken":[{"damage":2,"enemies":"Small Slimes","floor":1,"turns":2},{"damage":6,"enemies":"Jaw Worm","floor":4,"turns":3},{"damage":20,"enemies":"Lagavulin","floor":6,"turns":5},{"damage":0,"enemies":"Cultist","floor":7,"turns":3},{"damage":2,"enemies":"Exordium Wildlife","floor":10,"turns":4},{"damage":2,"enemies":"Large Slime","floor":11,"turns":3},{"damage":17,"enemies":"3 Sentries","floor":12,"turns":7},{"damage":3,"enemies":"Lagavulin","floor":14,"turns":4},{"damage":16,"enemies":"Hexaghost","floor":16,"turns":9},{"damage":12,"enemies":"3 Byrds","floor":18,"turns":4},{"damage":4,"enemies":"Shell Parasite","floor":22,"turns":3},{"damage":45,"enemies":"Slavers","floor":23,"turns":7},{"damage":0,"enemies":"Gremlin Leader","floor":28,"turns":5},{"damage":0,"enemies":"3 Cultists","floor":29,"turns":2},{"damage":37,"enemies":"Snecko","floor":30,"turns":6},{"damage":8,"enemies":"Snake Plant","floor":31,"turns":4},{"damage":53,"enemies":"Collector","floor":33,"turns":13},{"damage":0,"enemies":"Orb Walker","floor":35,"turns":2},{"damage":0,"enemies":"3 Darklings","floor":36,"turns":2},{"damage":30,"enemies":"Spire Growth","floor":38,"turns":5},{"damage":44,"enemies":"Nemesis","floor":41,"turns":11},{"damage":0,"enemies":"Sphere and 2 Shapes","floor":48,"turns":1},{"damage":85,"enemies":"Awakened One","floor":50,"turns":12}],"seed_played":"1972032341483912676","potions_obtained":[{"floor":4,"key":"Fire Potion"},{"floor":5,"key":"SkillPotion"},{"floor":5,"key":"LiquidBronze"},{"floor":11,"key":"LiquidBronze"},{"floor":16,"key":"Weak Potion"},{"floor":18,"key":"Energy Potion"},{"floor":22,"key":"Swift Potion"},{"floor":35,"key":"FairyPotion"},{"floor":36,"key":"FearPotion"},{"floor":48,"key":"Ancient Potion"}],"is_trial":false,"path_per_floor":["M","?","?","M","?","E","M","R","T","M","M","E","R","E","R","B",null,"M","$","?","$","M","E","R","?","T","R","E","M","M","M","R","B",null,"M","M","$","M","$","R","E","R","T","?","R","?","?","M","R","B"],"character_chosen":"DEFECT","items_purchased":["HandOfGreed","Melter","Buffer"],"campfire_rested":3,"item_purchase_floors":[19,19,39],"current_hp_per_floor":[73,73,58,52,52,39,46,46,46,51,56,46,46,43,43,27,75,70,70,70,70,73,35,35,35,35,57,64,64,34,40,62,23,75,75,75,75,52,52,52,22,44,44,63,63,63,63,70,70,0],"gold":14,"neow_bonus":"THREE_CARDS","is_prod":false,"is_daily":false,"chose_seed":false,"campfire_upgraded":6,"win_rate":0,"timestamp":1544457300,"path_taken":["M","?","?","M","?","E","M","R","T","M","M","E","R","E","R","BOSS","M","?","?","?","M","E","R","?","T","R","E","?","M","M","R","BOSS","M","M","$","M","$","R","E","R","T","?","R","?","?","M","R","BOSS"],"build_version":"2018-12-06","purchased_purges":4,"victory":false,"max_hp_per_floor":[75,75,75,75,75,75,75,75,75,75,75,75,75,75,75,75,75,75,75,75,75,75,75,75,75,75,75,75,75,75,75,75,75,75,75,75,75,75,75,75,75,75,75,75,75,75,75,75,75,75],"card_choices":[{"not_picked":["Cold Snap","Barrage"],"picked":"Go for the Eyes","floor":0},{"not_picked":["Sweeping Beam","Aggregate"],"picked":"Streamline","floor":1},{"not_picked":["Barrage","Turbo"],"picked":"Self Repair","floor":4},{"not_picked":["Sweeping Beam","Steam Power"],"picked":"Leap","floor":6},{"not_picked":["Hologram","Go for the Eyes"],"picked":"Beam Cell","floor":7},{"not_picked":["Rainbow","Conserve Battery"],"picked":"Streamline","floor":10},{"not_picked":["Defragment","Consume","Chaos"],"picked":"SKIP","floor":11},{"not_picked":["Cold Snap","Storm"],"picked":"Coolheaded","floor":12},{"not_picked":["Turbo","Rebound"],"picked":"Buffer","floor":14},{"not_picked":["Reboot","Creative AI"],"picked":"Hyperbeam","floor":16},{"not_picked":["Compile Driver+1","Turbo+1"],"picked":"Hologram","floor":18},{"not_picked":["Redo","Capacitor+1","Ball Lightning+1"],"picked":"SKIP","floor":22},{"not_picked":["Chaos","Turbo"],"picked":"Gash","floor":23},{"not_picked":["Creative AI","Beam Cell+1"],"picked":"Conserve Battery","floor":28},{"not_picked":["Steam+1","Redo+1"],"picked":"Self Repair","floor":29},{"not_picked":["Undo","Rebound+1"],"picked":"Auto Shields","floor":30},{"not_picked":["Sunder","Rebound","Chaos"],"picked":"SKIP","floor":31},{"not_picked":["Electrodynamics","Thunder Strike"],"picked":"Seek","floor":33},{"not_picked":["Turbo+1"],"picked":"SKIP","floor":35},{"not_picked":["Auto Shields"],"picked":"SKIP","floor":36},{"not_picked":["Cold Snap"],"picked":"SKIP","floor":38},{"not_picked":["Melter"],"picked":"SKIP","floor":41},{"not_picked":["Steam Power+1"],"picked":"SKIP","floor":48}],"player_experience":581900,"relics_obtained":[{"floor":6,"key":"Smiling Mask"},{"floor":12,"key":"Letter Opener"},{"floor":14,"key":"Mummified Hand"},{"floor":23,"key":"Bottled Flame"},{"floor":26,"key":"Gremlin Horn"},{"floor":28,"key":"Blue Candle"},{"floor":41,"key":"Vajra"},{"floor":43,"key":"Gambling Chip"}],"event_choices":[{"damage_healed":0,"gold_gain":0,"player_choice":"Grow","damage_taken":0,"max_hp_gain":0,"max_hp_loss":0,"event_name":"Living Wall","floor":2,"gold_loss":0,"cards_upgraded":["Streamline"]},{"damage_healed":0,"gold_gain":0,"player_choice":"Entered Light","damage_taken":15,"max_hp_gain":0,"max_hp_loss":0,"event_name":"Shining Light","floor":3,"gold_loss":0,"cards_upgraded":["Defend_B","Dualcast"]},{"damage_healed":0,"gold_gain":0,"player_choice":"Bought 2 Potions","damage_taken":0,"max_hp_gain":0,"max_hp_loss":0,"event_name":"The Woman in Blue","floor":5,"gold_loss":0},{"damage_healed":0,"gold_gain":0,"cards_transformed":["Strike_B","Strike_B"],"player_choice":"Became Test Subject","damage_taken":0,"max_hp_gain":0,"max_hp_loss":0,"event_name":"Drug Dealer","floor":20,"gold_loss":0,"cards_obtained":["Barrage","Capacitor"]},{"damage_healed":0,"gold_gain":0,"player_choice":"Obtained Relic","damage_taken":0,"relics_obtained":["Cables"],"max_hp_gain":0,"max_hp_loss":0,"event_name":"Addict","floor":25,"gold_loss":85},{"damage_healed":19,"gold_gain":0,"player_choice":"Writhe","damage_taken":0,"max_hp_gain":0,"max_hp_loss":0,"event_name":"Winding Halls","floor":44,"gold_loss":0,"cards_obtained":["Writhe"]},{"damage_healed":0,"gold_gain":0,"player_choice":"Paid","damage_taken":0,"relics_obtained":["Red Mask"],"max_hp_gain":0,"max_hp_loss":0,"event_name":"Tomb of Lord Red Mask","floor":46,"gold_loss":204},{"cards_removed":["Self Repair"],"damage_healed":0,"gold_gain":0,"player_choice":"Removed Power","damage_taken":0,"max_hp_gain":0,"max_hp_loss":0,"event_name":"Falling","floor":47,"gold_loss":0}],"is_beta":false,"boss_relics":[{"not_picked":["Ectoplasm","Runic Dome"],"picked":"Empty Cage"},{"not_picked":["Eternal Feather","Inserter"],"picked":"Busted Crown"}],"items_purged_floors":[19,21,37,39],"is_endless":false,"potions_floor_spawned":[4,11,16,18,22,35,36,48],"killed_by":"Awakened One","ascension_level":0}