{"gold_per_floor":[115,44,61,61,61,94,94,107,157,157,176,205,205,56,56,159,159,176,176,192,192,206,206,238,238,265,265,19,19,19,19,19,118,118,130,56,56,74,92,92,106,106,106,123,123,123,0,69,69,69],"floor_reached":51,"playtime":2002,"items_purged":["Strike_G","Parasite"],"score":777,"play_id":"89ea7658-0bbd-4764-bc85-6363b8b43d18","local_time":"20181224132247","is_ascension_mode":true,"campfire_choices":[{"data":"Noxious Fumes","floor":7,"key":"SMITH"},{"data":"Deadly Poison","floor":10,"key":"SMITH"},{"floor":15,"key":"REST"},{"data":"Noxious Fumes","floor":23,"key":"SMITH"},{"data":"Footwork","floor":27,"key":"SMITH"},{"floor":30,"key":"REST"},{"data":"Footwork","floor":32,"key":"SMITH"},{"data":"Catalyst","floor":40,"key":"SMITH"},{"floor":42,"key":"REST"},{"floor":49,"key":"REST"}],"neow_cost":"NONE","seed_source_timestamp":266358466540970,"circlet_count":0,"master_deck":["Defend_G+1","Defend_G+1","Defend_G+1","Defend_G+1","Defend_G+1","Strike_G+1","Strike_G+1","Strike_G+1","Strike_G+1","Survivor","Neutralize","Finisher","Footwork+1","Noxious Fumes+1","Bane","Deadly Poison+1","Poisoned Stab+1","Noxious Fumes+1","Footwork+1","Envenom","Deadly Poison+1","PiercingWail+1","Deadly Poison+1","Catalyst+1","Footwork","Deadly Poison+1","Terror","PiercingWail+1","Writhe","Clumsy"],"relics":["Ring of the Snake","NeowsBlessing","Lantern","FaceOfCleric","Prayer Wheel","PreservedInsect","Juzu Bracelet","Cursed Key","Orichalcum","Bag of Marbles","Oddly Smooth Stone","MutagenicStrength","Black Star","Red Mask","Bottled Flame"],"potions_floor_usage":[11,22,24,33,38,44],"damage_taken":[{"damage":0,"enemies":"Jaw Worm","floor":1,"turns":1},{"damage":0,"enemies":"2 Louse","floor":3,"turns":1},{"damage":0,"enemies":"3 Sentries","floor":6,"turns":1},{"damage":0,"enemies":"Cultist","floor":8,"turns":3},{"damage":4,"enemies":"Gremlin Gang","floor":11,"turns":5},{"damage":19,"enemies":"Lagavulin","floor":12,"turns":5},{"damage":22,"enemies":"The Guardian","floor":16,"turns":9},{"damage":17,"enemies":"3 Byrds","floor":18,"turns":4},{"damage":0,"enemies":"Chosen","floor":20,"turns":4},{"damage":16,"enemies":"Sentry and Sphere","floor":22,"turns":6},{"damage":6,"enemies":"Slavers","floor":24,"turns":3},{"damage":16,"enemies":"Champ","floor":33,"turns":10},{"damage":1,"enemies":"Orb Walker","floor":35,"turns":4},{"damage":13,"enemies":"3 Darklings","floor":38,"turns":7},{"damage":12,"enemies":"Sphere and 2 Shapes","floor":39,"turns":5},{"damage":15,"enemies":"Writhing Mass","floor":41,"turns":4},{"damage":31,"enemies":"3 Darklings","floor":44,"turns":5},{"damage":61,"enemies":"Donu and Deca","floor":50,"turns":11}],"seed_played":"830249332353901469","potions_obtained":[{"floor":3,"key":"SteroidPotion"},{"floor":11,"key":"PowerPotion"},{"floor":12,"key":"GhostInAJar"},{"floor":18,"key":"Explosive Potion"},{"floor":24,"key":"EssenceOfSteel"},{"floor":33,"key":"SpeedPotion"},{"floor":38,"key":"SpeedPotion"},{"floor":41,"key":"Regen Potion"}],"is_trial":false,"path_per_floor":["M","$","M","?","?","E","R","M","T","R","M","E","?","$","R","B",null,"M","?","M","?","M","R","E","$","T","R","$","?","R","$","R","B",null,"M","$","?","M","M","R","M","R","T","M","?","?","?","T","R","B",null],"character_chosen":"THE_SILENT","items_purchased":["Footwork","Footwork","Oddly Smooth Stone","Footwork"],"campfire_rested":4,"item_purchase_floors":[2,14,28,36],"current_hp_per_floor":[70,70,70,52,52,53,53,54,54,54,51,33,18,18,40,19,75,59,59,60,60,45,45,40,40,40,40,40,40,62,62,62,47,77,77,77,77,65,54,54,40,64,64,49,70,70,70,70,82,22],"gold":69,"neow_bonus":"THREE_ENEMY_KILL","is_prod":false,"is_daily":false,"chose_seed":false,"campfire_upgraded":6,"win_rate":0,"timestamp":1545654167,"path_taken":["M","$","M","?","?","E","R","?","T","R","M","E","?","$","R","BOSS","M","?","M","?","M","R","E","$","T","R","$","?","R","$","R","BOSS","M","$","?","M","M","R","M","R","T","M","?","?","?","?","R","BOSS"],"build_version":"2018-12-20","purchased_purges":2,"victory":true,"max_hp_per_floor":[70,70,70,70,70,71,71,72,72,72,73,74,74,74,74,75,75,76,76,77,77,78,78,79,79,79,79,76,76,76,76,76,77,77,78,78,78,79,80,80,81,81,81,82,82,82,82,82,82,83],"card_choices":[{"not_picked":["Prepared","Dodge and Roll"],"picked":"Finisher","floor":1},{"not_picked":["Deflect","Outmaneuver"],"picked":"Noxious Fumes","floor":3},{"not_picked":["Expertise","All Out Attack","Setup"],"picked":"SKIP","floor":6},{"not_picked":["Leg Sweep","Dagger Spray"],"picked":"Bane","floor":8},{"not_picked":["Dagger Throw","Poisoned Stab"],"picked":"Deadly Poison","floor":8},{"not_picked":["Flying Knee","Infinite Blades"],"picked":"Poisoned Stab","floor":11},{"not_picked":["Skewer","Outmaneuver"],"picked":"Noxious Fumes","floor":11},{"not_picked":["Predator","Heel Hook"],"picked":"Caltrops","floor":12},{"not_picked":["Malaise","A Thousand Cuts"],"picked":"Envenom","floor":16},{"not_picked":["Dodge and Roll+1","PiercingWail"],"picked":"Deadly Poison+1","floor":18},{"not_picked":["Outmaneuver+1","Dash","Dagger Throw"],"picked":"SKIP","floor":18},{"not_picked":["Blade Dance","Infinite Blades"],"picked":"PiercingWail+1","floor":20},{"not_picked":["Reflex+1","Deadly Poison","Slice"],"picked":"SKIP","floor":20},{"not_picked":["Prepared","Reflex","Slice"],"picked":"SKIP","floor":22},{"not_picked":["Heel Hook","Bullet Time","Reflex+1"],"picked":"SKIP","floor":22},{"not_picked":["Blade Dance+1","Dagger Throw","Envenom"],"picked":"SKIP","floor":24},{"not_picked":["Dodge and Roll","Underhanded Strike+1"],"picked":"Deadly Poison+1","floor":35},{"not_picked":["Predator","Quick Slash+1"],"picked":"Catalyst","floor":35},{"not_picked":["Quick Slash","Bouncing Flask+1"],"picked":"Deadly Poison+1","floor":38},{"not_picked":["Dagger Spray","Doppelganger"],"picked":"Terror","floor":38},{"not_picked":["Outmaneuver+1","Flying Knee","Finisher+1"],"picked":"SKIP","floor":39},{"not_picked":["Well Laid Plans+1","Deflect","Expertise"],"picked":"SKIP","floor":39},{"not_picked":["Poisoned Stab+1","Choke","Prepared+1"],"picked":"SKIP","floor":41},{"not_picked":["Outmaneuver","A Thousand Cuts","Quick Slash+1"],"picked":"SKIP","floor":41},{"not_picked":["Dagger Spray+1","Blade Dance"],"picked":"PiercingWail+1","floor":44},{"not_picked":["Accuracy","Prepared","Underhanded Strike"],"picked":"SKIP","floor":44}],"player_experience":216664,"relics_obtained":[{"floor":6,"key":"Prayer Wheel"},{"floor":9,"key":"PreservedInsect"},{"floor":12,"key":"Juzu Bracelet"},{"floor":24,"key":"Orichalcum"},{"floor":26,"key":"Bag of Marbles"},{"floor":48,"key":"Bottled Flame"}],"event_choices":[{"damage_healed":0,"gold_gain":0,"player_choice":"Success","damage_taken":18,"relics_obtained":["Lantern"],"max_hp_gain":0,"max_hp_loss":0,"event_name":"Scrap Ooze","floor":4,"gold_loss":0},{"damage_healed":0,"gold_gain":0,"player_choice":"Trade","damage_taken":0,"relics_obtained":["FaceOfCleric"],"max_hp_gain":0,"max_hp_loss":0,"event_name":"FaceTrader","floor":5,"gold_loss":0},{"damage_healed":0,"gold_gain":0,"player_choice":"Entered Light","damage_taken":15,"max_hp_gain":0,"max_hp_loss":0,"event_name":"Shining Light","floor":13,"gold_loss":0,"cards_upgraded":["Defend_G","Poisoned Stab"]},{"damage_healed":0,"gold_gain":0,"player_choice":"Simplicity","damage_taken":0,"max_hp_gain":0,"max_hp_loss":0,"event_name":"Back to Basics","floor":19,"gold_loss":0,"cards_upgraded":["Defend_G","Defend_G","Defend_G","Defend_G","Strike_G","Strike_G","Strike_G","Strike_G"]},{"damage_healed":0,"gold_gain":0,"player_choice":"Ignored","damage_taken":0,"max_hp_gain":0,"max_hp_loss":0,"event_name":"The Mausoleum","floor":21,"gold_loss":0},{"damage_healed":0,"gold_gain":0,"player_choice":"Inject Mutagens","damage_taken":0,"relics_obtained":["MutagenicStrength"],"max_hp_gain":0,"max_hp_loss":0,"event_name":"Drug Dealer","floor":29,"gold_loss":0},{"cards_removed":["Caltrops"],"damage_healed":0,"gold_gain":0,"player_choice":"Removed Power","damage_taken":0,"max_hp_gain":0,"max_hp_loss":0,"event_name":"Falling","floor":37,"gold_loss":0},{"damage_healed":21,"gold_gain":0,"player_choice":"Writhe","damage_taken":0,"max_hp_gain":0,"max_hp_loss":0,"event_name":"Winding Halls","floor":45,"gold_loss":0,"cards_obtained":["Writhe"]},{"damage_healed":0,"gold_gain":0,"player_choice":"Memory 1","damage_taken":0,"max_hp_gain":0,"max_hp_loss":0,"event_name":"SensoryStone","floor":46,"gold_loss":0},{"damage_healed":0,"gold_gain":0,"player_choice":"Paid","damage_taken":0,"relics_obtained":["Red Mask"],"max_hp_gain":0,"max_hp_loss":0,"event_name":"Tomb of Lord Red Mask","floor":47,"gold_loss":123}],"is_beta":false,"boss_relics":[{"not_picked":["HoveringKite","Lizard Tail"],"picked":"Cursed Key"},{"not_picked":["Ring of the Serpent","Calling Bell"],"picked":"Black Star"}],"items_purged_floors":[14,28],"is_endless":false,"potions_floor_spawned":[3,11,12,18,24,33,38,41],"ascension_level":1}