{"gold_per_floor":[113,113,113,125,105,139,139,170,170,186,42,42,69,83,83,188,188,207,207,207,222,234,234],"floor_reached":23,"playtime":1302,"items_purged":["Regret"],"score":244,"play_id":"8953cd7a-c3aa-41cb-8d7c-5a77593b273a","local_time":"20181115004017","is_ascension_mode":true,"campfire_choices":[{"floor":7,"key":"REST"},{"data":"Backflip","floor":12,"key":"SMITH"},{"floor":15,"key":"REST"}],"neow_cost":"NONE","seed_source_timestamp":639972085591886,"circlet_count":0,"master_deck":["Defend_G","Defend_G","Defend_G","Defend_G","Defend_G","Strike_G","Strike_G","Strike_G","Strike_G","Strike_G","Survivor","Neutralize","Choke","Deadly Poison","Outmaneuver","Bane","Backflip+1","Accuracy","Corpse Explosion","Backflip","Unload","Dash+1","Dodge and Roll+1","Slice+1"],"relics":["Ring of the Snake","Meat on the Bone","Orichalcum","Mango","Bird Faced Urn","Smiling Mask","Lantern","Black Star","Enchiridion"],"potions_floor_usage":[6,6,8,13,16,23],"damage_taken":[{"damage":0,"enemies":"Cultist","floor":1,"turns":5},{"damage":7,"enemies":"Small Slimes","floor":4,"turns":4},{"damage":18,"enemies":"Gremlin Nob","floor":6,"turns":5},{"damage":34,"enemies":"Lagavulin","floor":8,"turns":8},{"damage":0,"enemies":"2 Louse","floor":10,"turns":3},{"damage":16,"enemies":"3 Sentries","floor":13,"turns":12},{"damage":0,"enemies":"Exordium Wildlife","floor":14,"turns":6},{"damage":46,"enemies":"The Guardian","floor":16,"turns":11},{"damage":20,"enemies":"2 Thieves","floor":18,"turns":4},{"damage":23,"enemies":"Spheric Guardian","floor":21,"turns":6},{"damage":22,"enemies":"Snake Plant","floor":22,"turns":6},{"damage":41,"enemies":"Book of Stabbing","floor":23,"turns":6}],"seed_played":"-676971109539690784","potions_obtained":[{"floor":1,"key":"SkillPotion"},{"floor":5,"key":"GamblersBrew"},{"floor":6,"key":"EssenceOfSteel"},{"floor":8,"key":"Strength Potion"},{"floor":10,"key":"AttackPotion"},{"floor":22,"key":"Energy Potion"}],"is_trial":false,"path_per_floor":["M","?","?","M","?","E","R","E","T","M","$","R","E","M","R","B",null,"M","?","?","M","M","E"],"character_chosen":"THE_SILENT","items_purchased":["Backflip","Accuracy"],"campfire_rested":2,"item_purchase_floors":[11,11],"current_hp_per_floor":[77,77,77,70,70,66,91,57,57,57,57,57,53,53,80,46,91,71,71,55,46,38,0],"gold":234,"neow_bonus":"TEN_PERCENT_HP_BONUS","is_prod":false,"is_daily":false,"chose_seed":false,"campfire_upgraded":1,"win_rate":0,"timestamp":1542271217,"path_taken":["M","?","?","?","?","E","R","E","T","?","?","R","E","M","R","BOSS","M","?","?","M","M","E"],"build_version":"2018-11-08","purchased_purges":1,"victory":false,"max_hp_per_floor":[77,77,77,77,77,91,91,91,91,91,91,91,91,91,91,91,91,91,91,91,91,91,91],"card_choices":[{"not_picked":["Slice","Heel Hook"],"picked":"Finisher","floor":1},{"not_picked":["Dagger Spray","Reflex"],"picked":"Choke","floor":4},{"not_picked":["Acrobatics","Slice"],"picked":"Deadly Poison","floor":6},{"not_picked":["Dagger Throw","Flechettes"],"picked":"Outmaneuver","floor":8},{"not_picked":["Blade Dance","Terror"],"picked":"Bane","floor":10},{"not_picked":["Riddle With Holes","Outmaneuver"],"picked":"Corpse Explosion","floor":13},{"not_picked":["Accuracy","Deadly Poison"],"picked":"Backflip","floor":14},{"not_picked":["A Thousand Cuts","Doppelganger"],"picked":"Unload","floor":16},{"not_picked":["PiercingWail","Backflip"],"picked":"Dash+1","floor":18},{"not_picked":["Setup","Terror+1"],"picked":"Dodge and Roll+1","floor":21},{"not_picked":["Cloak And Dagger","Flying Knee"],"picked":"Slice+1","floor":22}],"player_experience":56936,"relics_obtained":[{"floor":6,"key":"Mango"},{"floor":8,"key":"Bird Faced Urn"},{"floor":9,"key":"Smiling Mask"},{"floor":13,"key":"Lantern"},{"floor":20,"key":"Enchiridion"}],"event_choices":[{"damage_healed":0,"gold_gain":0,"player_choice":"Box","damage_taken":0,"relics_obtained":["Meat on the Bone"],"max_hp_gain":0,"max_hp_loss":0,"event_name":"Big Fish","floor":2,"gold_loss":0,"cards_obtained":["Regret"]},{"cards_removed":["Finisher"],"damage_healed":0,"gold_gain":0,"player_choice":"Gave Card","damage_taken":0,"relics_obtained":["Orichalcum"],"max_hp_gain":0,"max_hp_loss":0,"event_name":"WeMeetAgain","floor":3,"gold_loss":0},{"damage_healed":0,"gold_gain":0,"player_choice":"Bought 1 Potion","damage_taken":0,"max_hp_gain":0,"max_hp_loss":0,"event_name":"The Woman in Blue","floor":5,"gold_loss":0},{"damage_healed":0,"gold_gain":0,"player_choice":"Ignored","damage_taken":0,"max_hp_gain":0,"max_hp_loss":0,"event_name":"Ghosts","floor":19,"gold_loss":0},{"damage_healed":0,"gold_gain":0,"player_choice":"Obtained Book","damage_taken":16,"max_hp_gain":0,"max_hp_loss":0,"event_name":"Cursed Tome","floor":20,"gold_loss":0}],"is_beta":false,"boss_relics":[{"not_picked":["Philosopher\u0027s Stone","Velvet Choker"],"picked":"Black Star"}],"items_purged_floors":[11],"is_endless":false,"potions_floor_spawned":[1,6,8,10,22],"killed_by":"Book of Stabbing","ascension_level":1}