{"gold_per_floor":[115,115,115,132,132,132,151,169,242,242,253,326,343,363,363,461,461,476,495,495,509,277,277,202,202,202,202,214,239],"floor_reached":29,"playtime":900,"items_purged":["Dualcast"],"score":217,"play_id":"bb037af2-1ab6-4c8d-bd6b-447783347e56","local_time":"20190202003227","is_ascension_mode":false,"campfire_choices":[{"data":"Defragment","floor":6,"key":"SMITH"},{"data":"Fission","floor":10,"key":"SMITH"},{"data":"Scrape","floor":15,"key":"SMITH"},{"data":"Zap","floor":23,"key":"SMITH"},{"data":"Seek","floor":25,"key":"SMITH"},{"data":"FTL","floor":27,"key":"SMITH"}],"neow_cost":"NONE","seed_source_timestamp":272642158186521,"circlet_count":0,"master_deck":["Strike_B","Defend_B","Defend_B","Defend_B","Zap+1","BootSequence","Compile Driver","Defragment+1","Demon Form+1","Gash","Fission+1","Gash","Scrape+1","Seek+1","Hologram","FTL+1","Rip and Tear","Rebound"],"relics":["Cracked Core","Red Mask"],"potions_floor_usage":[29],"damage_taken":[{"damage":0,"enemies":"Small Slimes","floor":1,"turns":3},{"damage":0,"enemies":"2 Louse","floor":4,"turns":2},{"damage":6,"enemies":"Cultist","floor":7,"turns":3},{"damage":2,"enemies":"Blue Slaver","floor":8,"turns":3},{"damage":0,"enemies":"Gremlin Gang","floor":11,"turns":5},{"damage":18,"enemies":"Exordium Wildlife","floor":13,"turns":5},{"damage":0,"enemies":"Blue Slaver","floor":14,"turns":2},{"damage":27,"enemies":"The Guardian","floor":16,"turns":8},{"damage":27,"enemies":"Spheric Guardian","floor":18,"turns":4},{"damage":19,"enemies":"Shell Parasite","floor":19,"turns":5},{"damage":6,"enemies":"Cultist and Chosen","floor":21,"turns":4},{"damage":15,"enemies":"3 Cultists","floor":28,"turns":4},{"damage":7,"enemies":"Masked Bandits","floor":29,"turns":3}],"seed_played":"-2492603553544543324","potions_obtained":[{"floor":8,"key":"FairyPotion"},{"floor":16,"key":"Energy Potion"},{"floor":19,"key":"Energy Potion"},{"floor":21,"key":"PowerPotion"},{"floor":28,"key":"AttackPotion"}],"is_trial":false,"path_per_floor":["M","?","?","M","?","R","M","M","T","R","M","T","M","M","R","B",null,"M","M","?","M","$","R","?","R","T","R","M","?"],"character_chosen":"DEFECT","items_purchased":["FTL","Rip and Tear"],"campfire_rested":0,"item_purchase_floors":[22,22],"current_hp_per_floor":[75,80,80,80,80,80,74,72,72,72,72,72,54,54,54,27,80,53,34,60,54,54,54,54,54,54,54,39,32],"gold":239,"neow_bonus":"TRANSFORM_CARD","is_prod":false,"is_daily":false,"chose_seed":false,"campfire_upgraded":6,"win_rate":0,"timestamp":1549080147,"path_taken":["M","?","?","?","?","R","M","M","T","R","?","?","M","M","R","BOSS","M","M","?","M","$","R","?","R","T","R","?","?"],"build_version":"2019-01-23","purchased_purges":1,"victory":false,"max_hp_per_floor":[75,80,80,80,80,80,80,80,80,80,80,80,80,80,80,80,80,80,80,80,80,80,80,80,80,80,80,80,80],"card_choices":[{"not_picked":["Sweeping Beam","Coolheaded"],"picked":"Compile Driver","floor":1},{"not_picked":["Beam Cell","Reinforced Body"],"picked":"Defragment","floor":4},{"not_picked":["Steam","Go for the Eyes"],"picked":"Gash","floor":7},{"not_picked":["Fusion","Coolheaded"],"picked":"Fission","floor":8},{"not_picked":["Cold Snap","Defragment"],"picked":"Gash","floor":11},{"not_picked":["Turbo","Darkness","Stack"],"picked":"SKIP","floor":13},{"not_picked":["Rebound","Redo"],"picked":"Scrape","floor":14},{"not_picked":["Creative AI","Electrodynamics"],"picked":"Seek","floor":16},{"not_picked":["Steam","Coolheaded","Steam Power"],"picked":"SKIP","floor":18},{"not_picked":["Coolheaded+1","Steam"],"picked":"Hologram","floor":19},{"not_picked":["Compile Driver","Turbo","Loop"],"picked":"SKIP","floor":21},{"not_picked":["Go for the Eyes","Leap+1"],"picked":"Rebound","floor":28}],"player_experience":315707,"relics_obtained":[{"floor":29,"key":"Red Mask"}],"event_choices":[{"damage_healed":0,"gold_gain":0,"player_choice":"Donut","damage_taken":0,"max_hp_gain":5,"max_hp_loss":0,"event_name":"Big Fish","floor":2,"gold_loss":0},{"cards_removed":["Defend_B"],"damage_healed":0,"gold_gain":0,"player_choice":"Offered Basic","damage_taken":0,"max_hp_gain":0,"max_hp_loss":0,"event_name":"Bonfire Elementals","floor":3,"gold_loss":0},{"cards_removed":["Strike_B"],"damage_healed":0,"gold_gain":0,"player_choice":"Took Card","damage_taken":0,"max_hp_gain":0,"max_hp_loss":0,"event_name":"NoteForYourself","floor":5,"gold_loss":0,"cards_obtained":["Demon Form"]},{"damage_healed":26,"gold_gain":0,"player_choice":"Heal","damage_taken":0,"max_hp_gain":0,"max_hp_loss":0,"event_name":"The Library","floor":20,"gold_loss":0},{"cards_removed":["Strike_B"],"damage_healed":0,"gold_gain":0,"player_choice":"Gave Gold","damage_taken":0,"max_hp_gain":0,"max_hp_loss":0,"event_name":"Beggar","floor":24,"gold_loss":75},{"damage_healed":0,"gold_gain":0,"player_choice":"Fought Bandits","damage_taken":0,"max_hp_gain":0,"max_hp_loss":0,"event_name":"Masked Bandits","floor":29,"gold_loss":0}],"is_beta":false,"boss_relics":[{"not_picked":["Empty Cage","Velvet Choker","Pandora\u0027s Box"]}],"items_purged_floors":[22],"is_endless":false,"potions_floor_spawned":[8,16,19,21,28],"killed_by":"Masked Bandits","ascension_level":0}