{"gold_per_floor":[16,36,36,36,52,83,103,103],"floor_reached":8,"playtime":1079,"items_purged":[],"score":58,"play_id":"9246d2fe-7a43-4422-8cd6-08d70d8eeab2","local_time":"20190126170511","is_ascension_mode":false,"campfire_choices":[],"neow_cost":"NO_GOLD","seed_source_timestamp":130303529698812,"circlet_count":0,"master_deck":["Defend_G","Defend_G","Defend_G","Defend_G","Defend_G","Strike_G","Strike_G","Strike_G","Strike_G","Strike_G","Survivor","Neutralize","Thinking Ahead","Noxious Fumes","Chrysalis","Acrobatics","Noxious Fumes"],"relics":["Ring of the Snake","Gremlin Horn"],"potions_floor_usage":[5,6],"damage_taken":[{"damage":0,"enemies":"Small Slimes","floor":1,"turns":5},{"damage":1,"enemies":"2 Louse","floor":2,"turns":4},{"damage":0,"enemies":"Cultist","floor":5,"turns":4},{"damage":10,"enemies":"Lagavulin","floor":6,"turns":7},{"damage":8,"enemies":"2 Fungi Beasts","floor":7,"turns":4},{"damage":73,"enemies":"Gremlin Nob","floor":8,"turns":5}],"seed_played":"-754163847116501526","potions_obtained":[{"floor":4,"key":"SpeedPotion"},{"floor":4,"key":"Ancient Potion"},{"floor":4,"key":"Fruit Juice"},{"floor":6,"key":"GamblersBrew"}],"is_trial":false,"path_per_floor":["M","M","?","?","M","E","M","E"],"character_chosen":"THE_SILENT","items_purchased":[],"campfire_rested":0,"item_purchase_floors":[],"current_hp_per_floor":[70,69,69,69,74,64,56,0],"gold":103,"neow_bonus":"RANDOM_COLORLESS_2","is_prod":false,"is_daily":false,"chose_seed":false,"campfire_upgraded":0,"win_rate":0,"timestamp":1548540311,"path_taken":["M","M","?","?","M","E","?","E"],"build_version":"2019-01-23","purchased_purges":0,"victory":false,"max_hp_per_floor":[70,70,70,70,75,75,75,75],"card_choices":[{"not_picked":["Skewer","Catalyst"],"picked":"Noxious Fumes","floor":1},{"not_picked":["Dodge and Roll","Eviscerate","Skewer"],"picked":"SKIP","floor":2},{"not_picked":["Terror","Reflex","Heel Hook"],"picked":"SKIP","floor":5},{"not_picked":["Dagger Spray","Flechettes"],"picked":"Acrobatics","floor":6},{"not_picked":["Outmaneuver","Accuracy"],"picked":"Noxious Fumes","floor":7}],"player_experience":46006,"relics_obtained":[{"floor":6,"key":"Gremlin Horn"}],"event_choices":[{"damage_healed":0,"gold_gain":0,"cards_transformed":["Enlightenment"],"player_choice":"Change","damage_taken":0,"max_hp_gain":0,"max_hp_loss":0,"event_name":"Living Wall","floor":3,"gold_loss":0,"cards_obtained":["Chrysalis"]},{"damage_healed":0,"gold_gain":0,"player_choice":"Got Potions","damage_taken":0,"max_hp_gain":0,"max_hp_loss":0,"event_name":"Lab","floor":4,"gold_loss":0}],"is_beta":false,"boss_relics":[],"items_purged_floors":[],"is_endless":false,"potions_floor_spawned":[6],"killed_by":"Gremlin Nob","ascension_level":0}