{"gold_per_floor":[118,118,132,146,146,178,192,48,48,74,74,109,109,109,109,210,210,229,144,144,161,161,161],"floor_reached":23,"playtime":1508,"items_purged":["Defend_B"],"score":331,"play_id":"2e9c3cab-2a18-4234-92aa-ce80dca3733e","local_time":"20190201212925","is_ascension_mode":true,"campfire_choices":[{"floor":11,"key":"DIG"},{"data":"Redo","floor":15,"key":"SMITH"}],"neow_cost":"NONE","seed_source_timestamp":771584841575700,"circlet_count":0,"master_deck":["AscendersBane","Strike_B+1","Strike_B+1","Strike_B+1","Defend_B+1","Defend_B+1","Defend_B+1","Zap+1","Dualcast","Cold Snap","Go for the Eyes","Sweeping Beam","Doom and Gloom","Self Repair","Capacitor","Coolheaded","Redo+1","Echo Form","Barrage"],"relics":["Cracked Core","Happy Flower","Meat on the Bone","StoneCalendar","Shovel","Oddly Smooth Stone","Dream Catcher","CultistMask","Philosopher\u0027s Stone","Gremlin Horn"],"potions_floor_usage":[10,10,16,23],"damage_taken":[{"damage":6,"enemies":"2 Louse","floor":1,"turns":2},{"damage":0,"enemies":"Small Slimes","floor":3,"turns":3},{"damage":0,"enemies":"Cultist","floor":4,"turns":4},{"damage":29,"enemies":"3 Sentries","floor":6,"turns":6},{"damage":2,"enemies":"Blue Slaver","floor":7,"turns":3},{"damage":4,"enemies":"Gremlin Nob","floor":10,"turns":4},{"damage":13,"enemies":"3 Sentries","floor":12,"turns":5},{"damage":12,"enemies":"Slime Boss","floor":16,"turns":7},{"damage":19,"enemies":"Shell Parasite","floor":18,"turns":5},{"damage":27,"enemies":"3 Byrds","floor":21,"turns":4},{"damage":46,"enemies":"Book of Stabbing","floor":23,"turns":4}],"seed_played":"7678484608979352488","potions_obtained":[{"floor":6,"key":"FocusPotion"},{"floor":7,"key":"EssenceOfSteel"},{"floor":10,"key":"Dexterity Potion"},{"floor":12,"key":"Fire Potion"},{"floor":21,"key":"AttackPotion"}],"is_trial":false,"path_per_floor":["M","?","M","M","?","E","M","$","T","E","R","E","?","?","R","B",null,"M","?","?","M","?","E"],"character_chosen":"DEFECT","items_purchased":["Capacitor"],"campfire_rested":0,"item_purchase_floors":[8],"current_hp_per_floor":[62,55,55,55,55,26,36,36,36,51,51,38,63,63,63,58,71,52,52,52,44,44,0],"gold":161,"neow_bonus":"RANDOM_COMMON_RELIC","is_prod":false,"is_daily":false,"chose_seed":false,"campfire_upgraded":1,"win_rate":0,"timestamp":1549056565,"path_taken":["M","?","M","M","?","E","M","$","T","E","R","E","?","?","R","BOSS","M","?","?","M","?","E"],"build_version":"2019-01-23","purchased_purges":1,"victory":false,"max_hp_per_floor":[75,75,75,75,75,75,75,75,75,75,75,75,75,75,75,75,75,75,75,75,75,75,75],"card_choices":[{"not_picked":["Ball Lightning","Streamline"],"picked":"Cold Snap","floor":1},{"not_picked":["Compile Driver","Rebound"],"picked":"Go for the Eyes","floor":3},{"not_picked":["Reprogram","Doom and Gloom"],"picked":"Sweeping Beam","floor":4},{"not_picked":["Beam Cell","Multi-Cast"],"picked":"Doom and Gloom","floor":6},{"not_picked":["Go for the Eyes","Conserve Battery"],"picked":"Self Repair","floor":7},{"not_picked":["Barrage","Capacitor"],"picked":"Coolheaded","floor":10},{"not_picked":["Stack","Genetic Algorithm"],"picked":"Redo","floor":12},{"not_picked":["Buffer","Machine Learning"],"picked":"Echo Form","floor":16},{"not_picked":["Steam Power","Rebound","Hello World"],"picked":"SKIP","floor":18},{"not_picked":["Ball Lightning","Darkness"],"picked":"Barrage","floor":21}],"player_experience":234549,"relics_obtained":[{"floor":6,"key":"Meat on the Bone"},{"floor":9,"key":"StoneCalendar"},{"floor":10,"key":"Shovel"},{"floor":11,"key":"Oddly Smooth Stone"},{"floor":12,"key":"Dream Catcher"}],"event_choices":[{"cards_removed":["Strike_B"],"damage_healed":0,"gold_gain":0,"player_choice":"Card Removal","damage_taken":7,"max_hp_gain":0,"max_hp_loss":0,"event_name":"Golden Wing","floor":2,"gold_loss":0},{"damage_healed":0,"gold_gain":0,"player_choice":"Grow","damage_taken":0,"max_hp_gain":0,"max_hp_loss":0,"event_name":"Living Wall","floor":5,"gold_loss":0,"cards_upgraded":["Zap"]},{"damage_healed":25,"gold_gain":0,"player_choice":"Banana","damage_taken":0,"max_hp_gain":0,"max_hp_loss":0,"event_name":"Big Fish","floor":13,"gold_loss":0},{"damage_healed":0,"gold_gain":0,"player_choice":"Trade","damage_taken":0,"relics_obtained":["CultistMask"],"max_hp_gain":0,"max_hp_loss":0,"event_name":"FaceTrader","floor":14,"gold_loss":0},{"damage_healed":0,"gold_gain":0,"player_choice":"Obtained Relic","damage_taken":0,"relics_obtained":["Gremlin Horn"],"max_hp_gain":0,"max_hp_loss":0,"event_name":"Addict","floor":19,"gold_loss":85},{"damage_healed":0,"gold_gain":0,"player_choice":"Simplicity","damage_taken":0,"max_hp_gain":0,"max_hp_loss":0,"event_name":"Back to Basics","floor":20,"gold_loss":0,"cards_upgraded":["Strike_B","Strike_B","Strike_B","Defend_B","Defend_B","Defend_B"]},{"damage_healed":0,"gold_gain":0,"player_choice":"Ignored","damage_taken":0,"max_hp_gain":0,"max_hp_loss":0,"event_name":"Vampires","floor":22,"gold_loss":0}],"is_beta":false,"boss_relics":[{"not_picked":["Eternal Feather","Astrolabe"],"picked":"Philosopher\u0027s Stone"}],"items_purged_floors":[8],"is_endless":false,"potions_floor_spawned":[6,7,10,12,21],"killed_by":"Book of Stabbing","ascension_level":12}