{"path_per_floor":["M","M","M","M","M","R","?","R","T","?","R","M","R","E","R","B",null,"M"],"character_chosen":"IRONCLAD","items_purchased":[],"gold_per_floor":[109,119,132,148,163,163,163,163,163,232,232,248,248,279,279,410,410,426,426],"floor_reached":19,"campfire_rested":1,"playtime":1324,"item_purchase_floors":[],"current_hp_per_floor":[88,88,88,83,73,73,73,73,73,52,52,40,40,15,39,39,81,53,0],"items_purged":[],"gold":426,"score":169,"play_id":"b23a53b8-e1fb-4bb2-8e06-bc5f8d443fa3","local_time":"20180616012524","is_prod":false,"is_daily":false,"chose_seed":false,"is_ascension_mode":false,"campfire_upgraded":4,"win_rate":0,"timestamp":1529105124,"campfire_choices":[{"data":"Infernal Blade","floor":6,"key":"SMITH"},{"data":"Heavy Blade","floor":8,"key":"SMITH"},{"data":"Clash","floor":11,"key":"SMITH"},{"data":"Dark Embrace","floor":13,"key":"SMITH"},{"floor":15,"key":"REST"}],"path_taken":["M","M","M","M","M","R","?","R","T","?","R","M","R","E","R","BOSS","M","M"],"build_version":"2018-06-14v2","seed_source_timestamp":691046929293958,"purchased_purges":0,"victory":false,"master_deck":["Strike_R","Strike_R","Strike_R","Strike_R","Strike_R","Defend_R","Defend_R","Defend_R","Defend_R","Bash","Clash+1","Heavy Blade+1","Wild Strike","Infernal Blade+1","Clothesline","Dark Embrace+1","Spot Weakness","Juggernaut","Headbutt"],"max_hp_per_floor":[88,88,88,88,88,88,81,81,81,81,81,81,81,81,81,81,81,81,81],"relics":["Black Blood","Golden Idol","Champion Belt","Pantograph","Incense Burner"],"card_choices":[{"not_picked":["Combust","Whirlwind"],"picked":"Clash","floor":1},{"not_picked":["Havoc","Corruption","Disarm"],"picked":"SKIP","floor":2},{"not_picked":["Rupture","Intimidate"],"picked":"Heavy Blade","floor":3},{"not_picked":["Sever Soul","Disarm"],"picked":"Wild Strike","floor":4},{"not_picked":["Anger","Warcry"],"picked":"Infernal Blade","floor":5},{"not_picked":["Havoc","Twin Strike"],"picked":"Clothesline","floor":10},{"not_picked":["Reckless Charge","Hemokinesis"],"picked":"Dark Embrace","floor":12},{"not_picked":["Feel No Pain","Flame Barrier"],"picked":"Spot Weakness","floor":14},{"not_picked":["Bludgeon","Impervious"],"picked":"Juggernaut","floor":16},{"not_picked":["Rupture","Warcry"],"picked":"Headbutt","floor":18}],"player_experience":28850,"potions_floor_usage":[16,16],"damage_taken":[{"damage":5,"enemies":"Small Slimes","floor":1,"turns":4},{"damage":6,"enemies":"Jaw Worm","floor":2,"turns":3},{"damage":0,"enemies":"Cultist","floor":3,"turns":2},{"damage":11,"enemies":"Blue Slaver","floor":4,"turns":4},{"damage":16,"enemies":"2 Fungi Beasts","floor":5,"turns":4},{"damage":27,"enemies":"Gremlin Nob","floor":10,"turns":4},{"damage":18,"enemies":"Exordium Thugs","floor":12,"turns":4},{"damage":31,"enemies":"3 Sentries","floor":14,"turns":9},{"damage":31,"enemies":"Hexaghost","floor":16,"turns":8},{"damage":38,"enemies":"Spheric Guardian","floor":18,"turns":6},{"damage":55,"enemies":"3 Byrds","floor":19,"turns":5}],"relics_obtained":[{"floor":9,"key":"Champion Belt"},{"floor":10,"key":"Pantograph"},{"floor":14,"key":"Incense Burner"}],"event_choices":[{"event_name":"Golden Idol","player_choice":"Lose Max HP","floor":7,"damage_taken":0},{"event_name":"Dead Adventurer","player_choice":"Searched \u00271\u0027 times","floor":10,"damage_taken":0}],"boss_relics":[{"not_picked":["Astrolabe","Fusion Hammer"],"picked":"Black Blood"}],"items_purged_floors":[],"is_endless":false,"potions_floor_spawned":[1,3,4,5],"seed_played":"-7767385627489192423","killed_by":"3 Byrds","ascension_level":0,"potions_obtained":[{"floor":1,"key":"SpeedPotion"},{"floor":3,"key":"Energy Potion"},{"floor":4,"key":"GamblersBrew"},{"floor":5,"key":"Swift Potion"}],"is_trial":false}