{"gold_per_floor":[116,116,116,41,41,41,73,83,83,100,100,111,111,126,126,223,223,240,240,240],"floor_reached":20,"playtime":996,"items_purged":["Strike_B"],"score":172,"play_id":"54476002-be74-4b6b-bbae-3ba6030db741","local_time":"20181231153028","is_ascension_mode":false,"campfire_choices":[{"data":"Conserve Battery","floor":6,"key":"SMITH"},{"floor":13,"key":"REST"},{"data":"Sweeping Beam","floor":15,"key":"SMITH"}],"neow_cost":"TEN_PERCENT_HP_LOSS","seed_source_timestamp":838242946068212,"circlet_count":0,"master_deck":["Strike_B","Strike_B","Defend_B","Zap+1","Dualcast","Conserve Battery+1","Leap","Sweeping Beam","Sweeping Beam+1","Electrodynamics"],"relics":["Cracked Core"],"potions_floor_usage":[20,20],"damage_taken":[{"damage":3,"enemies":"Jaw Worm","floor":1,"turns":3},{"damage":44,"enemies":"3 Sentries","floor":7,"turns":9},{"damage":0,"enemies":"Small Slimes","floor":8,"turns":4},{"damage":0,"enemies":"2 Louse","floor":10,"turns":2},{"damage":4,"enemies":"Lots of Slimes","floor":12,"turns":3},{"damage":0,"enemies":"Blue Slaver","floor":14,"turns":2},{"damage":14,"enemies":"Hexaghost","floor":16,"turns":9},{"damage":10,"enemies":"2 Thieves","floor":18,"turns":2},{"damage":5,"enemies":"Colosseum Slavers","floor":20,"turns":4},{"damage":47,"enemies":"Colosseum Nobs","floor":20,"turns":3}],"seed_played":"1096960322856983111","potions_obtained":[{"floor":7,"key":"Swift Potion"},{"floor":10,"key":"Block Potion"}],"is_trial":false,"path_per_floor":["M","?","?","$","?","R","E","M","T","M","?","M","R","M","R","B",null,"M","?","?"],"character_chosen":"DEFECT","items_purchased":[],"campfire_rested":1,"item_purchase_floors":[],"current_hp_per_floor":[65,70,63,63,63,63,19,19,19,19,19,15,36,36,36,22,73,63,50,0],"gold":240,"neow_bonus":"REMOVE_TWO","is_prod":false,"is_daily":false,"chose_seed":false,"campfire_upgraded":2,"win_rate":0,"timestamp":1546282828,"path_taken":["M","?","?","$","?","R","E","M","T","?","?","M","R","M","R","BOSS","M","?","?"],"build_version":"2018-12-20","purchased_purges":1,"victory":false,"max_hp_per_floor":[68,73,73,73,73,73,73,73,73,73,73,73,73,73,73,73,73,73,78,78],"card_choices":[{"not_picked":["Redo","Turbo"],"picked":"Conserve Battery","floor":1},{"not_picked":["Gash","Compile Driver"],"picked":"Leap","floor":7},{"not_picked":["Steam","Rebound","Go for the Eyes"],"picked":"SKIP","floor":8},{"not_picked":["Steam","Aggregate"],"picked":"Sweeping Beam","floor":10},{"not_picked":["Fusion","Fission"],"picked":"Sweeping Beam","floor":12},{"not_picked":["Steam","Stack","Hologram"],"picked":"SKIP","floor":14},{"not_picked":["All For One","Reboot"],"picked":"Electrodynamics","floor":16},{"not_picked":["Auto Shields+1","Skim","Beam Cell"],"picked":"SKIP","floor":18}],"player_experience":138083,"relics_obtained":[],"event_choices":[{"damage_healed":0,"gold_gain":0,"player_choice":"Donut","damage_taken":0,"max_hp_gain":5,"max_hp_loss":0,"event_name":"Big Fish","floor":2,"gold_loss":0},{"cards_removed":["Defend_B"],"damage_healed":0,"gold_gain":0,"player_choice":"Card Removal","damage_taken":7,"max_hp_gain":0,"max_hp_loss":0,"event_name":"Golden Wing","floor":3,"gold_loss":0},{"damage_healed":0,"gold_gain":0,"player_choice":"Forge","damage_taken":0,"max_hp_gain":0,"max_hp_loss":0,"event_name":"Accursed Blacksmith","floor":5,"gold_loss":0,"cards_upgraded":["Zap"]},{"cards_removed":["Defend_B"],"damage_healed":0,"gold_gain":0,"player_choice":"Forget","damage_taken":0,"max_hp_gain":0,"max_hp_loss":0,"event_name":"Living Wall","floor":11,"gold_loss":0},{"damage_healed":0,"gold_gain":0,"player_choice":"Shed Blood","damage_taken":18,"max_hp_gain":5,"max_hp_loss":0,"event_name":"Forgotten Altar","floor":19,"gold_loss":0},{"damage_healed":0,"gold_gain":0,"player_choice":"Fight","damage_taken":0,"max_hp_gain":0,"max_hp_loss":0,"event_name":"Colosseum","floor":20,"gold_loss":0},{"damage_healed":0,"gold_gain":0,"player_choice":"Fought Nobs","damage_taken":0,"max_hp_gain":0,"max_hp_loss":0,"event_name":"Colosseum","floor":20,"gold_loss":0}],"is_beta":false,"boss_relics":[{"not_picked":["Pandora\u0027s Box","Tiny House","Empty Cage"]}],"items_purged_floors":[4],"is_endless":false,"potions_floor_spawned":[7,10,20],"killed_by":"Colosseum Nobs","ascension_level":0}