{"gold_per_floor":[118,118,139,139,40,74,89,89,89,127,2,15,15,28,28,151,151,166,189,288,307,307,307,328,43,118,118,141,17,17,43,43,174,174,190,190,205,218,242,242,242,242,269,269,290,315,315,315,315,315],"floor_reached":51,"playtime":2412,"items_purged":["Injury","Strike_B"],"score":1093,"play_id":"a7a5a10a-a4a1-4fb8-973c-c4334425ad88","local_time":"20190202153304","is_ascension_mode":true,"campfire_choices":[{"data":"Zap","floor":8.0,"key":"SMITH"},{"data":"Dualcast","floor":13.0,"key":"SMITH"},{"data":"Loop","floor":15.0,"key":"SMITH"},{"floor":23.0,"key":"REST"},{"floor":27.0,"key":"REST"},{"data":"Hologram","floor":30.0,"key":"SMITH"},{"floor":32.0,"key":"REST"},{"data":"Buffer","floor":40.0,"key":"SMITH"},{"data":"Consume","floor":42.0,"key":"SMITH"},{"floor":44.0,"key":"REST"},{"data":"Steam","floor":49,"key":"SMITH"}],"neow_cost":"NONE","seed_source_timestamp":0,"circlet_count":0,"master_deck":["AscendersBane","Zap+1","Dualcast+1","Gash","Loop+1","Leap","FTL","FTL","Coolheaded","Coolheaded","Sweeping Beam","Go for the Eyes","Coolheaded","Buffer+1","Leap","Steam","Biased Cognition","Beam Cell","Gash","Static Discharge","Conserve Battery+1","Flash of Steel","Heatsinks","Consume+1","Hologram+1","Heatsinks","Amplify","Amplify","Creative AI","Darkness","Sunder","Steam+1","Streamline","Redo","Go for the Eyes+1","Leap+1","Redo+1","BootSequence","Storm+1"],"special_seed":0,"relics":["Cracked Core","NeowsBlessing","Golden Idol","Shuriken","Mummified Hand","PreservedInsect","Orrery","Ornamental Fan","DataDisk","Pandora\u0027s Box","Gremlin Horn","Bronze Scales","Cables","Pantograph"],"potions_floor_usage":[50,50],"damage_taken":[{"damage":0.0,"enemies":"Jaw Worm","floor":1.0,"turns":1.0},{"damage":0.0,"enemies":"Small Slimes","floor":3.0,"turns":1.0},{"damage":0.0,"enemies":"Gremlin Nob","floor":6.0,"turns":1.0},{"damage":0.0,"enemies":"2 Louse","floor":7.0,"turns":3.0},{"damage":20.0,"enemies":"3 Sentries","floor":10.0,"turns":5.0},{"damage":0.0,"enemies":"Exordium Wildlife","floor":12.0,"turns":3.0},{"damage":4.0,"enemies":"Red Slaver","floor":14.0,"turns":3.0},{"damage":34.0,"enemies":"Hexaghost","floor":16.0,"turns":12.0},{"damage":7.0,"enemies":"3 Byrds","floor":18.0,"turns":3.0},{"damage":27.0,"enemies":"Spheric Guardian","floor":19.0,"turns":6.0},{"damage":25.0,"enemies":"Snecko","floor":21.0,"turns":10.0},{"damage":26.0,"enemies":"Snake Plant","floor":24.0,"turns":5.0},{"damage":28.0,"enemies":"3 Cultists","floor":28.0,"turns":5.0},{"damage":30.0,"enemies":"Collector","floor":33.0,"turns":8.0},{"damage":2.0,"enemies":"Orb Walker","floor":35.0,"turns":3.0},{"damage":26.0,"enemies":"3 Shapes","floor":37.0,"turns":4.0},{"damage":3.0,"enemies":"Sphere and 2 Shapes","floor":38.0,"turns":6.0},{"damage":0.0,"enemies":"Writhing Mass","floor":39.0,"turns":4.0},{"damage":2,"enemies":"Transient","floor":45,"turns":5},{"damage":6,"enemies":"3 Darklings","floor":46,"turns":6},{"damage":46,"enemies":"Awakened One","floor":50,"turns":8}],"seed_played":"8838758823035386950","potions_obtained":[{"floor":6.0,"key":"PowerPotion"},{"floor":12.0,"key":"FearPotion"},{"floor":14.0,"key":"Fire Potion"},{"floor":21.0,"key":"FocusPotion"},{"floor":33.0,"key":"FocusPotion"},{"floor":38.0,"key":"PowerPotion"},{"floor":39.0,"key":"Explosive Potion"}],"is_trial":false,"path_per_floor":["M","?","M","?","$","E","M","R","T","E","$","M","R","M","R","B",null,"M","M","?","M","?","R","M","$","T","R","M","$","R","T","R","B",null,"M","?","M","M","M","R","T","R","T","R","M","M","T","T","R","B",null],"character_chosen":"DEFECT","items_purchased":["Leap","Coolheaded","Block Potion","Sweeping Beam","Flash of Steel","Heatsinks","PowerPotion","Hologram","Heatsinks"],"campfire_rested":4,"item_purchase_floors":[5,11,11,11,25,25,25,29,29],"current_hp_per_floor":[68,68,68,73,73,73,73,73,73,53,53,53,53,49,49,15,64,57,30,30,5,31,55,29,29,29,53,25,25,25,25,49,19,65,63,63,37,34,34,34,34,34,34,58,56,50,50,50,50,29],"gold":315,"neow_bonus":"THREE_ENEMY_KILL","is_prod":false,"is_daily":false,"chose_seed":false,"campfire_upgraded":7,"win_rate":0,"timestamp":1549150384,"path_taken":["M","?","M","?","$","E","M","R","T","E","?","M","R","?","R","BOSS","M","M","?","M","?","R","M","$","T","R","M","$","R","?","R","BOSS","M","?","M","M","M","R","?","R","T","R","M","M","?","?","R","BOSS"],"build_version":"2019-01-23","purchased_purges":2,"victory":true,"max_hp_per_floor":[75,75,75,80,80,80,80,80,80,80,80,80,80,80,80,80,80,80,80,80,80,80,80,80,80,80,80,80,80,80,80,80,80,80,80,80,80,80,80,80,80,80,80,80,80,80,80,80,80,80],"card_choices":[{"not_picked":["Stack","Rip and Tear"],"picked":"Gash","floor":1.0},{"not_picked":["Barrage","Ball Lightning"],"picked":"Loop","floor":3.0},{"not_picked":["Sweeping Beam","Cold Snap"],"picked":"FTL","floor":6.0},{"not_picked":["Rebound","Hyperbeam"],"picked":"FTL","floor":7.0},{"not_picked":["Storm","Auto Shields"],"picked":"Coolheaded","floor":10.0},{"not_picked":["Undo","Rip and Tear"],"picked":"Go for the Eyes","floor":12.0},{"not_picked":["Barrage","Compile Driver"],"picked":"Coolheaded","floor":14.0},{"not_picked":["Amplify","Reboot"],"picked":"Buffer","floor":16.0},{"not_picked":["Undo","Rebound"],"picked":"Leap","floor":17.0},{"not_picked":["Beam Cell","Hologram"],"picked":"Steam","floor":17.0},{"not_picked":["Coolheaded","Darkness"],"picked":"Biased Cognition","floor":17.0},{"not_picked":["Ball Lightning","Blizzard"],"picked":"Beam Cell","floor":17.0},{"not_picked":["Steam","Storm"],"picked":"Gash","floor":17.0},{"not_picked":["Turbo","Thunder Strike","Genetic Algorithm"],"picked":"SKIP","floor":18.0},{"not_picked":["Cold Snap","Conserve Battery","Barrage"],"picked":"SKIP","floor":19.0},{"not_picked":["Ball Lightning","Undo"],"picked":"Static Discharge","floor":21.0},{"not_picked":["Coolheaded","Leap"],"picked":"Conserve Battery+1","floor":24.0},{"not_picked":["Conserve Battery","Thunder Strike"],"picked":"Consume","floor":28.0},{"not_picked":["All For One","Seek"],"picked":"Amplify","floor":33.0},{"not_picked":["Steam","Rip and Tear"],"picked":"Go for the Eyes+1","floor":35.0},{"not_picked":["Fusion+1","Auto Shields"],"picked":"Leap+1","floor":37.0},{"not_picked":["Reprogram+1","Turbo+1"],"picked":"Redo+1","floor":38.0},{"not_picked":["Redo","Chill","Stack"],"picked":"SKIP","floor":39.0},{"not_picked":["Rebound+1","Blizzard"],"picked":"BootSequence","floor":45},{"not_picked":["Go for the Eyes+1","Barrage+1"],"picked":"Storm+1","floor":46}],"player_experience":396883,"relics_obtained":[{"floor":6.0,"key":"Shuriken"},{"floor":9.0,"key":"Mummified Hand"},{"floor":10.0,"key":"PreservedInsect"},{"floor":26.0,"key":"Ornamental Fan"},{"floor":31.0,"key":"DataDisk"},{"floor":41.0,"key":"Gremlin Horn"},{"floor":43.0,"key":"Bronze Scales"},{"floor":47,"key":"Cables"},{"floor":48,"key":"Pantograph"}],"event_choices":[{"damage_healed":0.0,"max_hp_gain":0.0,"max_hp_loss":0.0,"gold_gain":0.0,"event_name":"Golden Idol","player_choice":"Take Wound","floor":2.0,"gold_loss":0.0,"damage_taken":0.0,"relics_obtained":["Golden Idol"],"cards_obtained":["Injury"]},{"damage_healed":0.0,"max_hp_gain":5.0,"max_hp_loss":0.0,"gold_gain":0.0,"event_name":"Big Fish","player_choice":"Donut","floor":4.0,"gold_loss":0.0,"damage_taken":0.0},{"damage_healed":0.0,"max_hp_gain":0.0,"max_hp_loss":0.0,"gold_gain":99.0,"event_name":"Nest","player_choice":"Stole From Cult","floor":20.0,"gold_loss":0.0,"damage_taken":0.0},{"damage_healed":26.0,"max_hp_gain":0.0,"max_hp_loss":0.0,"gold_gain":0.0,"event_name":"The Library","player_choice":"Heal","floor":22.0,"gold_loss":0.0,"damage_taken":0.0},{"damage_healed":0.0,"max_hp_gain":0.0,"max_hp_loss":0.0,"gold_gain":0.0,"event_name":"Mysterious Sphere","player_choice":"Ignored","floor":36.0,"gold_loss":0.0,"damage_taken":0.0}],"is_beta":false,"boss_relics":[{"not_picked":["Snecko Eye","Busted Crown"],"picked":"Orrery"},{"not_picked":["Black Star","White Beast Statue"],"picked":"Pandora\u0027s Box"}],"items_purged_floors":[5,25],"is_endless":false,"potions_floor_spawned":[6,12,14,21,28,33,38,39,45],"ascension_level":11}