{"gold_per_floor":[115,115,40,115,115,115,133,158,158,158,176,210,221,235,235,235],"floor_reached":16,"playtime":608,"items_purged":["Strike_R"],"score":257,"play_id":"9608186c-5754-4170-9656-9fe4c7e2d069","local_time":"20190105044359","is_ascension_mode":true,"campfire_choices":[{"data":"Limit Break","floor":6,"key":"SMITH"},{"data":"Ghostly Armor","floor":10,"key":"SMITH"},{"data":"Body Slam","floor":15,"key":"SMITH"}],"neow_cost":"NONE","seed_source_timestamp":2437467522778930,"circlet_count":0,"master_deck":["AscendersBane","Strike_R","Strike_R","Strike_R","Strike_R","Defend_R","Defend_R","Defend_R","Defend_R","Bash","Pommel Strike+1","Limit Break+1","Ghostly Armor+1","Disarm","Body Slam+1"],"special_seed":0,"relics":["Burning Blood","NeowsBlessing","Paper Frog","Omamori"],"potions_floor_usage":[14,16],"damage_taken":[{"damage":0.0,"enemies":"Cultist","floor":1.0,"turns":1.0},{"damage":0,"enemies":"2 Louse","floor":7,"turns":1},{"damage":0,"enemies":"Gremlin Nob","floor":8,"turns":1},{"damage":7,"enemies":"Jaw Worm","floor":11,"turns":3},{"damage":42,"enemies":"3 Sentries","floor":12,"turns":12},{"damage":24,"enemies":"Exordium Thugs","floor":13,"turns":8},{"damage":5,"enemies":"Red Slaver","floor":14,"turns":3},{"damage":50,"enemies":"The Guardian","floor":16,"turns":13}],"seed_played":"-6860177729026593215","potions_obtained":[{"floor":1.0,"key":"SmokeBomb"},{"floor":7,"key":"Dexterity Potion"},{"floor":11,"key":"Poison Potion"},{"floor":14,"key":"BloodPotion"}],"is_trial":false,"path_per_floor":["M","?","$","?","?","R","M","E","T","R","M","E","M","M","R","B"],"character_chosen":"IRONCLAD","items_purchased":[],"campfire_rested":0,"item_purchase_floors":[],"current_hp_per_floor":[74,74,74,63,63,63,69,75,75,75,74,38,20,21,21,0],"gold":235,"neow_bonus":"THREE_ENEMY_KILL","is_prod":false,"is_daily":false,"chose_seed":false,"campfire_upgraded":3,"win_rate":0,"timestamp":1546659839,"path_taken":["M","?","$","?","?","R","M","E","T","R","M","E","?","M","R","BOSS"],"build_version":"2019-01-03v4","purchased_purges":1,"victory":false,"max_hp_per_floor":[75,75,75,75,75,75,75,75,75,75,75,75,75,75,75,75],"card_choices":[{"not_picked":["Rage","Iron Wave"],"picked":"Pommel Strike","floor":1.0},{"not_picked":["Corruption","Reckless Charge"],"picked":"Ghostly Armor","floor":7},{"not_picked":["Warcry","Impervious","Power Through"],"picked":"SKIP","floor":8},{"not_picked":["Havoc","Seeing Red","Thunderclap"],"picked":"SKIP","floor":11},{"not_picked":["Perfected Strike","Havoc"],"picked":"Disarm","floor":12},{"not_picked":["Ghostly Armor","Wild Strike","Metallicize"],"picked":"SKIP","floor":13},{"not_picked":["Seeing Red","True Grit"],"picked":"Body Slam","floor":14}],"player_experience":674425,"relics_obtained":[{"floor":8,"key":"Paper Frog"},{"floor":12,"key":"Omamori"}],"event_choices":[{"damage_healed":0.0,"max_hp_gain":0.0,"max_hp_loss":0.0,"gold_gain":0.0,"event_name":"Living Wall","player_choice":"Grow","floor":2.0,"gold_loss":0.0,"damage_taken":0.0,"cards_upgraded":["Pommel Strike"]},{"damage_healed":0.0,"max_hp_gain":0.0,"max_hp_loss":0.0,"gold_gain":75.0,"event_name":"World of Goop","player_choice":"Gather Gold","floor":4.0,"gold_loss":0.0,"damage_taken":11.0},{"damage_healed":0,"gold_gain":0,"player_choice":"1 cards matched","damage_taken":0,"max_hp_gain":0,"max_hp_loss":0,"event_name":"Match and Keep!","floor":5,"gold_loss":0,"cards_obtained":["Limit Break"]}],"is_beta":false,"boss_relics":[],"items_purged_floors":[3],"is_endless":false,"potions_floor_spawned":[1,7,11,14],"killed_by":"The Guardian","ascension_level":18}