{"gold_per_floor":[110,121,121,121,147,147,182,69,69,69,34,53,2,13,13,13],"floor_reached":16,"playtime":507,"items_purged":[],"score":127,"play_id":"ef0ded74-950e-4aa1-88a4-7c9b2678d2b5","local_time":"20190105053220","is_ascension_mode":true,"campfire_choices":[{"data":"Noxious Fumes","floor":6.0,"key":"SMITH"},{"data":"Footwork","floor":15,"key":"SMITH"}],"neow_cost":"NONE","seed_source_timestamp":2440435624425698,"circlet_count":0,"master_deck":["Defend_G","Defend_G","Defend_G","Defend_G+1","Defend_G","Strike_G","Strike_G","Strike_G","Strike_G","Survivor","Neutralize","Malaise","Noxious Fumes+1","Poisoned Stab+1","Footwork+1","Catalyst","Poisoned Stab"],"special_seed":0,"relics":["Ring of the Snake","Bag of Preparation","Oddly Smooth Stone","Ice Cream"],"potions_floor_usage":[],"damage_taken":[{"damage":1.0,"enemies":"2 Louse","floor":1.0,"turns":3.0},{"damage":5.0,"enemies":"Jaw Worm","floor":2.0,"turns":6.0},{"damage":14.0,"enemies":"Gremlin Nob","floor":7.0,"turns":5.0},{"damage":0,"enemies":"Small Slimes","floor":12,"turns":3},{"damage":6,"enemies":"3 Louse","floor":14,"turns":3},{"damage":36,"enemies":"Slime Boss","floor":16,"turns":6}],"seed_played":"484536070496949945","potions_obtained":[{"floor":1.0,"key":"SpeedPotion"},{"floor":2.0,"key":"Swift Potion"},{"floor":12,"key":"FearPotion"}],"is_trial":false,"path_per_floor":["M","M","?","?","T","R","E","$","T","?","?","M","$","M","R","B"],"character_chosen":"THE_SILENT","items_purchased":["Footwork","Catalyst","PowerPotion"],"campfire_rested":0,"item_purchase_floors":[8,8,13],"current_hp_per_floor":[62,57,50,36,36,36,22,22,22,22,39,39,39,33,33,0],"gold":13,"neow_bonus":"ONE_RANDOM_RARE_CARD","is_prod":false,"is_daily":false,"chose_seed":false,"campfire_upgraded":2,"win_rate":0,"timestamp":1546662740,"path_taken":["M","M","?","?","?","R","E","$","T","?","?","M","?","?","R","BOSS"],"build_version":"2019-01-03v4","purchased_purges":0,"victory":false,"max_hp_per_floor":[70,70,70,70,70,70,70,70,70,70,70,70,70,70,70,70],"card_choices":[{"not_picked":["Backstab","Predator"],"picked":"Noxious Fumes","floor":1.0},{"not_picked":["Predator","Flying Knee"],"picked":"Poisoned Stab","floor":2.0},{"not_picked":["Underhanded Strike","Masterful Stab","Heel Hook"],"picked":"SKIP","floor":7.0},{"not_picked":["Heel Hook","Prepared","Tactician"],"picked":"SKIP","floor":12},{"not_picked":["Slice","PiercingWail"],"picked":"Poisoned Stab","floor":14}],"player_experience":677004,"relics_obtained":[{"floor":5.0,"key":"Bag of Preparation"},{"floor":7.0,"key":"Oddly Smooth Stone"},{"floor":9.0,"key":"Ice Cream"}],"event_choices":[{"cards_removed":["Strike_G"],"damage_healed":0.0,"max_hp_gain":0.0,"max_hp_loss":0.0,"gold_gain":0.0,"event_name":"Golden Wing","player_choice":"Card Removal","floor":3.0,"gold_loss":0.0,"damage_taken":7.0},{"damage_healed":0.0,"max_hp_gain":0.0,"max_hp_loss":0.0,"gold_gain":0.0,"event_name":"Shining Light","player_choice":"Entered Light","floor":4.0,"gold_loss":0.0,"damage_taken":14.0,"cards_upgraded":["Poisoned Stab","Defend_G"]},{"damage_healed":0,"gold_gain":0,"player_choice":"Searched \u00271\u0027 times","damage_taken":0,"max_hp_gain":0,"max_hp_loss":0,"event_name":"Dead Adventurer","floor":10,"gold_loss":0},{"damage_healed":17,"gold_gain":0,"player_choice":"Healed","damage_taken":0,"max_hp_gain":0,"max_hp_loss":0,"event_name":"The Cleric","floor":11,"gold_loss":35}],"is_beta":false,"boss_relics":[],"items_purged_floors":[],"is_endless":false,"potions_floor_spawned":[1,2,12],"killed_by":"Slime Boss","ascension_level":6}