{"gold_per_floor":[116,116,116,41,56,81,81,112,112,124,138,166,166,166,166,166],"floor_reached":16,"playtime":781,"items_purged":["Defend_B"],"score":146,"play_id":"40163046-feff-4545-838f-a2e801c2d1b6","local_time":"20181229135926","is_ascension_mode":true,"campfire_choices":[{"data":"Leap","floor":7,"key":"SMITH"},{"data":"Go for the Eyes","floor":13,"key":"SMITH"},{"data":"Redo","floor":15,"key":"SMITH"}],"neow_cost":"NONE","seed_source_timestamp":660193050173965,"circlet_count":0,"master_deck":["Strike_B","Strike_B","Defend_B","Defend_B","Defend_B","Zap","Dualcast+1","Compile Driver","Ball Lightning","Leap+1","Redo+1","Leap","Gash","Go for the Eyes+1","Steam"],"relics":["Cracked Core","NeowsBlessing","Question Card","Sundial","Ancient Tea Set","Odd Mushroom"],"potions_floor_usage":[8,10,12],"damage_taken":[{"damage":0,"enemies":"Cultist","floor":1,"turns":1},{"damage":0,"enemies":"Small Slimes","floor":5,"turns":1},{"damage":0,"enemies":"Lagavulin","floor":6,"turns":1},{"damage":25,"enemies":"3 Sentries","floor":8,"turns":9},{"damage":0,"enemies":"Jaw Worm","floor":10,"turns":1},{"damage":0,"enemies":"2 Fungi Beasts","floor":11,"turns":2},{"damage":12,"enemies":"The Mushroom Lair","floor":12,"turns":4},{"damage":33,"enemies":"The Guardian","floor":16,"turns":9}],"seed_played":"-4489062767519278523","potions_obtained":[{"floor":1,"key":"Swift Potion"},{"floor":8,"key":"Fire Potion"},{"floor":11,"key":"Weak Potion"}],"is_trial":false,"path_per_floor":["M","?","?","$","M","E","R","E","T","M","M","?","R","?","R","B"],"character_chosen":"DEFECT","items_purchased":[],"campfire_rested":0,"item_purchase_floors":[],"current_hp_per_floor":[75,68,68,68,68,68,68,43,43,43,43,31,31,31,31,0],"gold":166,"neow_bonus":"THREE_ENEMY_KILL","is_prod":false,"is_daily":false,"chose_seed":false,"campfire_upgraded":3,"win_rate":0,"timestamp":1546104566,"path_taken":["M","?","?","$","?","E","R","E","T","M","M","?","R","?","R","BOSS"],"build_version":"2018-12-20","purchased_purges":1,"victory":false,"max_hp_per_floor":[75,75,75,75,75,75,75,75,75,75,75,75,75,75,75,75],"card_choices":[{"not_picked":["Tempest","FTL"],"picked":"Compile Driver","floor":1},{"not_picked":["Go for the Eyes","Hologram"],"picked":"Ball Lightning","floor":5},{"not_picked":["Go for the Eyes","Meteor Strike"],"picked":"Leap","floor":6},{"not_picked":["Barrage","Gash","Darkness"],"picked":"Redo","floor":8},{"not_picked":["Steam Power","Hello World","Force Field"],"picked":"Leap","floor":10},{"not_picked":["Self Repair","Fusion","Steam"],"picked":"Gash","floor":11},{"not_picked":["Aggregate","Hologram","Rip and Tear"],"picked":"Go for the Eyes","floor":12}],"player_experience":99036,"relics_obtained":[{"floor":6,"key":"Question Card"},{"floor":8,"key":"Sundial"},{"floor":9,"key":"Ancient Tea Set"},{"floor":12,"key":"Odd Mushroom"}],"event_choices":[{"cards_removed":["Strike_B"],"damage_healed":0,"gold_gain":0,"player_choice":"Card Removal","damage_taken":7,"max_hp_gain":0,"max_hp_loss":0,"event_name":"Golden Wing","floor":2,"gold_loss":0},{"damage_healed":0,"gold_gain":0,"player_choice":"Upgraded","damage_taken":0,"max_hp_gain":0,"max_hp_loss":0,"event_name":"Upgrade Shrine","floor":3,"gold_loss":0,"cards_upgraded":["Dualcast"]},{"damage_healed":0,"gold_gain":0,"player_choice":"Fought Mushrooms","damage_taken":0,"max_hp_gain":0,"max_hp_loss":0,"event_name":"Mushrooms","floor":12,"gold_loss":0},{"damage_healed":0,"gold_gain":0,"cards_transformed":["Strike_B"],"player_choice":"Transformed","damage_taken":0,"max_hp_gain":0,"max_hp_loss":0,"event_name":"Transmorgrifier","floor":14,"gold_loss":0,"cards_obtained":["Steam"]}],"is_beta":false,"boss_relics":[],"items_purged_floors":[4],"is_endless":false,"potions_floor_spawned":[1,8,11],"killed_by":"The Guardian","ascension_level":2}