{"gold_per_floor":[113,113,113,38,113,113,157,157,207,207,28,54,70,114,114,238,238,211,15,35,35,58,58,58,58,58,101,81,115,115],"floor_reached":30,"playtime":1145,"items_purged":["Strike_G","Strike_G","Strike_G"],"score":416,"play_id":"cf7449c8-dec4-4d84-9d62-f8948aa08f4b","local_time":"20190201194232","is_ascension_mode":true,"campfire_choices":[{"data":"Neutralize","floor":6.0,"key":"SMITH"},{"data":"Sucker Punch","floor":10.0,"key":"SMITH"},{"data":"Catalyst","floor":15.0,"key":"SMITH"},{"floor":23.0,"key":"REST"},{"floor":25.0,"key":"REST"}],"neow_cost":"NONE","seed_source_timestamp":423985466142193,"circlet_count":0,"master_deck":["Defend_G","Defend_G","Defend_G","Defend_G","Defend_G","Survivor","Neutralize+1","Sucker Punch+1","Deadly Poison","Parasite","Well Laid Plans","Bane","Catalyst+1","Burst","Escape Plan","Deflect","Sucker Punch+1","Noxious Fumes+1","Well Laid Plans+1","Corpse Explosion","Leg Sweep","Deflect","Backflip+1","Necronomicurse","Catalyst"],"special_seed":0,"relics":["Ring of the Snake","NeowsBlessing","Golden Idol","Dream Catcher","Centennial Puzzle","PreservedInsect","Ancient Tea Set","Frozen Egg 2","Orrery","Necronomicon","Gremlin Horn","Torii","Pocketwatch"],"potions_floor_usage":[],"damage_taken":[{"damage":0.0,"enemies":"Cultist","floor":1.0,"turns":1.0},{"damage":0.0,"enemies":"3 Sentries","floor":7.0,"turns":1.0},{"damage":0.0,"enemies":"Small Slimes","floor":13.0,"turns":1.0},{"damage":4.0,"enemies":"Lagavulin","floor":14.0,"turns":5.0},{"damage":34.0,"enemies":"The Guardian","floor":16.0,"turns":15.0},{"damage":24.0,"enemies":"2 Thieves","floor":18.0,"turns":5.0},{"damage":16.0,"enemies":"Spheric Guardian","floor":20.0,"turns":5.0},{"damage":8.0,"enemies":"Snecko","floor":22.0,"turns":5.0},{"damage":9.0,"enemies":"Book of Stabbing","floor":27.0,"turns":4.0},{"damage":13.0,"enemies":"Gremlin Leader","floor":29.0,"turns":4.0},{"damage":0,"enemies":"3 Cultists","floor":30,"turns":1}],"seed_played":"5094597111712954643","potions_obtained":[{"floor":13.0,"key":"SpeedPotion"},{"floor":18.0,"key":"GamblersBrew"},{"floor":27.0,"key":"Swift Potion"},{"floor":28.0,"key":"Fruit Juice"}],"is_trial":false,"path_per_floor":["M","?","?","$","?","R","E","?","T","R","$","T","M","E","R","B",null,"M","$","M","?","M","R","?","R","T","E","?","E","M"],"character_chosen":"THE_SILENT","items_purchased":["Well Laid Plans","Noxious Fumes+1"],"campfire_rested":2,"item_purchase_floors":[11,19],"current_hp_per_floor":[63,63,51,51,40,40,40,56,56,56,56,56,56,52,52,18,53,29,29,13,13,5,24,8,27,27,18,23,10,10],"gold":115,"neow_bonus":"THREE_ENEMY_KILL","is_prod":false,"is_daily":false,"chose_seed":false,"campfire_upgraded":3,"win_rate":0,"timestamp":1549071752,"path_taken":["M","?","?","$","?","R","E","?","T","R","?","?","M","E","R","BOSS","M","$","M","?","M","R","?","R","T","E","?","E","?"],"build_version":"2019-01-23","purchased_purges":3,"victory":false,"max_hp_per_floor":[70,65,65,65,65,65,65,65,65,65,65,65,65,65,65,65,65,65,65,65,65,65,65,65,65,65,65,70,70,70],"card_choices":[{"not_picked":["Outmaneuver","Dodge and Roll"],"picked":"Sucker Punch","floor":1.0},{"not_picked":["Quick Slash","Dagger Throw"],"picked":"Deadly Poison","floor":7.0},{"not_picked":["Dagger Spray","Backflip"],"picked":"Bane","floor":13.0},{"not_picked":["Escape Plan","Cloak And Dagger"],"picked":"Catalyst","floor":14.0},{"not_picked":["Bullet Time","Wraith Form v2+1"],"picked":"Burst","floor":16.0},{"not_picked":["Slice","Dagger Spray"],"picked":"Escape Plan","floor":17.0},{"not_picked":["Underhanded Strike","Dagger Throw"],"picked":"Deflect","floor":17.0},{"not_picked":["Blur","Infinite Blades+1"],"picked":"Sucker Punch+1","floor":18.0},{"not_picked":["Bullet Time","Bane"],"picked":"Well Laid Plans+1","floor":20.0},{"not_picked":["Dodge and Roll","Blade Dance+1"],"picked":"Deflect","floor":22.0},{"not_picked":["Slice","Quick Slash+1"],"picked":"Backflip+1","floor":23.0},{"not_picked":["Blur","Quick Slash"],"picked":"Catalyst","floor":27.0},{"not_picked":["Choke","Flechettes","Venomology"],"picked":"SKIP","floor":29.0}],"player_experience":302694,"relics_obtained":[{"floor":7.0,"key":"Centennial Puzzle"},{"floor":9.0,"key":"PreservedInsect"},{"floor":12.0,"key":"Ancient Tea Set"},{"floor":14.0,"key":"Frozen Egg 2"},{"floor":24.0,"key":"Necronomicon"},{"floor":26.0,"key":"Gremlin Horn"},{"floor":27.0,"key":"Torii"},{"floor":29.0,"key":"Pocketwatch"}],"event_choices":[{"damage_healed":0.0,"max_hp_gain":0.0,"max_hp_loss":5.0,"gold_gain":0.0,"event_name":"Golden Idol","player_choice":"Lose Max HP","floor":2.0,"gold_loss":0.0,"damage_taken":0.0,"relics_obtained":["Golden Idol"]},{"damage_healed":0.0,"max_hp_gain":0.0,"max_hp_loss":0.0,"gold_gain":0.0,"event_name":"Scrap Ooze","player_choice":"Success","floor":3.0,"gold_loss":0.0,"damage_taken":12.0,"relics_obtained":["Dream Catcher"]},{"damage_healed":0.0,"max_hp_gain":0.0,"max_hp_loss":0.0,"gold_gain":75.0,"event_name":"World of Goop","player_choice":"Gather Gold","floor":5.0,"gold_loss":0.0,"damage_taken":11.0},{"damage_healed":16.0,"max_hp_gain":0.0,"max_hp_loss":0.0,"gold_gain":0.0,"event_name":"Mushrooms","player_choice":"Healed and dodged fight","floor":8.0,"gold_loss":0.0,"damage_taken":0.0,"cards_obtained":["Parasite"]},{"damage_healed":0.0,"max_hp_gain":0.0,"max_hp_loss":0.0,"gold_gain":0.0,"cards_transformed":["Strike_G","Strike_G"],"event_name":"Drug Dealer","player_choice":"Became Test Subject","floor":21.0,"gold_loss":0.0,"damage_taken":0.0,"cards_obtained":["Corpse Explosion","Leg Sweep"]},{"damage_healed":0.0,"max_hp_gain":0.0,"max_hp_loss":0.0,"gold_gain":0.0,"event_name":"Cursed Tome","player_choice":"Obtained Book","floor":24.0,"gold_loss":0.0,"damage_taken":16.0},{"damage_healed":0.0,"max_hp_gain":0.0,"max_hp_loss":0.0,"gold_gain":0.0,"event_name":"The Woman in Blue","player_choice":"Bought 1 Potion","floor":28.0,"gold_loss":0.0,"damage_taken":0.0}],"is_beta":false,"boss_relics":[{"not_picked":["Astrolabe","Eternal Feather"],"picked":"Orrery"}],"items_purged_floors":[4,11,19],"is_endless":false,"potions_floor_spawned":[13,18,27],"killed_by":"3 Cultists","ascension_level":6}