{"gold_per_floor":[20,20,195,215,72,100,100,135,135,149,181,201,218,231,231,331,331,349,349,266,284,298,324,324,357,380,25,25,56,69,89,89,188,188,208,226,139,158,158,158,0,16,16,16,33,33,60,115,115,115],"floor_reached":50,"playtime":4592,"items_purged":["Doubt","Blizzard+1","Strike_B","Zap"],"score":772,"play_id":"c5e5cbea-499a-4513-ae3f-57d20d16bc44","local_time":"20181228173141","is_ascension_mode":true,"campfire_choices":[{"data":"Chaos","floor":7,"key":"SMITH"},{"floor":15,"key":"REST"},{"data":"Consume","floor":24,"key":"SMITH"},{"floor":28,"key":"REST"},{"data":"Recycle","floor":32,"key":"SMITH"},{"data":"Coolheaded","floor":40,"key":"SMITH"},{"data":"Chaos","floor":44,"key":"SMITH"},{"floor":49,"key":"REST"}],"neow_cost":"NO_GOLD","seed_source_timestamp":582711943209153,"circlet_count":0,"master_deck":["Defend_B","Defend_B","Defend_B","Defend_B","Dualcast","Loop","Capacitor","Capacitor","Chaos+1","Sunder","Electrodynamics","Storm","Consume+1","Buffer","Self Repair+1","Fission+1","Heatsinks","Zap","Defragment","Biased Cognition","Steam Power","Chaos+1","Skim+1","Coolheaded+1","Recycle+1","Tempest+1","Defragment","Buffer","Steam Power","Electrodynamics","Sunder","Self Repair+1","Turbo+1","Storm+1"],"relics":["Cracked Core","FossilizedHelix","Pear","Gremlin Horn","Vajra","Happy Flower","Smiling Mask","Astrolabe","Omamori","Strawberry","Bag of Marbles","Pocketwatch","Pen Nib","Velvet Choker","Red Mask","Molten Egg 2","Blood Vial","Unceasing Top"],"potions_floor_usage":[13,16,25,25,33,33,35,50],"damage_taken":[{"damage":0,"enemies":"2 Louse","floor":1,"turns":2},{"damage":0,"enemies":"Jaw Worm","floor":4,"turns":4},{"damage":49,"enemies":"Gremlin Nob","floor":6,"turns":6},{"damage":10,"enemies":"3 Sentries","floor":8,"turns":12},{"damage":0,"enemies":"Cultist","floor":10,"turns":3},{"damage":0,"enemies":"Lagavulin","floor":11,"turns":6},{"damage":10,"enemies":"Gremlin Gang","floor":12,"turns":3},{"damage":0,"enemies":"Blue Slaver","floor":13,"turns":3},{"damage":5,"enemies":"Looter","floor":14,"turns":4},{"damage":0,"enemies":"Slime Boss","floor":16,"turns":4},{"damage":6,"enemies":"3 Byrds","floor":18,"turns":2},{"damage":0,"enemies":"Chosen","floor":21,"turns":3},{"damage":15,"enemies":"Centurion and Healer","floor":22,"turns":4},{"damage":48,"enemies":"Book of Stabbing","floor":23,"turns":5},{"damage":38,"enemies":"Slavers","floor":25,"turns":3},{"damage":0,"enemies":"Gremlin Leader","floor":29,"turns":4},{"damage":20,"enemies":"Snake Plant","floor":30,"turns":3},{"damage":0,"enemies":"3 Cultists","floor":31,"turns":2},{"damage":0,"enemies":"Collector","floor":33,"turns":3},{"damage":10,"enemies":"3 Darklings","floor":35,"turns":3},{"damage":0,"enemies":"3 Shapes","floor":36,"turns":3},{"damage":16,"enemies":"Jaw Worm Horde","floor":38,"turns":3},{"damage":22,"enemies":"Spire Growth","floor":42,"turns":5},{"damage":0,"enemies":"Maw","floor":45,"turns":6},{"damage":43,"enemies":"Reptomancer","floor":47,"turns":3},{"damage":23,"enemies":"2 Orb Walkers","floor":48,"turns":3},{"damage":107,"enemies":"Awakened One","floor":50,"turns":5}],"seed_played":"8881599010232620573","potions_obtained":[{"floor":6,"key":"Poison Potion"},{"floor":8,"key":"Dexterity Potion"},{"floor":10,"key":"AttackPotion"},{"floor":13,"key":"Strength Potion"},{"floor":14,"key":"Energy Potion"},{"floor":16,"key":"Energy Potion"},{"floor":23,"key":"SkillPotion"},{"floor":25,"key":"Explosive Potion"},{"floor":29,"key":"FocusPotion"},{"floor":33,"key":"Weak Potion"},{"floor":42,"key":"SmokeBomb"},{"floor":45,"key":"Dexterity Potion"},{"floor":47,"key":"Dexterity Potion"}],"is_trial":false,"path_per_floor":["M","?","?","M","$","E","R","E","T","M","E","M","M","M","R","B",null,"M","?","$","M","M","E","R","E","T","$","R","E","M","M","R","B",null,"M","M","$","M","?","R","?","M","T","R","M","?","E","?","R","B"],"character_chosen":"DEFECT","items_purchased":["Capacitor","Steam Power","Pocketwatch","Sunder"],"campfire_rested":3,"item_purchase_floors":[5,20,27,37],"current_hp_per_floor":[75,82,82,82,82,33,33,23,23,23,23,13,13,8,33,33,85,79,79,79,85,80,42,42,21,21,21,48,58,48,48,48,58,92,92,92,92,76,76,76,76,74,74,74,92,87,54,43,69,0],"gold":115,"neow_bonus":"ONE_RARE_RELIC","is_prod":false,"is_daily":false,"chose_seed":false,"campfire_upgraded":5,"win_rate":0,"timestamp":1546030901,"path_taken":["M","?","?","M","$","E","R","E","T","M","E","M","M","M","R","BOSS","M","?","$","?","M","E","R","E","T","$","R","E","M","M","R","BOSS","M","M","$","?","?","R","?","M","T","R","M","?","E","?","R","BOSS"],"build_version":"2018-12-20","purchased_purges":4,"victory":false,"max_hp_per_floor":[75,85,85,85,85,85,85,85,85,85,85,85,85,85,85,85,85,85,85,85,85,85,85,85,92,92,92,92,92,92,92,92,92,92,92,92,92,92,92,92,92,92,92,92,92,87,87,87,87,87],"card_choices":[{"not_picked":["Rebound","Steam"],"picked":"Loop","floor":1},{"not_picked":["Undo","Coolheaded"],"picked":"Capacitor","floor":4},{"not_picked":["Rebound","Sweeping Beam"],"picked":"Chaos","floor":6},{"not_picked":["Hologram","Turbo"],"picked":"Sunder","floor":8},{"not_picked":["Fusion","Sunder"],"picked":"Electrodynamics","floor":10},{"not_picked":["Gash","Streamline"],"picked":"Storm","floor":11},{"not_picked":["Steam","Rebound"],"picked":"Consume","floor":12},{"not_picked":["Darkness","Hologram","Sweeping Beam"],"picked":"SKIP","floor":13},{"not_picked":["Double Energy","Beam Cell"],"picked":"Ball Lightning","floor":14},{"not_picked":["Echo Form","Rainbow"],"picked":"Buffer","floor":16},{"not_picked":["Beam Cell","Sunder"],"picked":"Heatsinks","floor":18},{"not_picked":["Hello World","Rebound"],"picked":"Chaos","floor":21},{"not_picked":["Reinforced Body+1","Rebound"],"picked":"Skim+1","floor":22},{"not_picked":["Beam Cell","Rebound"],"picked":"Coolheaded","floor":23},{"not_picked":["Darkness","Go for the Eyes","Steam"],"picked":"SKIP","floor":25},{"not_picked":["Sweeping Beam+1","Steam+1"],"picked":"Recycle","floor":29},{"not_picked":["Tempest+1","Fusion","Blizzard"],"picked":"SKIP","floor":30},{"not_picked":["Fusion","Blizzard"],"picked":"Tempest+1","floor":30},{"not_picked":["Stack+1","Darkness"],"picked":"Defragment","floor":31},{"not_picked":["Hyperbeam","All For One"],"picked":"Buffer","floor":33},{"not_picked":["Ball Lightning+1","Sweeping Beam"],"picked":"Steam Power","floor":35},{"not_picked":["Redo+1","Sweeping Beam"],"picked":"Electrodynamics","floor":36},{"not_picked":["Darkness","Rip and Tear+1"],"picked":"Self Repair+1","floor":38},{"not_picked":["Undo+1","Reprogram"],"picked":"Turbo+1","floor":42},{"not_picked":["Heatsinks+1","Turbo"],"picked":"Storm+1","floor":45},{"not_picked":["Capacitor","Hologram","Turbo"],"picked":"SKIP","floor":47}],"player_experience":80054,"relics_obtained":[{"floor":6,"key":"Gremlin Horn"},{"floor":8,"key":"Vajra"},{"floor":9,"key":"Happy Flower"},{"floor":11,"key":"Smiling Mask"},{"floor":23,"key":"Omamori"},{"floor":25,"key":"Strawberry"},{"floor":26,"key":"Bag of Marbles"},{"floor":29,"key":"Pen Nib"},{"floor":43,"key":"Molten Egg 2"},{"floor":47,"key":"Blood Vial"},{"floor":48,"key":"Unceasing Top"}],"event_choices":[{"damage_healed":0,"gold_gain":0,"player_choice":"Success","damage_taken":3,"relics_obtained":["Pear"],"max_hp_gain":0,"max_hp_loss":0,"event_name":"Scrap Ooze","floor":2,"gold_loss":0},{"damage_healed":0,"gold_gain":175,"player_choice":"AGREE","damage_taken":0,"max_hp_gain":0,"max_hp_loss":0,"event_name":"Liars Game","floor":3,"gold_loss":0,"cards_obtained":["Doubt"]},{"damage_healed":0,"gold_gain":0,"player_choice":"3 cards matched","damage_taken":0,"max_hp_gain":0,"max_hp_loss":0,"event_name":"Match and Keep!","floor":19,"gold_loss":0,"cards_obtained":["Zap","Defragment","Biased Cognition"]},{"cards_removed":["Ball Lightning"],"damage_healed":0,"gold_gain":0,"player_choice":"Removed Attack","damage_taken":0,"max_hp_gain":0,"max_hp_loss":0,"event_name":"Falling","floor":39,"gold_loss":0},{"damage_healed":0,"gold_gain":0,"player_choice":"Paid","damage_taken":0,"relics_obtained":["Red Mask"],"max_hp_gain":0,"max_hp_loss":0,"event_name":"Tomb of Lord Red Mask","floor":41,"gold_loss":158},{"damage_healed":0,"gold_gain":0,"player_choice":"Max HP","damage_taken":0,"max_hp_gain":0,"max_hp_loss":5,"event_name":"Winding Halls","floor":46,"gold_loss":0},{"damage_healed":0,"gold_gain":0,"player_choice":"Fight","damage_taken":0,"max_hp_gain":0,"max_hp_loss":0,"event_name":"Mysterious Sphere","floor":48,"gold_loss":0}],"is_beta":false,"boss_relics":[{"not_picked":["Black Star","Empty Cage"],"picked":"Astrolabe"},{"not_picked":["Snecko Eye","Cursed Key"],"picked":"Velvet Choker"}],"items_purged_floors":[5,20,27,37],"is_endless":false,"potions_floor_spawned":[6,8,10,13,14,16,23,25,29,33,42,45,47],"killed_by":"Awakened One","ascension_level":2}