{"gold_per_floor":[118,137,137,149,6,33,33,60,60,78,78,93,93,110,110,210,210,222,234,254,277,297,297,314,334,406,406,417,34,44,56,56,152,152,172,92,102,102,115,115,131,59,59,59,71,83,94,94,94,94],"floor_reached":51,"playtime":6985,"items_purged":["Strike_G"],"score":694,"play_id":"e9ebb0ac-8092-4aaa-a51b-188d03ebbe65","local_time":"20190121215650","is_ascension_mode":false,"campfire_choices":[{"data":"Footwork","floor":7.0,"key":"SMITH"},{"data":"Night Terror","floor":11.0,"key":"SMITH"},{"data":"Endless Agony","floor":13.0,"key":"SMITH"},{"data":"Choke","floor":15.0,"key":"SMITH"},{"data":"Noxious Fumes","floor":23.0,"key":"SMITH"},{"floor":27.0,"key":"REST"},{"floor":32.0,"key":"REST"},{"data":"Noxious Fumes","floor":40.0,"key":"SMITH"},{"floor":44.0,"key":"REST"},{"floor":49,"key":"REST"}],"neow_cost":"NONE","seed_source_timestamp":0,"circlet_count":0,"master_deck":["Defend_G","Defend_G","Defend_G","Defend_G","Defend_G","Strike_G","Strike_G","Strike_G","Survivor","Neutralize","Backstab","Choke+1","Footwork+1","Masterful Stab","Dagger Throw","Night Terror+1","Outmaneuver","Endless Agony+1","Die Die Die","Predator","Noxious Fumes+1","Blur","Noxious Fumes+1","Bane+1","Reflex","Flying Knee+1","Tools of the Trade","Dash","Catalyst+1","Wraith Form v2","Riddle With Holes","Underhanded Strike","Catalyst"],"special_seed":0,"relics":["Ring of the Snake","Pear","Torii","Bottled Tornado","HoveringKite","Vajra","Kunai","Bird Faced Urn","Snecko Eye","Question Card"],"potions_floor_usage":[47,50,50],"damage_taken":[{"damage":2.0,"enemies":"Jaw Worm","floor":1.0,"turns":8.0},{"damage":0.0,"enemies":"Cultist","floor":2.0,"turns":3.0},{"damage":0.0,"enemies":"2 Louse","floor":4.0,"turns":2.0},{"damage":4.0,"enemies":"3 Sentries","floor":6.0,"turns":5.0},{"damage":0.0,"enemies":"Lagavulin","floor":8.0,"turns":8.0},{"damage":0.0,"enemies":"Gremlin Gang","floor":10.0,"turns":4.0},{"damage":0.0,"enemies":"Large Slime","floor":12.0,"turns":7.0},{"damage":0.0,"enemies":"Exordium Thugs","floor":14.0,"turns":4.0},{"damage":39.0,"enemies":"Hexaghost","floor":16.0,"turns":10.0},{"damage":10.0,"enemies":"2 Thieves","floor":18.0,"turns":3.0},{"damage":1.0,"enemies":"Spheric Guardian","floor":19.0,"turns":3.0},{"damage":6.0,"enemies":"Snecko","floor":20.0,"turns":5.0},{"damage":11.0,"enemies":"Cultist and Chosen","floor":22.0,"turns":5.0},{"damage":13.0,"enemies":"Snake Plant","floor":24.0,"turns":2.0},{"damage":13.0,"enemies":"Centurion and Healer","floor":25.0,"turns":6.0},{"damage":13.0,"enemies":"Snecko","floor":28.0,"turns":6.0},{"damage":27.0,"enemies":"Sentry and Sphere","floor":30.0,"turns":5.0},{"damage":8.0,"enemies":"Snake Plant","floor":31.0,"turns":4.0},{"damage":59.0,"enemies":"Automaton","floor":33.0,"turns":11.0},{"damage":10.0,"enemies":"Orb Walker","floor":35.0,"turns":2.0},{"damage":15.0,"enemies":"3 Darklings","floor":37.0,"turns":4.0},{"damage":7.0,"enemies":"Spire Growth","floor":39.0,"turns":5.0},{"damage":55.0,"enemies":"Jaw Worm Horde","floor":41.0,"turns":5.0},{"damage":38.0,"enemies":"Transient","floor":45.0,"turns":5.0},{"damage":20.0,"enemies":"Maw","floor":46.0,"turns":6.0},{"damage":34,"enemies":"Writhing Mass","floor":47,"turns":7},{"damage":17,"enemies":"Donu and Deca","floor":50,"turns":8}],"seed_played":"9036982627988597071","potions_obtained":[{"floor":2.0,"key":"Explosive Potion"},{"floor":3.0,"key":"Explosive Potion"},{"floor":3.0,"key":"SneckoOil"},{"floor":6.0,"key":"Regen Potion"},{"floor":8.0,"key":"PowerPotion"},{"floor":16.0,"key":"AttackPotion"},{"floor":24.0,"key":"Explosive Potion"},{"floor":25.0,"key":"Strength Potion"},{"floor":31.0,"key":"PowerPotion"},{"floor":33.0,"key":"Energy Potion"},{"floor":37.0,"key":"Poison Potion"},{"floor":41.0,"key":"Fire Potion"},{"floor":46.0,"key":"Block Potion"}],"is_trial":false,"path_per_floor":["M","M","?","M","$","E","R","E","T","M","R","M","R","M","R","B",null,"M","M","M","T","M","R","M","M","T","R","M","$","M","M","R","B",null,"M","$","M","?","M","R","M","$","T","R","M","M","M","?","R","B",null],"character_chosen":"THE_SILENT","items_purchased":["Masterful Stab","Reflex","Bird Faced Urn","Dash","Riddle With Holes"],"campfire_rested":4,"item_purchase_floors":[5,29,29,36,42],"current_hp_per_floor":[68,68,68,68,68,74,74,74,74,74,74,74,74,74,74,35,80,70,69,63,63,52,52,39,41,41,65,52,52,37,37,61,18,80,70,70,65,90,83,83,42,42,42,69,37,33,13,13,40,39],"gold":94,"neow_bonus":"REMOVE_CARD","is_prod":false,"is_daily":false,"chose_seed":false,"campfire_upgraded":6,"win_rate":1,"timestamp":1548075410,"path_taken":["M","M","?","M","$","E","R","E","T","M","R","M","R","M","R","BOSS","M","M","?","?","M","R","M","M","T","R","M","$","M","M","R","BOSS","M","$","M","?","M","R","?","$","T","R","M","M","M","?","R","BOSS"],"build_version":"2019-01-17v2","purchased_purges":1,"victory":true,"max_hp_per_floor":[70,70,70,70,70,80,80,80,80,80,80,80,80,80,80,80,80,80,80,80,80,80,80,80,80,80,80,80,80,80,80,80,80,80,80,80,80,90,90,90,90,90,90,90,90,90,90,90,90,90],"card_choices":[{"not_picked":["Deadly Poison","Expertise"],"picked":"Backstab","floor":1.0},{"not_picked":["Quick Slash","Sucker Punch"],"picked":"Choke","floor":2.0},{"not_picked":["Prepared","Expertise"],"picked":"Footwork","floor":4.0},{"not_picked":["Poisoned Stab","Dodge and Roll"],"picked":"Dagger Throw","floor":6.0},{"not_picked":["Deflect","Flying Knee"],"picked":"Night Terror","floor":8.0},{"not_picked":["Riddle With Holes","Expertise"],"picked":"Outmaneuver","floor":10.0},{"not_picked":["Dagger Throw","Poisoned Stab"],"picked":"Endless Agony","floor":12.0},{"not_picked":["Poisoned Stab","Outmaneuver","Dagger Throw"],"picked":"SKIP","floor":14.0},{"not_picked":["Doppelganger","Unload"],"picked":"Die Die Die","floor":16.0},{"not_picked":["Bane+1","PiercingWail"],"picked":"Predator","floor":18.0},{"not_picked":["Backstab+1","Bane"],"picked":"Noxious Fumes","floor":19.0},{"not_picked":["Eviscerate","Backflip"],"picked":"Blur","floor":20.0},{"not_picked":["Quick Slash","Bane","Outmaneuver"],"picked":"SKIP","floor":22.0},{"not_picked":["Flying Knee+1","Eviscerate"],"picked":"Noxious Fumes","floor":24.0},{"not_picked":["Quick Slash","Bane","Outmaneuver"],"picked":"SKIP","floor":25.0},{"not_picked":["Footwork","Deflect"],"picked":"Bane+1","floor":28.0},{"not_picked":["Bane","Acrobatics"],"picked":"A Thousand Cuts","floor":30.0},{"not_picked":["Flechettes","Deflect"],"picked":"Flying Knee+1","floor":31.0},{"not_picked":["Wraith Form v2","Unload"],"picked":"Tools of the Trade","floor":33.0},{"not_picked":["Outmaneuver","Poisoned Stab+1","Slice"],"picked":"SKIP","floor":35.0},{"not_picked":["Bane+1","Predator+1"],"picked":"Catalyst+1","floor":37.0},{"not_picked":["Blade Dance+1","Backflip","Flying Knee+1"],"picked":"SKIP","floor":39.0},{"not_picked":["Blade Dance+1","Backflip","Flying Knee+1"],"picked":"SKIP","floor":39.0},{"not_picked":["Endless Agony+1","Distraction"],"picked":"Wraith Form v2","floor":41.0},{"not_picked":["Calculated Gamble+1","Backflip","Backstab"],"picked":"Underhanded Strike","floor":45.0},{"not_picked":["Blade Dance+1","Bane","Sucker Punch+1","Prepared"],"picked":"SKIP","floor":46.0},{"not_picked":["Underhanded Strike+1","Distraction","Caltrops+1"],"picked":"Catalyst","floor":47}],"player_experience":16666,"relics_obtained":[{"floor":6.0,"key":"Pear"},{"floor":8.0,"key":"Torii"},{"floor":9.0,"key":"Bottled Tornado"},{"floor":21.0,"key":"Vajra"},{"floor":26.0,"key":"Kunai"},{"floor":43.0,"key":"Question Card"}],"event_choices":[{"damage_healed":0.0,"max_hp_gain":0.0,"max_hp_loss":0.0,"gold_gain":0.0,"event_name":"Lab","player_choice":"Got Potions","floor":3.0,"gold_loss":0.0,"damage_taken":0.0},{"cards_removed":["A Thousand Cuts"],"damage_healed":15.0,"max_hp_gain":10.0,"max_hp_loss":0.0,"gold_gain":0.0,"event_name":"Bonfire Elementals","player_choice":"Offered Rare","floor":38.0,"gold_loss":0.0,"damage_taken":0.0},{"damage_healed":0,"gold_gain":0,"player_choice":"Ignored","damage_taken":0,"max_hp_gain":0,"max_hp_loss":0,"event_name":"SecretPortal","floor":48,"gold_loss":0}],"is_beta":false,"boss_relics":[{"not_picked":["White Beast Statue","Calling Bell"],"picked":"HoveringKite"},{"not_picked":["Orrery","Fusion Hammer"],"picked":"Snecko Eye"}],"items_purged_floors":[5],"is_endless":false,"potions_floor_spawned":[2,6,8,10,16,24,25,31,33,37,41,46],"ascension_level":0}