{"gold_per_floor":[111,111,61,77,95,121,121,149,149,149,162,187,202,217,217,319,319,339,339,339,355,160,195,195,210,210,233,247,260,277,308,308,405,405,422,432,432,445,47,47],"floor_reached":40,"playtime":1784,"items_purged":[],"score":663,"play_id":"8a72f95a-47ef-421a-ba99-aa93c1260ea1","local_time":"20190103235901","is_ascension_mode":true,"campfire_choices":[{"floor":7.0,"key":"REST"},{"floor":15.0,"key":"REST"},{"floor":24.0,"key":"REST"},{"floor":32.0,"key":"REST"}],"neow_cost":"NONE","seed_source_timestamp":1293197909838813,"circlet_count":0,"master_deck":["Strike_R","Strike_R","Strike_R","Strike_R","Defend_R","Defend_R","Defend_R","Defend_R+1","Bash","Thunderclap","Ghostly Armor+1","Uppercut","Bludgeon","Shrug It Off+1","Burning Pact+1","Pommel Strike","Twin Strike","Immolate","Clash","Spot Weakness+1","Seeing Red+1","Cleave","Clash","Clash+1","Cleave+1","Headbutt","Spot Weakness+1","Immolate","Cleave","Flex+1","Cleave","Shrug It Off+1","Shrug It Off+1","Uppercut","Flex+1","Clash","Dropkick","Bloodletting+1"],"special_seed":0,"relics":["Burning Blood","Kunai","Toxic Egg 2","Pear","Bottled Flame","Ice Cream","Runic Dome","Centennial Puzzle","Torii","Meat on the Bone","Potion Belt","Blood Vial","Orrery","War Paint"],"potions_floor_usage":[33,33,40,40,40],"damage_taken":[{"damage":4.0,"enemies":"Jaw Worm","floor":1.0,"turns":4.0},{"damage":14.0,"enemies":"2 Louse","floor":4.0,"turns":3.0},{"damage":7.0,"enemies":"Small Slimes","floor":5.0,"turns":4.0},{"damage":54.0,"enemies":"Lagavulin","floor":6.0,"turns":10.0},{"damage":16.0,"enemies":"Gremlin Nob","floor":8.0,"turns":3.0},{"damage":13.0,"enemies":"Blue Slaver","floor":11.0,"turns":2.0},{"damage":22.0,"enemies":"3 Sentries","floor":12.0,"turns":8.0},{"damage":16.0,"enemies":"Lots of Slimes","floor":13.0,"turns":5.0},{"damage":0.0,"enemies":"Looter","floor":14.0,"turns":3.0},{"damage":34.0,"enemies":"Hexaghost","floor":16.0,"turns":13.0},{"damage":30.0,"enemies":"3 Byrds","floor":18.0,"turns":5.0},{"damage":22.0,"enemies":"2 Thieves","floor":21.0,"turns":3.0},{"damage":20.0,"enemies":"Gremlin Leader","floor":23.0,"turns":4.0},{"damage":9.0,"enemies":"Snake Plant","floor":25.0,"turns":3.0},{"damage":9.0,"enemies":"Centurion and Healer","floor":28.0,"turns":4.0},{"damage":13.0,"enemies":"Snecko","floor":29.0,"turns":3.0},{"damage":20.0,"enemies":"Shelled Parasite and Fungi","floor":30.0,"turns":2.0},{"damage":21.0,"enemies":"Book of Stabbing","floor":31.0,"turns":3.0},{"damage":48,"enemies":"Collector","floor":33,"turns":9},{"damage":11,"enemies":"Orb Walker","floor":35,"turns":2},{"damage":31,"enemies":"3 Darklings","floor":36,"turns":3},{"damage":20,"enemies":"Transient","floor":38,"turns":5},{"damage":98,"enemies":"Giant Head","floor":40,"turns":7}],"seed_played":"6166224734503946161","potions_obtained":[{"floor":1.0,"key":"Fire Potion"},{"floor":13.0,"key":"PowerPotion"},{"floor":14.0,"key":"Dexterity Potion"},{"floor":16.0,"key":"Block Potion"},{"floor":23.0,"key":"EntropicBrew"},{"floor":28.0,"key":"Regen Potion"},{"floor":35,"key":"Poison Potion"},{"floor":37,"key":"Regen Potion"},{"floor":37,"key":"SneckoOil"},{"floor":37,"key":"Fire Potion"}],"is_trial":false,"path_per_floor":["M","?","?","M","M","E","R","E","T","?","M","E","M","M","R","B",null,"M","?","?","M","$","E","R","M","T","T","M","M","M","E","R","B",null,"M","M","?","M","$","E"],"character_chosen":"IRONCLAD","items_purchased":["Cleave","Centennial Puzzle","Block Potion","War Paint","Dropkick","Bloodletting+1","Energy Potion"],"campfire_rested":4,"item_purchase_floors":[22,22,39,39,39,39,39],"current_hp_per_floor":[88,81,81,73,72,24,50,50,50,55,48,32,22,28,58,30,85,61,61,61,45,45,31,61,58,58,58,67,60,63,60,90,62,93,90,67,67,67,67,0],"gold":47,"neow_bonus":"TEN_PERCENT_HP_BONUS","is_prod":false,"is_daily":false,"chose_seed":false,"campfire_upgraded":0,"win_rate":0,"timestamp":1546588741,"path_taken":["M","?","?","M","M","E","R","E","T","?","M","E","?","M","R","BOSS","M","?","?","M","$","E","R","M","T","?","M","M","M","E","R","BOSS","M","?","?","?","?","E"],"build_version":"2019-01-03v3","purchased_purges":0,"victory":false,"max_hp_per_floor":[88,88,88,88,88,88,88,98,98,103,103,103,103,103,103,103,103,103,103,103,103,103,103,103,103,103,103,103,103,103,103,103,103,103,103,103,103,103,103,103],"card_choices":[{"not_picked":["Whirlwind","Havoc"],"picked":"Thunderclap","floor":1.0},{"not_picked":["Twin Strike","Flame Barrier"],"picked":"Ghostly Armor","floor":4.0},{"not_picked":["Armaments","Intimidate"],"picked":"Uppercut","floor":5.0},{"not_picked":["Combust","Anger"],"picked":"Bludgeon","floor":6.0},{"not_picked":["Twin Strike","Armaments+1"],"picked":"Shrug It Off+1","floor":8.0},{"not_picked":["Combust","Body Slam"],"picked":"Burning Pact+1","floor":11.0},{"not_picked":["Clothesline","Thunderclap"],"picked":"Pommel Strike","floor":12.0},{"not_picked":["Sword Boomerang","Wild Strike","Rage+1"],"picked":"SKIP","floor":13.0},{"not_picked":["Body Slam","Second Wind+1"],"picked":"Twin Strike","floor":14.0},{"not_picked":["Dark Embrace","Berserk"],"picked":"Immolate","floor":16.0},{"not_picked":["Anger+1","Spot Weakness+1"],"picked":"Clash","floor":18.0},{"not_picked":["Anger+1","Clash"],"picked":"Spot Weakness+1","floor":18.0},{"not_picked":["Headbutt","Warcry+1"],"picked":"Seeing Red+1","floor":21.0},{"not_picked":["True Grit+1","Headbutt"],"picked":"Clash","floor":23.0},{"not_picked":["Warcry+1","Seeing Red+1"],"picked":"Clash+1","floor":25.0},{"not_picked":["Wild Strike","Disarm+1"],"picked":"Cleave+1","floor":28.0},{"not_picked":["Rupture","Fiend Fire"],"picked":"Headbutt","floor":29.0},{"not_picked":["Entrench+1","Body Slam","Wild Strike+1"],"picked":"SKIP","floor":30.0},{"not_picked":["Wild Strike","Thunderclap"],"picked":"Spot Weakness+1","floor":31.0},{"not_picked":["Brutality","Bludgeon"],"picked":"Immolate","floor":33},{"not_picked":["Twin Strike+1","Clothesline"],"picked":"Cleave","floor":34},{"not_picked":["Spot Weakness+1","True Grit+1"],"picked":"Flex+1","floor":34},{"not_picked":["Battle Trance+1","Exhume+1"],"picked":"Cleave","floor":34},{"not_picked":["Wild Strike","Cleave"],"picked":"Shrug It Off+1","floor":34},{"not_picked":["Havoc+1","Evolve"],"picked":"Shrug It Off+1","floor":34},{"not_picked":["Perfected Strike","Battle Trance+1"],"picked":"Uppercut","floor":35},{"not_picked":["Armaments+1","Thunderclap"],"picked":"Flex+1","floor":36},{"not_picked":["Headbutt","Rage+1"],"picked":"Clash","floor":38}],"player_experience":267216,"relics_obtained":[{"floor":6.0,"key":"Toxic Egg 2"},{"floor":8.0,"key":"Pear"},{"floor":9.0,"key":"Bottled Flame"},{"floor":12.0,"key":"Ice Cream"},{"floor":23.0,"key":"Torii"},{"floor":26.0,"key":"Meat on the Bone"},{"floor":27.0,"key":"Potion Belt"},{"floor":31.0,"key":"Blood Vial"}],"event_choices":[{"damage_healed":0.0,"max_hp_gain":0.0,"max_hp_loss":0.0,"gold_gain":0.0,"event_name":"Scrap Ooze","player_choice":"Success","floor":2.0,"gold_loss":0.0,"damage_taken":7.0,"relics_obtained":["Kunai"]},{"cards_removed":["Strike_R"],"damage_healed":0.0,"max_hp_gain":0.0,"max_hp_loss":0.0,"gold_gain":0.0,"event_name":"The Cleric","player_choice":"Card Removal","floor":3.0,"gold_loss":50.0,"damage_taken":0.0},{"damage_healed":0.0,"max_hp_gain":5.0,"max_hp_loss":0.0,"gold_gain":0.0,"event_name":"Big Fish","player_choice":"Donut","floor":10.0,"gold_loss":0.0,"damage_taken":0.0},{"damage_healed":0.0,"max_hp_gain":0.0,"max_hp_loss":0.0,"gold_gain":0.0,"event_name":"Vampires","player_choice":"Ignored","floor":19.0,"gold_loss":0.0,"damage_taken":0.0},{"damage_healed":0.0,"max_hp_gain":0.0,"max_hp_loss":0.0,"gold_gain":0.0,"event_name":"Ghosts","player_choice":"Ignored","floor":20.0,"gold_loss":0.0,"damage_taken":0.0},{"damage_healed":0,"gold_gain":0,"player_choice":"Got Potions","damage_taken":0,"max_hp_gain":0,"max_hp_loss":0,"event_name":"Lab","floor":37,"gold_loss":0}],"is_beta":false,"boss_relics":[{"not_picked":["Coffee Dripper","Lizard Tail"],"picked":"Runic Dome"},{"not_picked":["White Beast Statue","Empty Cage"],"picked":"Orrery"}],"items_purged_floors":[],"is_endless":false,"potions_floor_spawned":[1,13,14,16,23,28,35],"killed_by":"Giant Head","ascension_level":5}