{"gold_per_floor":[112,62,77,77,95,130,55,55,82,109,121,156,156,4,4,107,107,125,125,125,137,150,185,16,49,49,49,63,92,104,127,139,255,267,293,317,83,135,135,135,169,186,186,221,70,90,110,510,510,510,510,510,14,44,44],"floor_reached":55,"playtime":4621,"items_purged":["Defend_G","Strike_G"],"score":842,"play_id":"34366548-c0c9-411d-8920-e384cf4b5c19","local_time":"20190131221330","is_ascension_mode":true,"campfire_choices":[{"floor":8,"key":"REST"},{"floor":13,"key":"REST"},{"data":"Setup","floor":15,"key":"SMITH"},{"data":"Writhe","floor":27,"key":"PURGE"},{"floor":30,"key":"REST"},{"floor":32,"key":"REST"},{"floor":40,"key":"RECALL"},{"data":"Normality","floor":49,"key":"PURGE"},{"data":"Adrenaline","floor":52,"key":"SMITH"}],"neow_cost":"NONE","seed_source_timestamp":200959287451843,"circlet_count":0,"master_deck":["Defend_G","Defend_G","Defend_G","Strike_G","Strike_G","Survivor","Neutralize","Choke","Setup+1","Backstab","Adrenaline+1","Bouncing Flask","Bane","Prepared+1","Adrenaline","Backflip+1","Deflect","Dodge and Roll+1","Caltrops","Sadistic Nature","Calculated Gamble","Backflip+1","Escape Plan+1","Envenom","Night Terror","Slice+1","Flechettes+1","Distraction+1"],"relics":["Ring of the Snake","Boot","Pen Nib","Snake Skull","Ninja Scroll","Happy Flower","White Beast Statue","Peace Pipe","Letter Opener","Gremlin Horn","Bag of Marbles","MawBank","Cursed Key","Bottled Lightning","Tough Bandages","Nunchaku","Centennial Puzzle","Oddly Smooth Stone","Old Coin","War Paint","Pantograph","Sundial"],"potions_floor_usage":[10,12,21,23,23,25,25,28,31,33,38,41,42,44,50,50,55],"damage_taken":[{"damage":0,"enemies":"Small Slimes","floor":1,"turns":5},{"damage":0,"enemies":"2 Louse","floor":3,"turns":2},{"damage":3,"enemies":"Jaw Worm","floor":5,"turns":4},{"damage":35,"enemies":"Lagavulin","floor":6,"turns":10},{"damage":16,"enemies":"3 Sentries","floor":10,"turns":7},{"damage":0,"enemies":"2 Fungi Beasts","floor":11,"turns":3},{"damage":8,"enemies":"Lagavulin","floor":12,"turns":3},{"damage":34,"enemies":"The Guardian","floor":16,"turns":6},{"damage":0,"enemies":"Spheric Guardian","floor":18,"turns":3},{"damage":0,"enemies":"2 Thieves","floor":21,"turns":3},{"damage":0,"enemies":"3 Cultists","floor":22,"turns":4},{"damage":15,"enemies":"Slavers","floor":23,"turns":5},{"damage":5,"enemies":"Book of Stabbing","floor":25,"turns":4},{"damage":12,"enemies":"Cultist and Chosen","floor":28,"turns":5},{"damage":9,"enemies":"Slavers","floor":29,"turns":5},{"damage":12,"enemies":"Snake Plant","floor":31,"turns":3},{"damage":22,"enemies":"Automaton","floor":33,"turns":10},{"damage":0,"enemies":"3 Darklings","floor":35,"turns":3},{"damage":0,"enemies":"Orb Walker","floor":36,"turns":2},{"damage":0,"enemies":"2 Orb Walkers","floor":38,"turns":3},{"damage":9,"enemies":"Giant Head","floor":41,"turns":4},{"damage":21,"enemies":"Maw","floor":42,"turns":4},{"damage":0,"enemies":"Reptomancer","floor":44,"turns":3},{"damage":0,"enemies":"4 Shapes","floor":46,"turns":1},{"damage":6,"enemies":"Spire Growth","floor":47,"turns":3},{"damage":0,"enemies":"Mind Bloom Boss Battle","floor":48,"turns":3},{"damage":24,"enemies":"Donu and Deca","floor":50,"turns":6},{"damage":29,"enemies":"Shield and Spear","floor":54,"turns":4},{"damage":79,"enemies":"The Heart","floor":55,"turns":5}],"seed_played":"5566217615034291166","potions_obtained":[{"floor":1,"key":"LiquidBronze"},{"floor":6,"key":"Ancient Potion"},{"floor":11,"key":"Regen Potion"},{"floor":16,"key":"Swift Potion"},{"floor":18,"key":"Poison Potion"},{"floor":21,"key":"Dexterity Potion"},{"floor":22,"key":"Block Potion"},{"floor":23,"key":"Block Potion"},{"floor":25,"key":"EssenceOfSteel"},{"floor":28,"key":"SteroidPotion"},{"floor":29,"key":"Poison Potion"},{"floor":31,"key":"Fruit Juice"},{"floor":33,"key":"FairyPotion"},{"floor":35,"key":"SkillPotion"},{"floor":38,"key":"Fire Potion"},{"floor":41,"key":"Explosive Potion"},{"floor":42,"key":"AttackPotion"},{"floor":44,"key":"Fire Potion"},{"floor":46,"key":"Dexterity Potion"},{"floor":48,"key":"Regen Potion"},{"floor":54,"key":"SkillPotion"}],"is_trial":false,"path_per_floor":["M","?","M","?","M","E","$","R","T","E","M","E","R","$","R","B",null,"M","?","?","M","M","E","$","E","T","R","M","E","R","M","R","B",null,"M","M","$","?","?","R","E","M","T","E","$","M","M","?","R","B",null,"R","$","E","B"],"character_chosen":"THE_SILENT","items_purchased":["Happy Flower","Sadistic Nature","Bottled Lightning","Oddly Smooth Stone","War Paint","Pantograph"],"campfire_rested":4,"item_purchase_floors":[14,24,37,45,53,53],"current_hp_per_floor":[70,70,70,63,60,25,25,46,46,30,30,34,55,55,55,21,70,70,70,63,63,63,48,48,43,43,43,31,22,43,36,58,36,75,75,75,75,75,75,75,66,45,45,45,45,45,39,39,39,30,75,75,75,46,0],"gold":44,"neow_bonus":"REMOVE_CARD","is_prod":false,"is_daily":false,"chose_seed":false,"campfire_upgraded":2,"win_rate":0,"timestamp":1548940410,"path_taken":["M","?","M","?","M","E","$","R","T","E","M","E","R","$","R","BOSS","M","?","?","?","M","E","$","E","T","R","M","E","R","M","R","BOSS","M","M","$","?","?","R","E","M","T","E","$","M","?","?","R","BOSS","R","$","E","BOSS"],"build_version":"2019-01-23","purchased_purges":2,"victory":false,"max_hp_per_floor":[70,70,70,70,70,70,70,70,70,70,70,70,70,70,70,70,70,70,70,70,70,70,70,70,70,70,70,70,70,70,75,75,75,75,75,75,75,75,75,75,75,75,75,75,75,75,75,75,75,75,75,75,75,75,75],"card_choices":[{"not_picked":["Cloak And Dagger","Backflip"],"picked":"Choke","floor":1},{"not_picked":["Cloak And Dagger","Finisher"],"picked":"Setup","floor":3},{"not_picked":["Quick Slash","Sucker Punch"],"picked":"Backstab","floor":5},{"not_picked":["Predator","Acrobatics"],"picked":"Adrenaline","floor":6},{"not_picked":["Dash","Deflect"],"picked":"Bouncing Flask","floor":10},{"not_picked":["Deflect","Acrobatics"],"picked":"Bane","floor":11},{"not_picked":["Choke","Sucker Punch"],"picked":"Prepared","floor":12},{"not_picked":["Die Die Die","Storm of Steel"],"picked":"Adrenaline","floor":16},{"not_picked":["Reflex","Flying Knee"],"picked":"Backflip+1","floor":18},{"not_picked":["Quick Slash","Bane"],"picked":"Deflect","floor":21},{"not_picked":["Backflip+1","Quick Slash"],"picked":"Dodge and Roll+1","floor":22},{"not_picked":["Outmaneuver","Riddle With Holes+1"],"picked":"Caltrops","floor":23},{"not_picked":["Flying Knee+1","Backflip"],"picked":"Calculated Gamble","floor":25},{"not_picked":["Prepared","Concentrate"],"picked":"Backflip+1","floor":28},{"not_picked":["Backflip","Reflex+1"],"picked":"Escape Plan","floor":29},{"not_picked":["Choke+1","Quick Slash","Acrobatics+1"],"picked":"SKIP","floor":31},{"not_picked":["Malaise","Venomology"],"picked":"Envenom","floor":33},{"not_picked":["Sucker Punch","Deadly Poison","Quick Slash+1"],"picked":"SKIP","floor":35},{"not_picked":["Bane+1","PiercingWail+1"],"picked":"Night Terror","floor":36},{"not_picked":["Dagger Throw","Heel Hook+1"],"picked":"Slice+1","floor":38},{"not_picked":["Prepared","All Out Attack+1","Dash"],"picked":"SKIP","floor":41},{"not_picked":["Acrobatics","All Out Attack+1"],"picked":"Flechettes+1","floor":42},{"not_picked":["Cloak And Dagger+1","Dodge and Roll+1"],"picked":"Distraction+1","floor":44},{"not_picked":["Finisher","Outmaneuver+1","Dodge and Roll+1"],"picked":"SKIP","floor":46},{"not_picked":["Calculated Gamble","Prepared","Sucker Punch"],"picked":"SKIP","floor":47},{"not_picked":["Calculated Gamble+1","Deadly Poison","Doppelganger"],"picked":"SKIP","floor":54}],"player_experience":141412,"relics_obtained":[{"floor":6,"key":"Boot"},{"floor":9,"key":"Pen Nib"},{"floor":10,"key":"Snake Skull"},{"floor":12,"key":"Ninja Scroll"},{"floor":23,"key":"Letter Opener"},{"floor":25,"key":"Gremlin Horn"},{"floor":26,"key":"Bag of Marbles"},{"floor":29,"key":"MawBank"},{"floor":38,"key":"Tough Bandages"},{"floor":41,"key":"Nunchaku"},{"floor":44,"key":"Centennial Puzzle"},{"floor":48,"key":"Old Coin"},{"floor":54,"key":"Sundial"}],"event_choices":[{"cards_removed":["Defend_G"],"damage_healed":0,"gold_gain":0,"player_choice":"Card Removal","damage_taken":0,"max_hp_gain":0,"max_hp_loss":0,"event_name":"The Cleric","floor":2,"gold_loss":50},{"cards_removed":["Strike_G"],"damage_healed":0,"gold_gain":0,"player_choice":"Card Removal","damage_taken":7,"max_hp_gain":0,"max_hp_loss":0,"event_name":"Golden Wing","floor":4,"gold_loss":0},{"damage_healed":0,"gold_gain":0,"player_choice":"Opened","damage_taken":0,"relics_obtained":["Peace Pipe"],"max_hp_gain":0,"max_hp_loss":0,"event_name":"The Mausoleum","floor":19,"gold_loss":0,"cards_obtained":["Writhe"]},{"damage_healed":0,"gold_gain":0,"player_choice":"","damage_taken":7,"max_hp_gain":0,"max_hp_loss":0,"event_name":"Knowing Skull","floor":20,"potions_obtained":[],"gold_loss":0,"cards_obtained":[]},{"damage_healed":0,"gold_gain":0,"player_choice":"Fight","damage_taken":0,"max_hp_gain":0,"max_hp_loss":0,"event_name":"Mysterious Sphere","floor":38,"gold_loss":0},{"damage_healed":0,"gold_gain":0,"player_choice":"0 cards matched","damage_taken":0,"max_hp_gain":0,"max_hp_loss":0,"event_name":"Match and Keep!","floor":39,"gold_loss":0,"cards_obtained":[]},{"damage_healed":0,"gold_gain":0,"player_choice":"Fight","damage_taken":0,"max_hp_gain":0,"max_hp_loss":0,"event_name":"MindBloom","floor":48,"gold_loss":0}],"is_beta":false,"boss_relics":[{"not_picked":["Velvet Choker","Runic Dome"],"picked":"White Beast Statue"},{"not_picked":["Philosopher\u0027s Stone","Orrery"],"picked":"Cursed Key"}],"items_purged_floors":[7,53],"is_endless":false,"potions_floor_spawned":[1,6,11,16,18,21,22,23,25,28,29,31,33,35,36,38,41,42,44,46,47,48,54],"killed_by":"The Heart","ascension_level":1}