{"gold_per_floor":[11,23,43,59,75,75,105,125,151,185,185,185,203,80,80,177,177,191,202,202,215,226,226,226,254,301,356,4,184,219,234,234,234],"floor_reached":33,"playtime":1782,"items_purged":["Strike_R"],"score":434,"play_id":"711c3c75-78e1-420a-9e8c-c7f5a34e3bfc","local_time":"20190126131348","is_ascension_mode":true,"campfire_choices":[{"data":"Armaments","floor":6,"key":"SMITH"},{"data":"Shockwave","floor":15,"key":"SMITH"},{"data":"Rage","floor":23,"key":"SMITH"},{"data":"Flame Barrier","floor":32,"key":"SMITH"}],"neow_cost":"NO_GOLD","seed_source_timestamp":145526343889300,"circlet_count":0,"master_deck":["Strike_R+1","Strike_R","Strike_R","Defend_R","Defend_R","Defend_R","Defend_R","Bash","Shockwave+1","Iron Wave","Clothesline","Armaments+1","Flame Barrier+1","Iron Wave+1","Pummel","Rage+1","Immolate","Reaper","Power Through+1","Pommel Strike+1","Pain","Pummel","Metallicize","Battle Trance+1","Disarm+1","Warcry+1"],"relics":["Burning Blood","Incense Burner","The Courier","Vajra","Whetstone","Sozu","WarpedTongs","Bag of Marbles","Blood Vial","MawBank","Membership Card","Shuriken","Self Forming Clay","Smiling Mask"],"potions_floor_usage":[13],"damage_taken":[{"damage":19,"enemies":"Small Slimes","floor":1,"turns":4},{"damage":10,"enemies":"2 Louse","floor":2,"turns":3},{"damage":2,"enemies":"Cultist","floor":3,"turns":4},{"damage":2,"enemies":"Looter","floor":4,"turns":3},{"damage":31,"enemies":"Exordium Wildlife","floor":5,"turns":6},{"damage":23,"enemies":"3 Sentries","floor":7,"turns":10},{"damage":3,"enemies":"2 Fungi Beasts","floor":8,"turns":4},{"damage":14,"enemies":"Gremlin Nob","floor":10,"turns":5},{"damage":7,"enemies":"Lots of Slimes","floor":13,"turns":4},{"damage":12,"enemies":"Hexaghost","floor":16,"turns":13},{"damage":6,"enemies":"3 Byrds","floor":18,"turns":5},{"damage":5,"enemies":"Chosen","floor":19,"turns":5},{"damage":16,"enemies":"Shelled Parasite and Fungi","floor":21,"turns":4},{"damage":11,"enemies":"Snake Plant","floor":22,"turns":4},{"damage":11,"enemies":"Book of Stabbing","floor":25,"turns":5},{"damage":15,"enemies":"Gremlin Leader","floor":30,"turns":5},{"damage":3,"enemies":"Centurion and Healer","floor":31,"turns":6},{"damage":91,"enemies":"Champ","floor":33,"turns":11}],"seed_played":"6987051148669067590","potions_obtained":[{"floor":1,"key":"Swift Potion"},{"floor":3,"key":"AttackPotion"},{"floor":4,"key":"FearPotion"},{"floor":13,"key":"SteroidPotion"}],"is_trial":false,"path_per_floor":["M","M","M","M","M","R","E","M","T","E","?","?","M","$","R","B",null,"M","M","?","M","M","R","?","E","T","T","$","?","E","M","R","B"],"character_chosen":"IRONCLAD","items_purchased":["Immolate","Membership Card","Shuriken","Self Forming Clay"],"campfire_rested":0,"item_purchase_floors":[14,28,28,28],"current_hp_per_floor":[59,55,59,63,38,38,21,24,24,16,16,16,15,15,15,9,62,68,74,74,64,59,59,59,54,54,54,54,30,51,66,66,0],"gold":234,"neow_bonus":"ONE_RARE_RELIC","is_prod":false,"is_daily":false,"chose_seed":false,"campfire_upgraded":4,"win_rate":0,"timestamp":1548508428,"path_taken":["M","M","M","M","M","R","E","M","T","E","?","?","M","$","R","BOSS","M","M","?","?","M","R","?","E","T","?","$","?","E","M","R","BOSS"],"build_version":"2019-01-23","purchased_purges":1,"victory":false,"max_hp_per_floor":[80,80,80,80,80,80,80,80,80,80,80,80,80,80,80,80,80,80,80,80,80,80,80,80,80,80,80,80,80,80,80,80,80],"card_choices":[{"not_picked":["Bloodletting","Sentinel"],"picked":"Shockwave","floor":1},{"not_picked":["Second Wind","Pommel Strike"],"picked":"Iron Wave","floor":2},{"not_picked":["Bloodletting","Havoc"],"picked":"Clothesline","floor":3},{"not_picked":["Sword Boomerang","Anger"],"picked":"Armaments","floor":4},{"not_picked":["Heavy Blade","Battle Trance"],"picked":"Flame Barrier","floor":5},{"not_picked":["Fire Breathing","Anger","Dark Embrace"],"picked":"SKIP","floor":7},{"not_picked":["Dropkick","Heavy Blade"],"picked":"Iron Wave","floor":8},{"not_picked":["Fire Breathing","Iron Wave"],"picked":"Pummel","floor":10},{"not_picked":["Perfected Strike","Heavy Blade"],"picked":"Rage","floor":13},{"not_picked":["Fiend Fire","Double Tap"],"picked":"Reaper","floor":16},{"not_picked":["Rage","Wild Strike"],"picked":"Power Through+1","floor":18},{"not_picked":["Fire Breathing","Bloodletting+1"],"picked":"Pommel Strike+1","floor":19},{"not_picked":["Armaments","Blood for Blood+1"],"picked":"Pummel","floor":21},{"not_picked":["Flex","Reckless Charge"],"picked":"Metallicize","floor":22},{"not_picked":["Reckless Charge+1","Headbutt+1"],"picked":"Battle Trance+1","floor":25},{"not_picked":["Uppercut","Intimidate+1"],"picked":"Disarm+1","floor":30},{"not_picked":["Infernal Blade+1","Wild Strike"],"picked":"Warcry+1","floor":31}],"player_experience":169146,"relics_obtained":[{"floor":7,"key":"The Courier"},{"floor":9,"key":"Vajra"},{"floor":10,"key":"Whetstone"},{"floor":25,"key":"Bag of Marbles"},{"floor":26,"key":"Blood Vial"},{"floor":27,"key":"MawBank"},{"floor":30,"key":"Smiling Mask"}],"event_choices":[{"damage_healed":0,"gold_gain":0,"player_choice":"Ignored","damage_taken":0,"max_hp_gain":0,"max_hp_loss":0,"event_name":"Shining Light","floor":11,"gold_loss":0},{"cards_removed":["Strike_R"],"damage_healed":0,"gold_gain":0,"player_choice":"Forget","damage_taken":0,"max_hp_gain":0,"max_hp_loss":0,"event_name":"Living Wall","floor":12,"gold_loss":0},{"damage_healed":0,"gold_gain":0,"player_choice":"Rummage","damage_taken":0,"relics_obtained":["WarpedTongs"],"max_hp_gain":0,"max_hp_loss":0,"event_name":"Accursed Blacksmith","floor":20,"gold_loss":0,"cards_obtained":["Pain"]},{"damage_healed":0,"gold_gain":0,"player_choice":"Ignored","damage_taken":0,"max_hp_gain":0,"max_hp_loss":0,"event_name":"Vampires","floor":24,"gold_loss":0},{"damage_healed":0,"gold_gain":180,"player_choice":"GOLD GOLD ","damage_taken":24,"max_hp_gain":0,"max_hp_loss":0,"event_name":"Knowing Skull","floor":29,"potions_obtained":[],"gold_loss":0,"cards_obtained":[]}],"is_beta":false,"boss_relics":[{"not_picked":["Tiny House","Empty Cage"],"picked":"Sozu"}],"items_purged_floors":[14],"is_endless":false,"potions_floor_spawned":[1,3,4,7,13,18,19,30,31],"killed_by":"Champ","ascension_level":9}