{"gold_per_floor":[117,192,192,206,216,250,250,267,291,301,320,320,338,352,352,352],"floor_reached":16,"playtime":3313,"items_purged":[],"score":106,"play_id":"298ee715-9d9d-40f0-b0dc-7f936b9ca9e3","local_time":"20190129140549","is_ascension_mode":false,"campfire_choices":[{"floor":7,"key":"REST"},{"floor":12,"key":"REST"},{"data":"Tactician","floor":15,"key":"SMITH"}],"neow_cost":"NONE","seed_source_timestamp":1365089730333333,"circlet_count":0,"master_deck":["Defend_G","Defend_G","Defend_G","Defend_G","Defend_G","Strike_G+1","Strike_G","Strike_G","Strike_G+1","Strike_G","Survivor","Neutralize","Terror","Backflip","Underhanded Strike","Endless Agony","Footwork","Tactician+1","Prepared","Acrobatics","Blur"],"relics":["Ring of the Snake","Whetstone","Vajra"],"potions_floor_usage":[6,13,13,16,16],"damage_taken":[{"damage":1,"enemies":"2 Louse","floor":1,"turns":5},{"damage":5,"enemies":"Jaw Worm","floor":4,"turns":5},{"damage":0,"enemies":"Small Slimes","floor":5,"turns":4},{"damage":28,"enemies":"3 Sentries","floor":6,"turns":14},{"damage":4,"enemies":"Looter","floor":8,"turns":4},{"damage":0,"enemies":"Blue Slaver","floor":10,"turns":2},{"damage":18,"enemies":"Exordium Wildlife","floor":11,"turns":6},{"damage":3,"enemies":"Large Slime","floor":13,"turns":4},{"damage":3,"enemies":"Lots of Slimes","floor":14,"turns":3},{"damage":68,"enemies":"Slime Boss","floor":16,"turns":13}],"seed_played":"-2371542471390590595","potions_obtained":[{"floor":5,"key":"SkillPotion"},{"floor":6,"key":"Explosive Potion"},{"floor":10,"key":"Weak Potion"},{"floor":11,"key":"SkillPotion"},{"floor":13,"key":"SpeedPotion"}],"is_trial":false,"path_per_floor":["M","?","?","M","M","E","R","M","T","M","M","R","M","M","R","B"],"character_chosen":"THE_SILENT","items_purchased":[],"campfire_rested":2,"item_purchase_floors":[],"current_hp_per_floor":[76,65,70,65,65,37,61,57,57,57,39,63,60,57,57,0],"gold":352,"neow_bonus":"TEN_PERCENT_HP_BONUS","is_prod":false,"is_daily":false,"chose_seed":false,"campfire_upgraded":1,"win_rate":0.0,"timestamp":1548767149,"path_taken":["M","?","?","M","M","E","R","M","T","M","M","R","M","M","R","BOSS"],"build_version":"2019-01-23","purchased_purges":0,"victory":false,"max_hp_per_floor":[77,77,82,82,82,82,82,82,82,82,82,82,82,82,82,82],"card_choices":[{"not_picked":["Poisoned Stab","Skewer"],"picked":"Terror","floor":1},{"not_picked":["Dagger Spray","PiercingWail"],"picked":"Backflip","floor":4},{"not_picked":["Escape Plan","Blade Dance"],"picked":"Underhanded Strike","floor":5},{"not_picked":["Dagger Spray","Noxious Fumes"],"picked":"Endless Agony","floor":6},{"not_picked":["Backflip","Prepared"],"picked":"Footwork","floor":8},{"not_picked":["Noxious Fumes","A Thousand Cuts"],"picked":"Tactician","floor":10},{"not_picked":["Blade Dance","Deadly Poison"],"picked":"Prepared","floor":11},{"not_picked":["Expertise","Underhanded Strike"],"picked":"Acrobatics","floor":13},{"not_picked":["Deflect","Dodge and Roll"],"picked":"Blur","floor":14}],"player_experience":30063,"relics_obtained":[{"floor":6,"key":"Whetstone"},{"floor":9,"key":"Vajra"}],"event_choices":[{"damage_healed":0,"gold_gain":75,"player_choice":"Gather Gold","damage_taken":11,"max_hp_gain":0,"max_hp_loss":0,"event_name":"World of Goop","floor":2,"gold_loss":0},{"damage_healed":0,"gold_gain":0,"player_choice":"Donut","damage_taken":0,"max_hp_gain":5,"max_hp_loss":0,"event_name":"Big Fish","floor":3,"gold_loss":0}],"is_beta":false,"boss_relics":[],"items_purged_floors":[],"is_endless":false,"potions_floor_spawned":[5,6,10,11,13],"killed_by":"Slime Boss","ascension_level":0}