{"gold_per_floor":[114,124,138,156,156,156,172,172,172,172,172,46,71,90,90,90],"floor_reached":16,"playtime":914,"items_purged":["Decay"],"score":127,"play_id":"66cbc515-d7a6-431a-9369-b482fffaf55c","local_time":"20190124191331","is_ascension_mode":false,"campfire_choices":[{"data":"Armaments","floor":6,"key":"SMITH"},{"floor":11,"key":"REST"},{"data":"Battle Trance","floor":15,"key":"SMITH"}],"neow_cost":"PERCENT_DAMAGE","seed_source_timestamp":88011799970000,"circlet_count":0,"master_deck":["Strike_R","Strike_R","Strike_R","Defend_R","Defend_R","Defend_R","Bash","Armaments+1","Impervious","Battle Trance+1","Twin Strike","Shrug It Off"],"relics":["Burning Blood","Lantern","Blue Candle","Du-Vu Doll"],"potions_floor_usage":[7,13,13,16],"damage_taken":[{"damage":12,"enemies":"Cultist","floor":1,"turns":5},{"damage":1,"enemies":"2 Louse","floor":2,"turns":4},{"damage":14,"enemies":"Jaw Worm","floor":3,"turns":5},{"damage":8,"enemies":"Blue Slaver","floor":4,"turns":6},{"damage":8,"enemies":"Exordium Wildlife","floor":7,"turns":5},{"damage":0,"enemies":"3 Sentries","floor":13,"turns":9},{"damage":1,"enemies":"Looter","floor":14,"turns":4},{"damage":67,"enemies":"Hexaghost","floor":16,"turns":14}],"seed_played":"6467194910185072460","potions_obtained":[{"floor":3,"key":"FearPotion"},{"floor":4,"key":"BloodPotion"},{"floor":7,"key":"Strength Potion"},{"floor":13,"key":"GamblersBrew"}],"is_trial":false,"path_per_floor":["M","M","M","M","?","R","M","?","T","?","R","$","E","M","R","B"],"character_chosen":"IRONCLAD","items_purchased":["Fire Potion"],"campfire_rested":1,"item_purchase_floors":[12],"current_hp_per_floor":[50,55,47,45,38,38,44,32,32,32,56,56,62,67,67,0],"gold":90,"neow_bonus":"TRANSFORM_TWO_CARDS","is_prod":false,"is_daily":false,"chose_seed":false,"campfire_upgraded":2,"win_rate":0,"timestamp":1548386011,"path_taken":["M","?","M","M","?","R","M","?","T","?","R","$","E","M","R","BOSS"],"build_version":"2019-01-23","purchased_purges":1,"victory":false,"max_hp_per_floor":[80,80,80,80,80,80,80,80,80,80,80,80,80,80,80,80],"card_choices":[{"not_picked":["Clothesline","Anger","Shockwave"],"picked":"SKIP","floor":1},{"not_picked":["Shockwave","Uppercut"],"picked":"Battle Trance","floor":2},{"not_picked":["Havoc","Armaments","Shockwave"],"picked":"SKIP","floor":3},{"not_picked":["Fire Breathing","Anger"],"picked":"Twin Strike","floor":4},{"not_picked":["Thunderclap","Spot Weakness"],"picked":"Shrug It Off","floor":7},{"not_picked":["Flame Barrier","Dark Embrace","Disarm"],"picked":"SKIP","floor":13},{"not_picked":["Body Slam","Armaments","Warcry"],"picked":"SKIP","floor":14}],"player_experience":61944,"relics_obtained":[{"floor":9,"key":"Blue Candle"},{"floor":13,"key":"Du-Vu Doll"}],"event_choices":[{"cards_removed":["Strike_R"],"damage_healed":0,"gold_gain":0,"player_choice":"Card Removal","damage_taken":7,"max_hp_gain":0,"max_hp_loss":0,"event_name":"Golden Wing","floor":5,"gold_loss":0},{"damage_healed":0,"gold_gain":0,"player_choice":"Success","damage_taken":12,"relics_obtained":["Lantern"],"max_hp_gain":0,"max_hp_loss":0,"event_name":"Scrap Ooze","floor":8,"gold_loss":0},{"damage_healed":0,"gold_gain":0,"player_choice":"Cursed","damage_taken":0,"max_hp_gain":0,"max_hp_loss":0,"event_name":"Wheel of Change","floor":10,"gold_loss":0,"cards_obtained":["Decay"]}],"is_beta":false,"boss_relics":[],"items_purged_floors":[12],"is_endless":false,"potions_floor_spawned":[3,4,7,13],"killed_by":"Hexaghost","ascension_level":0}