{"gold_per_floor":[114,114,114,45,57,57,115,115,194,194,220,231,243,253,253,253],"floor_reached":16,"playtime":444,"items_purged":[],"score":100,"play_id":"b6de3d8c-99b5-4183-8d76-f9b537ee162c","local_time":"20190105230036","is_ascension_mode":false,"campfire_choices":[{"data":"Carnage","floor":6,"key":"SMITH"},{"data":"Bash","floor":8,"key":"SMITH"},{"data":"Whirlwind","floor":15,"key":"SMITH"}],"neow_cost":"NONE","seed_source_timestamp":0,"circlet_count":0,"master_deck":["Strike_R","Strike_R","Strike_R","Strike_R","Defend_R+1","Defend_R","Defend_R+1","Defend_R","Bash+1","Carnage+1","Whirlwind+1"],"special_seed":0,"relics":["Burning Blood","War Paint","Tiny Chest","Mercury Hourglass","Meat on the Bone","Centennial Puzzle"],"potions_floor_usage":[16],"damage_taken":[{"damage":2.0,"enemies":"2 Louse","floor":1.0,"turns":3.0},{"damage":0,"enemies":"Small Slimes","floor":5,"turns":3},{"damage":20,"enemies":"Gremlin Nob","floor":7,"turns":4},{"damage":3,"enemies":"Jaw Worm","floor":12,"turns":2},{"damage":5,"enemies":"3 Louse","floor":13,"turns":2},{"damage":12,"enemies":"Blue Slaver","floor":14,"turns":3},{"damage":66,"enemies":"Hexaghost","floor":16,"turns":9}],"seed_played":"3791804238545073227","potions_obtained":[{"floor":7,"key":"SkillPotion"},{"floor":12,"key":"Block Potion"}],"is_trial":false,"path_per_floor":["M","?","?","$","M","R","E","R","T","?","T","M","M","M","R","B"],"character_chosen":"IRONCLAD","items_purchased":["Carnage"],"campfire_rested":0,"item_purchase_floors":[4],"current_hp_per_floor":[80,73,73,73,79,79,65,65,65,65,65,68,69,63,63,0],"gold":253,"neow_bonus":"RANDOM_COMMON_RELIC","is_prod":false,"is_daily":false,"chose_seed":false,"campfire_upgraded":3,"win_rate":0,"timestamp":1546725636,"path_taken":["M","?","?","$","M","R","E","R","T","?","?","M","?","M","R","BOSS"],"build_version":"2019-01-03v4","purchased_purges":0,"victory":false,"max_hp_per_floor":[80,80,80,80,80,80,80,80,80,80,80,80,80,80,80,80],"card_choices":[{"not_picked":["Twin Strike","Disarm","Thunderclap"],"picked":"SKIP","floor":1.0},{"not_picked":["Seeing Red","Clash","Cleave"],"picked":"SKIP","floor":5},{"not_picked":["Rage","Double Tap","Battle Trance"],"picked":"SKIP","floor":7},{"not_picked":["Perfected Strike","Wild Strike","Armaments"],"picked":"SKIP","floor":12},{"not_picked":["Body Slam","Havoc","Battle Trance"],"picked":"SKIP","floor":13},{"not_picked":["Corruption","Iron Wave"],"picked":"Whirlwind","floor":14}],"player_experience":678240,"relics_obtained":[{"floor":7,"key":"Tiny Chest"},{"floor":9,"key":"Mercury Hourglass"},{"floor":10,"key":"Meat on the Bone"},{"floor":11,"key":"Centennial Puzzle"}],"event_choices":[{"cards_removed":["Strike_R"],"damage_healed":0.0,"max_hp_gain":0.0,"max_hp_loss":0.0,"gold_gain":0.0,"event_name":"Golden Wing","player_choice":"Card Removal","floor":2.0,"gold_loss":0.0,"damage_taken":7.0}],"is_beta":false,"boss_relics":[],"items_purged_floors":[],"is_endless":false,"potions_floor_spawned":[7,12],"killed_by":"Hexaghost","ascension_level":0}