{"gold_per_floor":[118,118,129,129,143,162,194,205,232,232,243,243],"floor_reached":12,"playtime":544,"items_purged":[],"score":82,"play_id":"eabf78dc-5992-472c-aa35-7d45ed9bdde2","local_time":"20180623204452","is_ascension_mode":false,"campfire_choices":[{"floor":10,"key":"REST"}],"neow_cost":"NONE","seed_source_timestamp":36529171672764,"circlet_count":0,"master_deck":["Strike_R","Strike_R","Strike_R","Strike_R","Strike_R","Defend_R","Defend_R","Defend_R","Defend_R","Bash","Fiend Fire","Rampage","Body Slam","Inflame","Dual Wield","Cleave","Perfected Strike","Flame Barrier"],"relics":["Burning Blood","Bag of Preparation","Lantern","Bronze Scales"],"potions_floor_usage":[8,12],"damage_taken":[{"damage":15,"enemies":"Small Slimes","floor":1,"turns":3},{"damage":1,"enemies":"2 Louse","floor":3,"turns":3},{"damage":6,"enemies":"Jaw Worm","floor":5,"turns":4},{"damage":18,"enemies":"Large Slime","floor":6,"turns":7},{"damage":49,"enemies":"3 Sentries","floor":7,"turns":9},{"damage":11,"enemies":"2 Fungi Beasts","floor":8,"turns":3},{"damage":27,"enemies":"Gremlin Gang","floor":11,"turns":4},{"damage":16,"enemies":"Exordium Thugs","floor":12,"turns":3}],"seed_played":"-8573122454761408605","potions_obtained":[{"floor":3,"key":"SpeedPotion"},{"floor":5,"key":"Strength Potion"},{"floor":11,"key":"Weak Potion"}],"is_trial":false,"path_per_floor":["M","?","M","?","M","M","E","M","T","R","M"],"character_chosen":"IRONCLAD","items_purchased":[],"campfire_rested":1,"item_purchase_floors":[],"current_hp_per_floor":[71,68,73,73,73,61,18,13,13,37,16,0],"gold":243,"neow_bonus":"ONE_RANDOM_RARE_CARD","is_prod":false,"is_daily":false,"chose_seed":false,"campfire_upgraded":0,"win_rate":0.0,"timestamp":1529779492,"path_taken":["M","?","M","?","M","M","E","M","T","R","M","M"],"build_version":"2018-06-21v2","purchased_purges":0,"victory":false,"max_hp_per_floor":[80,80,80,80,80,80,80,80,80,80,80,80],"card_choices":[{"not_picked":["Seeing Red","Warcry"],"picked":"Rampage","floor":1},{"not_picked":["Pommel Strike","Sword Boomerang"],"picked":"Body Slam","floor":3},{"not_picked":["Battle Trance","Thunderclap"],"picked":"Inflame","floor":5},{"not_picked":["Thunderclap","Rupture"],"picked":"Dual Wield","floor":6},{"not_picked":["Battle Trance","Seeing Red"],"picked":"Cleave","floor":7},{"not_picked":["Burning Pact","True Grit"],"picked":"Perfected Strike","floor":8},{"not_picked":["Armaments","Pommel Strike"],"picked":"Flame Barrier","floor":11}],"player_experience":31676,"relics_obtained":[{"floor":7,"key":"Lantern"},{"floor":9,"key":"Bronze Scales"}],"event_choices":[{"event_name":"Scrap Ooze","player_choice":"success","floor":2,"damage_taken":3},{"event_name":"Liars Game","player_choice":"disagreed","floor":4,"damage_taken":0}],"boss_relics":[],"items_purged_floors":[],"is_endless":false,"potions_floor_spawned":[3,5,11],"killed_by":"Exordium Thugs","ascension_level":0}