{"gold_per_floor":[115,6,6,17,34,34,67,85,165,180,180,191,191,206,206,307,307,325,339,339,351,0,27,27,27],"floor_reached":25,"playtime":1478,"items_purged":["Strike_G"],"score":288,"play_id":"581fe997-29cc-4797-bca2-a7895df22620","local_time":"20180827011801","is_ascension_mode":true,"campfire_choices":[{"data":"Flechettes","floor":6,"key":"SMITH"},{"data":"Glass Knife","floor":13,"key":"SMITH"},{"floor":15,"key":"REST"},{"data":"Malaise","floor":24,"key":"SMITH"}],"neow_cost":"NONE","seed_source_timestamp":923235817805713,"circlet_count":0,"master_deck":["Defend_G","Defend_G","Defend_G","Defend_G","Strike_G","Strike_G","Strike_G","Strike_G","Survivor","Neutralize","Malaise+1","Backstab","Well Laid Plans","Flechettes+1","Dagger Spray","Dodge and Roll","Glass Knife+1","Dodge and Roll","After Image","Escape Plan","Backstab+1"],"relics":["Ring of the Snake","Sundial","Kunai","Vajra","WristBlade","Peace Pipe"],"potions_floor_usage":[7,23,23,23,25],"damage_taken":[{"damage":1,"enemies":"2 Louse","floor":1,"turns":4},{"damage":0,"enemies":"Cultist","floor":4,"turns":4},{"damage":1,"enemies":"Jaw Worm","floor":5,"turns":4},{"damage":24,"enemies":"Gremlin Nob","floor":7,"turns":4},{"damage":0,"enemies":"Lots of Slimes","floor":8,"turns":2},{"damage":0,"enemies":"Large Slime","floor":10,"turns":4},{"damage":1,"enemies":"2 Fungi Beasts","floor":12,"turns":2},{"damage":0,"enemies":"3 Louse","floor":14,"turns":1},{"damage":9,"enemies":"Hexaghost","floor":16,"turns":11},{"damage":16,"enemies":"Spheric Guardian","floor":18,"turns":4},{"damage":2,"enemies":"3 Byrds","floor":19,"turns":6},{"damage":7,"enemies":"Snake Plant","floor":21,"turns":5},{"damage":0,"enemies":"Book of Stabbing","floor":23,"turns":6},{"damage":56,"enemies":"Gremlin Leader","floor":25,"turns":13}],"seed_played":"-2907216406215553962","potions_obtained":[{"floor":1,"key":"Ancient Potion"},{"floor":4,"key":"Explosive Potion"},{"floor":7,"key":"Energy Potion"},{"floor":12,"key":"Block Potion"},{"floor":21,"key":"Fire Potion"},{"floor":23,"key":"Poison Potion"}],"is_trial":false,"path_per_floor":["M","$","?","M","M","R","E","M","T","M","?","M","R","M","R","B",null,"M","M","?","M","?","E","R"],"character_chosen":"THE_SILENT","items_purchased":["Well Laid Plans"],"campfire_rested":1,"item_purchase_floors":[2],"current_hp_per_floor":[69,69,69,69,68,68,44,44,44,44,44,43,43,43,64,55,70,54,52,52,45,45,45,45,0],"gold":27,"neow_bonus":"ONE_RANDOM_RARE_CARD","is_prod":false,"is_daily":false,"chose_seed":false,"campfire_upgraded":3,"win_rate":0,"timestamp":1535303881,"path_taken":["M","$","?","M","M","R","E","M","T","M","?","M","R","M","R","BOSS","M","M","?","?","?","E","R","E"],"build_version":"2018-08-23v2","purchased_purges":1,"victory":false,"max_hp_per_floor":[70,70,70,70,70,70,70,70,70,70,70,70,70,70,70,70,70,70,70,70,70,70,70,70,70],"card_choices":[{"not_picked":["Setup","Sucker Punch"],"picked":"Backstab","floor":1},{"not_picked":["Quick Slash","Acrobatics"],"picked":"Flechettes","floor":4},{"not_picked":["Bouncing Flask","Outmaneuver"],"picked":"Dagger Spray","floor":5},{"not_picked":["Poisoned Stab","Acrobatics"],"picked":"Dodge and Roll","floor":7},{"not_picked":["Slice","Deflect"],"picked":"Glass Knife","floor":8},{"not_picked":["Quick Slash","Dagger Spray"],"picked":"Dodge and Roll","floor":10},{"not_picked":["Bane","Quick Slash","Deflect"],"picked":"SKIP","floor":12},{"not_picked":["Bouncing Flask","Deadly Poison","Flying Knee"],"picked":"SKIP","floor":14},{"not_picked":["Envenom","Adrenaline"],"picked":"After Image","floor":16},{"not_picked":["Deflect","Outmaneuver","Reflex"],"picked":"SKIP","floor":18},{"not_picked":["Sucker Punch","Storm of Steel","Poisoned Stab"],"picked":"SKIP","floor":19},{"not_picked":["Prepared","Eviscerate+1"],"picked":"Escape Plan","floor":21},{"not_picked":["Deflect+1","Backflip"],"picked":"Backstab+1","floor":23}],"player_experience":293761,"relics_obtained":[{"floor":7,"key":"Sundial"},{"floor":9,"key":"Kunai"},{"floor":23,"key":"Peace Pipe"}],"event_choices":[{"event_name":"Bonfire Elementals","player_choice":"BASIC","floor":3,"damage_taken":0},{"event_name":"WeMeetAgain","player_choice":"Potion","floor":11,"damage_taken":0},{"event_name":"Ghosts","player_choice":"Ignored","floor":20,"damage_taken":0},{"event_name":"Masked Bandits","player_choice":"Paid Fearfully","floor":22,"damage_taken":0}],"is_beta":false,"boss_relics":[{"not_picked":["Orrery","Fusion Hammer"],"picked":"WristBlade"}],"items_purged_floors":[2],"is_endless":false,"potions_floor_spawned":[1,4,7,12,21,23],"killed_by":"Gremlin Leader","ascension_level":3}