{"gold_per_floor":[368,368,379,13,32,32,62,77,77,77,87,87,116,116,116,216,216,233,250,55,55,154,154,154,164,188,188,188,63,83,100,100,100],"floor_reached":33,"playtime":1085,"items_purged":["Regret","Strike_B"],"score":255,"play_id":"5cab6bd5-9ddf-47be-a281-3acff31562ba","local_time":"20181211232302","is_ascension_mode":false,"campfire_choices":[{"data":"Dualcast","floor":6,"key":"SMITH"},{"floor":10,"key":"REST"},{"data":"Redo","floor":12,"key":"SMITH"},{"floor":15,"key":"REST"},{"floor":23,"key":"RECALL"},{"data":"Tempest","floor":28,"key":"SMITH"},{"floor":32,"key":"REST"}],"neow_cost":"CURSE","seed_source_timestamp":344128062531257,"circlet_count":0,"master_deck":["Strike_B","Strike_B","Strike_B","Defend_B","Defend_B","Defend_B","Defend_B","Zap+1","Dualcast+1","Tempest","Redo+1","Storm+1","Ball Lightning","Tempest+1","Machine Learning+1","Ball Lightning","Loop+1","Leap","Conserve Battery","Capacitor+1"],"special_seed":0,"relics":["Cracked Core","Matryoshka","Frozen Egg 2","Mercury Hourglass","Bag of Marbles","Cables","Mummified Hand","Inserter","Bag of Preparation"],"potions_floor_usage":[13,16,16,30],"damage_taken":[{"damage":3.0,"enemies":"Small Slimes","floor":1.0,"turns":2.0},{"damage":12.0,"enemies":"Jaw Worm","floor":3.0,"turns":4.0},{"damage":1,"enemies":"Cultist","floor":5,"turns":3},{"damage":40,"enemies":"Lagavulin","floor":7,"turns":7},{"damage":4,"enemies":"Blue Slaver","floor":8,"turns":3},{"damage":5,"enemies":"Looter","floor":11,"turns":2},{"damage":21,"enemies":"3 Sentries","floor":13,"turns":4},{"damage":22,"enemies":"The Guardian","floor":16,"turns":8},{"damage":17,"enemies":"3 Byrds","floor":18,"turns":3},{"damage":12,"enemies":"Shell Parasite","floor":19,"turns":3},{"damage":12,"enemies":"Snake Plant","floor":25,"turns":3},{"damage":19,"enemies":"Shelled Parasite and Fungi","floor":30,"turns":4},{"damage":5,"enemies":"Sentry and Sphere","floor":31,"turns":3},{"damage":59,"enemies":"Champ","floor":33,"turns":8}],"seed_played":"7415522129657021259","potions_obtained":[{"floor":1.0,"key":"FearPotion"},{"floor":5,"key":"SneckoOil"},{"floor":8,"key":"Strength Potion"},{"floor":11,"key":"AttackPotion"},{"floor":16,"key":"SteroidPotion"},{"floor":19,"key":"FearPotion"},{"floor":30,"key":"Energy Potion"}],"is_trial":false,"path_per_floor":["M","?","M","$","M","R","E","M","T","R","M","R","E","?","R","B",null,"M","M","$","?","?","R","?","M","T","?","R","$","M","M","R","B"],"character_chosen":"DEFECT","items_purchased":["Frozen Egg 2","Storm+1","Loop+1","Leap","Regen Potion","Conserve Battery"],"campfire_rested":3,"item_purchase_floors":[4,4,20,20,29,29],"current_hp_per_floor":[72,72,60,60,59,59,19,15,15,37,32,32,11,4,26,4,75,58,46,46,46,46,46,46,34,34,34,34,34,27,22,44,0],"gold":100,"neow_bonus":"TWO_FIFTY_GOLD","is_prod":false,"is_daily":false,"chose_seed":false,"campfire_upgraded":3,"win_rate":0,"timestamp":1544566982,"path_taken":["M","?","M","$","M","R","E","M","T","R","M","R","E","?","R","BOSS","M","M","$","?","?","R","?","?","T","?","R","$","M","M","R","BOSS"],"build_version":"2018-12-06","purchased_purges":2,"victory":false,"max_hp_per_floor":[75,75,75,75,75,75,75,75,75,75,75,75,75,75,75,75,75,75,75,75,75,75,75,75,75,75,75,75,75,75,75,75,75],"card_choices":[{"not_picked":["Beam Cell","Barrage"],"picked":"Tempest","floor":1.0},{"not_picked":["Blizzard","Cold Snap"],"picked":"Redo","floor":3.0},{"not_picked":["Sweeping Beam","Compile Driver","Hologram"],"picked":"SKIP","floor":5},{"not_picked":["Sweeping Beam","Double Energy"],"picked":"Ball Lightning","floor":7},{"not_picked":["Rainbow","Go for the Eyes","Coolheaded"],"picked":"SKIP","floor":8},{"not_picked":["Reprogram","Turbo"],"picked":"Tempest","floor":11},{"not_picked":["Steam Power","Sweeping Beam","Gash"],"picked":"SKIP","floor":13},{"not_picked":["Seek","Multi-Cast"],"picked":"Machine Learning+1","floor":16},{"not_picked":["Stack","Cold Snap"],"picked":"Ball Lightning","floor":18},{"not_picked":["Sunder","Streamline+1","Go for the Eyes"],"picked":"SKIP","floor":19},{"not_picked":["Barrage","Compile Driver","Beam Cell"],"picked":"SKIP","floor":25},{"not_picked":["Coolheaded","Cold Snap","Conserve Battery"],"picked":"SKIP","floor":30},{"not_picked":["Conserve Battery","Scrape"],"picked":"Capacitor+1","floor":31}],"player_experience":587261,"relics_obtained":[{"floor":7,"key":"Mercury Hourglass"},{"floor":9,"key":"Bag of Marbles"},{"floor":9,"key":"Cables"},{"floor":13,"key":"Mummified Hand"},{"floor":26,"key":"Bag of Preparation"}],"event_choices":[{"damage_healed":0.0,"max_hp_gain":0.0,"max_hp_loss":0.0,"gold_gain":0.0,"event_name":"Big Fish","player_choice":"Box","floor":2.0,"gold_loss":0.0,"damage_taken":0.0,"relics_obtained":["Matryoshka"],"cards_obtained":["Regret"]},{"cards_removed":["Normality"],"damage_healed":0,"gold_gain":0,"player_choice":"Card Removal","damage_taken":7,"max_hp_gain":0,"max_hp_loss":0,"event_name":"Golden Wing","floor":14,"gold_loss":0},{"damage_healed":0,"gold_gain":0,"player_choice":"Ignored","damage_taken":0,"max_hp_gain":0,"max_hp_loss":0,"event_name":"Ghosts","floor":21,"gold_loss":0},{"damage_healed":0,"gold_gain":99,"player_choice":"Stole From Cult","damage_taken":0,"max_hp_gain":0,"max_hp_loss":0,"event_name":"Nest","floor":22,"gold_loss":0},{"damage_healed":0,"gold_gain":0,"player_choice":"Upgraded","damage_taken":0,"max_hp_gain":0,"max_hp_loss":0,"event_name":"Upgrade Shrine","floor":24,"gold_loss":0,"cards_upgraded":["Zap"]},{"damage_healed":0,"gold_gain":0,"player_choice":"Ignored","damage_taken":0,"max_hp_gain":0,"max_hp_loss":0,"event_name":"Cursed Tome","floor":27,"gold_loss":0}],"is_beta":false,"boss_relics":[{"not_picked":["Nuclear Battery","Runic Pyramid"],"picked":"Inserter"}],"items_purged_floors":[4,20],"is_endless":false,"potions_floor_spawned":[1,5,8,11,16,19,30],"killed_by":"Champ","ascension_level":0}