{"gold_per_floor":[119,119,44,59,59,98,133,133,209,249,263,263,276,300,300,430,430,451,472,472,472,24,24,63,63,63,83,123,123,138,178,178,297,297,311,334,334,353,373,416,416,459,459,497,497,512,637,662,662,662],"floor_reached":50,"playtime":4274,"items_purged":["Strike_B"],"score":811,"play_id":"5e442377-7f17-45a6-9c3a-8b40c299f73b","local_time":"20190131203405","is_ascension_mode":true,"campfire_choices":[{"data":"Fusion","floor":8,"key":"SMITH"},{"data":"Zap","floor":12,"key":"SMITH"},{"data":"Fission","floor":15,"key":"SMITH"},{"data":"Biased Cognition","floor":23,"key":"SMITH"},{"floor":25,"key":"REST"},{"data":"Machine Learning","floor":29,"key":"SMITH"},{"floor":32,"key":"RECALL"},{"data":"Capacitor","floor":41,"key":"SMITH"},{"data":"Electrodynamics","floor":45,"key":"SMITH"},{"data":"Dualcast","floor":49,"key":"SMITH"}],"neow_cost":"NONE","seed_source_timestamp":195342151953908,"circlet_count":0,"master_deck":["Strike_B+1","Strike_B+1","Strike_B+1","Defend_B+1","Defend_B+1","Defend_B+1","Defend_B+1","Zap+1","Dualcast+1","Ball Lightning","FTL","Fusion+1","Leap","Glacier","Chill","Fission+1","Compile Driver","Biased Cognition+1","Sweeping Beam","Stack+1","Machine Learning+1","Coolheaded+1","Steam Power+1","Hologram+1","Fission+1","Redo+1","Barrage+1","BootSequence+1","Chill+1","Rainbow+1","Ball Lightning","Capacitor+1","Coolheaded+1","Defragment+1","Compile Driver+1","Electrodynamics+1","Fusion+1","Rainbow+1"],"relics":["Cracked Core","NeowsBlessing","Golden Idol","Regal Pillow","Odd Mushroom","Question Card","Pen Nib","Nuclear Battery","Toxic Egg 2","ClockworkSouvenir","WingedGreaves","Sundial","Bag of Marbles","PreservedInsect","Orrery","Lantern","Pear","Oddly Smooth Stone","Incense Burner"],"potions_floor_usage":[16,16,24,31,33,40,44,50],"damage_taken":[{"damage":0,"enemies":"Cultist","floor":1,"turns":1},{"damage":0,"enemies":"Small Slimes","floor":4,"turns":1},{"damage":0,"enemies":"Gremlin Nob","floor":6,"turns":1},{"damage":13,"enemies":"The Mushroom Lair","floor":7,"turns":4},{"damage":21,"enemies":"Lagavulin","floor":10,"turns":7},{"damage":1,"enemies":"Jaw Worm","floor":11,"turns":5},{"damage":0,"enemies":"Looter","floor":13,"turns":3},{"damage":0,"enemies":"Large Slime","floor":14,"turns":5},{"damage":9,"enemies":"Hexaghost","floor":16,"turns":10},{"damage":0,"enemies":"Chosen","floor":18,"turns":5},{"damage":0,"enemies":"Shell Parasite","floor":19,"turns":4},{"damage":60,"enemies":"Gremlin Leader","floor":24,"turns":12},{"damage":0,"enemies":"3 Cultists","floor":27,"turns":7},{"damage":2,"enemies":"Book of Stabbing","floor":28,"turns":6},{"damage":0,"enemies":"Cultist and Chosen","floor":30,"turns":4},{"damage":0,"enemies":"Gremlin Leader","floor":31,"turns":5},{"damage":10,"enemies":"Collector","floor":33,"turns":13},{"damage":0,"enemies":"Orb Walker","floor":35,"turns":2},{"damage":0,"enemies":"3 Darklings","floor":36,"turns":4},{"damage":8,"enemies":"4 Shapes","floor":38,"turns":5},{"damage":0,"enemies":"Spire Growth","floor":39,"turns":3},{"damage":0,"enemies":"Reptomancer","floor":40,"turns":6},{"damage":0,"enemies":"Giant Head","floor":42,"turns":4},{"damage":0,"enemies":"Reptomancer","floor":44,"turns":4},{"damage":0,"enemies":"Sphere and 2 Shapes","floor":46,"turns":4},{"damage":0,"enemies":"Mind Bloom Boss Battle","floor":47,"turns":3},{"damage":0,"enemies":"Jaw Worm Horde","floor":48,"turns":3},{"damage":92,"enemies":"Time Eater","floor":50,"turns":10}],"seed_played":"-8758630615463283041","potions_obtained":[{"floor":4,"key":"LiquidBronze"},{"floor":6,"key":"SteroidPotion"},{"floor":10,"key":"Energy Potion"},{"floor":14,"key":"Weak Potion"},{"floor":24,"key":"Block Potion"},{"floor":27,"key":"Swift Potion"},{"floor":30,"key":"Explosive Potion"},{"floor":33,"key":"Regen Potion"},{"floor":35,"key":"EssenceOfSteel"},{"floor":36,"key":"AttackPotion"},{"floor":40,"key":"SteroidPotion"},{"floor":47,"key":"SteroidPotion"}],"is_trial":false,"path_per_floor":["M","?","$","M","$","E","?","R","T","E","M","R","M","M","R","B",null,"M","M","?","?","$","R","E","R","T","M","E","R","M","E","R","B",null,"M","M","$","M","M","E","R","E","T","E","R","M","?","M","R","B"],"character_chosen":"DEFECT","items_purchased":["Toxic Egg 2","ClockworkSouvenir"],"campfire_rested":1,"item_purchase_floors":[22,22],"current_hp_per_floor":[75,57,57,57,57,57,44,44,44,23,22,22,22,22,22,13,75,75,75,75,75,75,75,15,52,52,52,50,50,50,50,50,40,75,75,75,75,67,67,67,67,77,77,77,77,77,77,77,77,0],"gold":662,"neow_bonus":"THREE_ENEMY_KILL","is_prod":false,"is_daily":false,"chose_seed":false,"campfire_upgraded":8,"win_rate":0,"timestamp":1548934445,"path_taken":["M","?","$","M","$","E","?","R","T","E","M","R","M","M","R","BOSS","M","M","?","?","$","R","E","R","T","M","E","R","M","E","R","BOSS","M","M","$","M","M","E","R","E","T","E","R","M","?","M","R","BOSS"],"build_version":"2019-01-23","purchased_purges":1,"victory":false,"max_hp_per_floor":[75,75,75,75,75,75,75,75,75,75,75,75,75,75,75,75,75,75,75,75,75,75,75,75,75,75,75,75,75,75,75,75,75,75,75,75,75,75,75,75,75,85,85,85,85,85,85,85,85,85],"card_choices":[{"not_picked":["Barrage","Darkness"],"picked":"Ball Lightning","floor":1},{"not_picked":["Rip and Tear","Barrage"],"picked":"FTL","floor":4},{"not_picked":["Recycle","Streamline"],"picked":"Fusion","floor":6},{"not_picked":["Rebound","Barrage"],"picked":"Leap","floor":7},{"not_picked":["Undo","Cold Snap","Compile Driver"],"picked":"Glacier","floor":10},{"not_picked":["Heatsinks","Lockon","Conserve Battery"],"picked":"Chill","floor":11},{"not_picked":["Gash","Coolheaded","BootSequence"],"picked":"Fission","floor":13},{"not_picked":["Cold Snap","Go for the Eyes","Streamline"],"picked":"Compile Driver","floor":14},{"not_picked":["Hyperbeam","Thunder Strike","All For One"],"picked":"Biased Cognition","floor":16},{"not_picked":["Recycle","Steam","Streamline"],"picked":"Sweeping Beam","floor":18},{"not_picked":["Sweeping Beam","Beam Cell+1","Compile Driver"],"picked":"Stack+1","floor":19},{"not_picked":["Barrage+1","Leap+1","Genetic Algorithm+1"],"picked":"Machine Learning","floor":24},{"not_picked":["Lockon","Hologram+1","Barrage","Stack+1"],"picked":"SKIP","floor":27},{"not_picked":["Glacier+1","Hologram+1","Barrage"],"picked":"Coolheaded+1","floor":28},{"not_picked":["Turbo+1","Leap+1","Cold Snap"],"picked":"Steam Power+1","floor":30},{"not_picked":["Stack+1","Beam Cell","Leap+1"],"picked":"Hologram+1","floor":31},{"not_picked":["Core Surge","Creative AI","Amplify+1"],"picked":"Fission+1","floor":33},{"not_picked":["FTL+1","Conserve Battery+1","Cold Snap"],"picked":"Redo+1","floor":34},{"not_picked":["Turbo+1","Force Field+1","Auto Shields+1"],"picked":"Barrage+1","floor":34},{"not_picked":["Rebound+1","Conserve Battery+1","Stack+1"],"picked":"BootSequence+1","floor":34},{"not_picked":["Go for the Eyes","Blizzard","Stack+1"],"picked":"Chill+1","floor":34},{"not_picked":["Go for the Eyes+1","Barrage","Turbo+1"],"picked":"Rainbow+1","floor":34},{"not_picked":["Barrage+1","Cold Snap","Streamline"],"picked":"Ball Lightning","floor":35},{"not_picked":["Turbo+1","Sunder","Reprogram+1"],"picked":"Capacitor","floor":36},{"not_picked":["FTL","Aggregate+1","Blizzard"],"picked":"Coolheaded+1","floor":38},{"not_picked":["Beam Cell+1","Hello World","Rebound+1"],"picked":"Defragment+1","floor":39},{"not_picked":["Aggregate+1","Stack+1","Ball Lightning"],"picked":"Compile Driver+1","floor":40},{"not_picked":["Stack+1","Sweeping Beam+1","Steam+1"],"picked":"Electrodynamics","floor":42},{"not_picked":["Rebound","Aggregate+1","Compile Driver+1"],"picked":"Fusion+1","floor":44},{"not_picked":["Turbo+1","Melter+1","Scrape","Genetic Algorithm+1"],"picked":"SKIP","floor":46},{"not_picked":["Sweeping Beam+1","Aggregate+1","Compile Driver+1"],"picked":"Rainbow+1","floor":48}],"player_experience":137138,"relics_obtained":[{"floor":6,"key":"Regal Pillow"},{"floor":7,"key":"Odd Mushroom"},{"floor":9,"key":"Question Card"},{"floor":10,"key":"Pen Nib"},{"floor":24,"key":"WingedGreaves"},{"floor":26,"key":"Sundial"},{"floor":28,"key":"Bag of Marbles"},{"floor":31,"key":"PreservedInsect"},{"floor":40,"key":"Lantern"},{"floor":42,"key":"Pear"},{"floor":44,"key":"Oddly Smooth Stone"},{"floor":47,"key":"Incense Burner"}],"event_choices":[{"damage_healed":0,"gold_gain":0,"player_choice":"Take Damage","damage_taken":18,"relics_obtained":["Golden Idol"],"max_hp_gain":0,"max_hp_loss":0,"event_name":"Golden Idol","floor":2,"gold_loss":0},{"damage_healed":0,"gold_gain":0,"player_choice":"Fought Mushrooms","damage_taken":0,"max_hp_gain":0,"max_hp_loss":0,"event_name":"Mushrooms","floor":7,"gold_loss":0},{"damage_healed":0,"gold_gain":0,"player_choice":"Simplicity","damage_taken":0,"max_hp_gain":0,"max_hp_loss":0,"event_name":"Back to Basics","floor":20,"gold_loss":0,"cards_upgraded":["Strike_B","Strike_B","Strike_B","Defend_B","Defend_B","Defend_B","Defend_B"]},{"damage_healed":0,"gold_gain":0,"player_choice":"Ignored","damage_taken":0,"max_hp_gain":0,"max_hp_loss":0,"event_name":"Vampires","floor":21,"gold_loss":0},{"damage_healed":0,"gold_gain":0,"player_choice":"Fight","damage_taken":0,"max_hp_gain":0,"max_hp_loss":0,"event_name":"MindBloom","floor":47,"gold_loss":0}],"is_beta":false,"boss_relics":[{"not_picked":["Fusion Hammer","White Beast Statue"],"picked":"Nuclear Battery"},{"not_picked":["Runic Pyramid","FrozenCore"],"picked":"Orrery"}],"items_purged_floors":[3],"is_endless":false,"potions_floor_spawned":[4,6,10,14,24,27,30,33,35,36,40,47],"killed_by":"Time Eater","ascension_level":1}