{"gold_per_floor":[119,119,137,150,168,233,253,253,276,276,301,277,287,4,4,105,105,122,147,10,10,10,10,10],"floor_reached":24,"playtime":2326,"items_purged":["Defend_B"],"score":204,"play_id":"4f714cac-33f4-4fbe-a1be-ce98cfd4419d","local_time":"20190107175409","is_ascension_mode":false,"campfire_choices":[{"floor":8,"key":"REST"},{"floor":10,"key":"REST"},{"floor":15,"key":"REST"}],"neow_cost":"PERCENT_DAMAGE","seed_source_timestamp":77729369977900,"circlet_count":0,"master_deck":["Strike_B","Strike_B","Defend_B","Defend_B","Zap","Dualcast","Chill","Genetic Algorithm","Steam Power","Loop","Rebound+1","Coolheaded","Conserve Battery","Chrysalis","Electrodynamics","Blizzard","Coolheaded","Sweeping Beam","Conserve Battery","Cold Snap+1","Glacier","Skim"],"relics":["Cracked Core","Tiny Chest","Lantern","Bag of Marbles","Membership Card","Orrery","Whetstone","ClockworkSouvenir"],"potions_floor_usage":[16,16,24,24],"damage_taken":[{"damage":1,"enemies":"2 Louse","floor":1,"turns":2},{"damage":4,"enemies":"Jaw Worm","floor":3,"turns":5},{"damage":0,"enemies":"Cultist","floor":4,"turns":3},{"damage":0,"enemies":"Blue Slaver","floor":5,"turns":5},{"damage":41,"enemies":"Lagavulin","floor":6,"turns":7},{"damage":8,"enemies":"Large Slime","floor":7,"turns":7},{"damage":16,"enemies":"Gremlin Nob","floor":11,"turns":4},{"damage":0,"enemies":"Exordium Thugs","floor":13,"turns":5},{"damage":23,"enemies":"Hexaghost","floor":16,"turns":13},{"damage":8,"enemies":"Chosen","floor":18,"turns":8},{"damage":73,"enemies":"Book of Stabbing","floor":24,"turns":10}],"seed_played":"7361687048231464318","potions_obtained":[{"floor":4,"key":"LiquidBronze"},{"floor":5,"key":"Poison Potion"},{"floor":7,"key":"Dexterity Potion"},{"floor":18,"key":"SpeedPotion"}],"is_trial":false,"path_per_floor":["M","?","M","M","M","E","M","R","T","R","E","?","M","$","R","B",null,"M","T","$","?","$","?","E"],"character_chosen":"DEFECT","items_purchased":["Membership Card","Chrysalis","ClockworkSouvenir"],"campfire_rested":3,"item_purchase_floors":[14,14,20],"current_hp_per_floor":[53,58,54,54,54,13,5,29,29,53,37,37,37,37,61,38,80,72,72,72,72,72,72,0],"gold":10,"neow_bonus":"REMOVE_TWO","is_prod":false,"is_daily":false,"chose_seed":false,"campfire_upgraded":0,"win_rate":0.0,"timestamp":1546883649,"path_taken":["M","?","M","M","M","E","M","R","T","R","E","?","M","?","R","BOSS","M","?","$","?","$","?","E"],"build_version":"2019-01-03v4","purchased_purges":1,"victory":false,"max_hp_per_floor":[75,80,80,80,80,80,80,80,80,80,80,80,80,80,80,80,80,80,80,80,80,80,80,80],"card_choices":[{"not_picked":["Cold Snap","Compile Driver"],"picked":"Chill","floor":1},{"not_picked":["Melter","Self Repair"],"picked":"Genetic Algorithm","floor":3},{"not_picked":["Heatsinks","Barrage"],"picked":"Steam Power","floor":4},{"not_picked":["Steam","Conserve Battery"],"picked":"Loop","floor":5},{"not_picked":["Go for the Eyes","Darkness"],"picked":"Rebound","floor":6},{"not_picked":["Leap","Turbo"],"picked":"Coolheaded","floor":7},{"not_picked":["Self Repair","Heatsinks"],"picked":"Conserve Battery","floor":11},{"not_picked":["Fusion","Streamline","Conserve Battery"],"picked":"SKIP","floor":13},{"not_picked":["Rainbow","Meteor Strike"],"picked":"Electrodynamics","floor":16},{"not_picked":["Gash","Rebound"],"picked":"Blizzard","floor":17},{"not_picked":["Go for the Eyes","Static Discharge"],"picked":"Coolheaded","floor":17},{"not_picked":["Ball Lightning","Storm"],"picked":"Sweeping Beam","floor":17},{"not_picked":["Double Energy","Chaos"],"picked":"Conserve Battery","floor":17},{"not_picked":["Streamline","Stack"],"picked":"Cold Snap","floor":18}],"player_experience":54361,"relics_obtained":[{"floor":6,"key":"Tiny Chest"},{"floor":9,"key":"Lantern"},{"floor":11,"key":"Bag of Marbles"},{"floor":19,"key":"Whetstone"}],"event_choices":[{"damage_healed":0,"gold_gain":0,"player_choice":"Donut","damage_taken":0,"max_hp_gain":5,"max_hp_loss":0,"event_name":"Big Fish","floor":2,"gold_loss":0},{"damage_healed":0,"gold_gain":0,"player_choice":"Left Gold","damage_taken":0,"max_hp_gain":0,"max_hp_loss":0,"event_name":"World of Goop","floor":12,"gold_loss":24},{"damage_healed":0,"gold_gain":0,"player_choice":"Read","damage_taken":0,"max_hp_gain":0,"max_hp_loss":0,"event_name":"The Library","floor":21,"gold_loss":0,"cards_obtained":["Glacier"]},{"damage_healed":0,"gold_gain":0,"cards_transformed":["Defend_B"],"player_choice":"Transformed","damage_taken":0,"max_hp_gain":0,"max_hp_loss":0,"event_name":"Transmorgrifier","floor":23,"gold_loss":0,"cards_obtained":["Skim"]}],"is_beta":false,"boss_relics":[{"not_picked":["Empty Cage","Eternal Feather"],"picked":"Orrery"}],"items_purged_floors":[20],"is_endless":false,"potions_floor_spawned":[4,5,7,18],"killed_by":"Book of Stabbing","ascension_level":0}