{"gold_per_floor":[116,136,65,65,128,163,179,210,237,264,314,314],"floor_reached":12,"playtime":356,"items_purged":[],"score":118,"play_id":"597c7612-372a-485a-9f26-ea1f97b6186d","local_time":"20190111165210","is_ascension_mode":true,"campfire_choices":[],"neow_cost":"NONE","seed_source_timestamp":4276175502899,"circlet_count":0,"master_deck":["Strike_R","Strike_R","Strike_R","Strike_R","Strike_R","Defend_R","Defend_R","Defend_R","Defend_R","Bash","Shockwave","Flame Barrier","Clothesline","Double Tap","Pommel Strike","Inflame"],"relics":["Burning Blood","NeowsBlessing","SsserpentHead","Strawberry","Bronze Scales","Bag of Marbles","Smiling Mask"],"potions_floor_usage":[8,12],"damage_taken":[{"damage":0,"enemies":"Small Slimes","floor":1,"turns":1},{"damage":0,"enemies":"Cultist","floor":2,"turns":1},{"damage":0,"enemies":"Jaw Worm","floor":5,"turns":1},{"damage":23,"enemies":"Gremlin Nob","floor":6,"turns":5},{"damage":11,"enemies":"Looter","floor":7,"turns":3},{"damage":40,"enemies":"3 Sentries","floor":8,"turns":10},{"damage":26,"enemies":"Gremlin Nob","floor":10,"turns":4},{"damage":16,"enemies":"Exordium Thugs","floor":12,"turns":3}],"seed_played":"-7652713005353134857","potions_obtained":[{"floor":5,"key":"AttackPotion"},{"floor":6,"key":"Dexterity Potion"}],"is_trial":false,"path_per_floor":["M","M","$","?","M","E","M","E","T","E","?","M"],"character_chosen":"IRONCLAD","items_purchased":["Flame Barrier"],"campfire_rested":0,"item_purchase_floors":[3],"current_hp_per_floor":[80,80,80,80,80,70,65,31,31,11,11,0],"gold":314,"neow_bonus":"THREE_ENEMY_KILL","is_prod":false,"is_daily":false,"chose_seed":false,"campfire_upgraded":0,"win_rate":0,"timestamp":1547225530,"path_taken":["M","M","$","?","?","E","M","E","T","E","?","M"],"build_version":"2019-01-10","purchased_purges":0,"victory":false,"max_hp_per_floor":[80,80,80,80,80,87,87,87,87,87,87,87],"card_choices":[{"not_picked":["Perfected Strike","Sentinel","Thunderclap"],"picked":"SKIP","floor":1},{"not_picked":["Clothesline","Whirlwind"],"picked":"Shockwave","floor":2},{"not_picked":["Power Through","Twin Strike"],"picked":"Clothesline","floor":5},{"not_picked":["Carnage","Ghostly Armor"],"picked":"Double Tap","floor":6},{"not_picked":["Clothesline","Twin Strike"],"picked":"Pommel Strike","floor":7},{"not_picked":["Perfected Strike","Shockwave"],"picked":"Inflame","floor":8},{"not_picked":["Clash","Feel No Pain","Fire Breathing"],"picked":"SKIP","floor":10}],"player_experience":84245,"relics_obtained":[{"floor":6,"key":"Strawberry"},{"floor":8,"key":"Bronze Scales"},{"floor":9,"key":"Bag of Marbles"},{"floor":10,"key":"Smiling Mask"}],"event_choices":[{"damage_healed":0,"gold_gain":0,"player_choice":"Trade","damage_taken":0,"relics_obtained":["SsserpentHead"],"max_hp_gain":0,"max_hp_loss":0,"event_name":"FaceTrader","floor":4,"gold_loss":0},{"damage_healed":0,"gold_gain":0,"player_choice":"Ignored","damage_taken":0,"max_hp_gain":0,"max_hp_loss":0,"event_name":"Liars Game","floor":11,"gold_loss":0}],"is_beta":false,"boss_relics":[],"items_purged_floors":[],"is_endless":false,"potions_floor_spawned":[5,6],"killed_by":"Exordium Thugs","ascension_level":4}