{"gold_per_floor":[115,65,65,65,78,78,253,253,253,253,284,296,18,30,30,129,129,147,164,89,107,119,152,152,180,207,224,241,241,269,12,12,114,114,126,141,141,10,26,26,57,73,73,0,33,33,52,72,72,72],"floor_reached":51,"playtime":2762,"items_purged":["Doubt","Defend_B"],"score":792,"play_id":"f65fff77-1dbe-4955-b8bf-7feae26152e2","local_time":"20190201234348","is_ascension_mode":false,"campfire_choices":[{"data":"Zap","floor":6,"key":"SMITH"},{"data":"Cold Snap","floor":8,"key":"SMITH"},{"data":"Leap","floor":10,"key":"SMITH"},{"data":"Buffer","floor":15,"key":"SMITH"},{"data":"Defragment","floor":24,"key":"SMITH"},{"floor":32,"key":"REST"},{"data":"Machine Learning","floor":40,"key":"SMITH"},{"data":"Storm","floor":46,"key":"SMITH"},{"floor":49,"key":"REST"}],"neow_cost":"NONE","seed_source_timestamp":20775276489036,"circlet_count":0,"master_deck":["Zap+1","Dualcast","Leap+1","BootSequence","Cold Snap+1","Capacitor","Hologram","Buffer+1","Go for the Eyes","Fusion","Electrodynamics","Tempest+1","Lockon+1","Glacier+1","FTL","Defragment+1","Streamline+1","Leap","Coolheaded+1","Beam Cell+1","Capacitor","Biased Cognition","Storm+1","Self Repair","Machine Learning+1","Capacitor+1","Gash+1","Thunder Strike","Gash+1","Chill+1","BootSequence"],"relics":["Cracked Core","NeowsBlessing","Letter Opener","Unceasing Top","Astrolabe","The Courier","Meat on the Bone","Art of War","Boot","Membership Card","Nuclear Battery","Oddly Smooth Stone","Pear","Bottled Lightning","Red Mask","Pocketwatch"],"potions_floor_usage":[23,25,25,30,33,45,45,50,50],"damage_taken":[{"damage":0,"enemies":"2 Louse","floor":1,"turns":1},{"damage":0,"enemies":"Small Slimes","floor":5,"turns":1},{"damage":0,"enemies":"Lagavulin","floor":11,"turns":1},{"damage":2,"enemies":"Jaw Worm","floor":12,"turns":3},{"damage":0,"enemies":"2 Fungi Beasts","floor":14,"turns":3},{"damage":28,"enemies":"The Guardian","floor":16,"turns":10},{"damage":0,"enemies":"3 Byrds","floor":18,"turns":3},{"damage":0,"enemies":"Shell Parasite","floor":19,"turns":6},{"damage":0,"enemies":"Centurion and Healer","floor":21,"turns":7},{"damage":3,"enemies":"Snake Plant","floor":22,"turns":4},{"damage":10,"enemies":"Gremlin Leader","floor":23,"turns":6},{"damage":31,"enemies":"Slavers","floor":25,"turns":4},{"damage":0,"enemies":"Snecko","floor":27,"turns":4},{"damage":0,"enemies":"Centurion and Healer","floor":28,"turns":5},{"damage":25,"enemies":"Gremlin Leader","floor":30,"turns":6},{"damage":10,"enemies":"Champ","floor":33,"turns":8},{"damage":0,"enemies":"3 Shapes","floor":35,"turns":4},{"damage":0,"enemies":"Orb Walker","floor":36,"turns":3},{"damage":0,"enemies":"Spire Growth","floor":39,"turns":4},{"damage":0,"enemies":"Giant Head","floor":41,"turns":6},{"damage":2,"enemies":"3 Darklings","floor":42,"turns":4},{"damage":42,"enemies":"Reptomancer","floor":45,"turns":6},{"damage":8,"enemies":"Transient","floor":47,"turns":5},{"damage":0,"enemies":"Jaw Worm Horde","floor":48,"turns":5},{"damage":80,"enemies":"Awakened One","floor":50,"turns":10}],"seed_played":"2137868042855485523","potions_obtained":[{"floor":14,"key":"FearPotion"},{"floor":16,"key":"Energy Potion"},{"floor":22,"key":"Dexterity Potion"},{"floor":23,"key":"Fire Potion"},{"floor":27,"key":"AttackPotion"},{"floor":30,"key":"LiquidBronze"},{"floor":39,"key":"Swift Potion"},{"floor":47,"key":"Explosive Potion"}],"is_trial":false,"path_per_floor":["M","?","?","?","M","R","?","R","T","R","E","M","$","M","R","B",null,"M","M","?","M","M","E","R","E","T","M","M","?","E","$","R","B",null,"M","M","?","$","M","R","E","M","T","?","E","R","M","M","R","B",null],"character_chosen":"DEFECT","items_purchased":["Buffer","Go for the Eyes","Membership Card","Storm","Self Repair","Thunder Strike","Oddly Smooth Stone","Fire Potion"],"campfire_rested":2,"item_purchase_floors":[13,13,31,31,31,38,38,38],"current_hp_per_floor":[75,75,75,68,68,68,68,68,68,68,68,66,66,66,66,38,75,75,75,75,75,72,62,62,31,31,43,43,43,30,30,52,49,75,75,75,75,75,75,75,85,83,83,83,60,60,59,66,85,17],"gold":72,"neow_bonus":"THREE_ENEMY_KILL","is_prod":false,"is_daily":false,"chose_seed":false,"campfire_upgraded":7,"win_rate":0,"timestamp":1549086228,"path_taken":["M","?","?","?","M","R","?","R","T","R","E","M","?","M","R","BOSS","M","M","?","M","M","E","R","E","T","M","M","?","E","$","R","BOSS","M","M","?","$","?","R","E","?","T","?","E","R","M","M","R","BOSS"],"build_version":"2019-01-23","purchased_purges":2,"victory":true,"max_hp_per_floor":[75,75,75,75,75,75,75,75,75,75,75,75,75,75,75,75,75,75,75,75,75,75,75,75,75,75,75,75,75,75,75,75,75,75,75,75,75,75,75,75,85,85,85,85,85,85,85,85,85,85],"card_choices":[{"not_picked":["Barrage","Stack"],"picked":"Leap","floor":1},{"not_picked":["Sweeping Beam","Echo Form"],"picked":"Cold Snap","floor":5},{"not_picked":["Heatsinks","Reinforced Body"],"picked":"Capacitor","floor":11},{"not_picked":["Leap","BootSequence"],"picked":"Hologram","floor":12},{"not_picked":["Hologram","Turbo"],"picked":"Fusion","floor":14},{"not_picked":["Echo Form","Reboot"],"picked":"Electrodynamics","floor":16},{"not_picked":["Redo","Force Field+1"],"picked":"FTL","floor":18},{"not_picked":["Hologram","Steam","Turbo"],"picked":"SKIP","floor":19},{"not_picked":["Coolheaded","Darkness"],"picked":"Defragment","floor":21},{"not_picked":["Reprogram+1","BootSequence"],"picked":"Streamline+1","floor":22},{"not_picked":["Reprogram","Gash"],"picked":"Leap","floor":23},{"not_picked":["Genetic Algorithm","Hyperbeam"],"picked":"Coolheaded+1","floor":25},{"not_picked":["Double Energy","Gash"],"picked":"Beam Cell+1","floor":27},{"not_picked":["Tempest+1","Aggregate+1"],"picked":"Capacitor","floor":28},{"not_picked":["Hologram","Go for the Eyes"],"picked":"Biased Cognition","floor":30},{"not_picked":["Multi-Cast","Meteor Strike"],"picked":"Machine Learning","floor":33},{"not_picked":["Beam Cell+1","Ball Lightning"],"picked":"Capacitor+1","floor":35},{"not_picked":["Lockon+1","Go for the Eyes+1"],"picked":"Gash+1","floor":36},{"not_picked":["Beam Cell","Sweeping Beam"],"picked":"Gash+1","floor":39},{"not_picked":["Rebound+1","Turbo+1"],"picked":"Chill+1","floor":41},{"not_picked":["Glacier","Rebound+1","Compile Driver+1"],"picked":"SKIP","floor":42},{"not_picked":["Skim","Coolheaded","Scrape+1"],"picked":"SKIP","floor":45},{"not_picked":["Rebound","Streamline","Steam"],"picked":"SKIP","floor":47},{"not_picked":["Reboot","Streamline+1"],"picked":"BootSequence","floor":48}],"player_experience":78484,"relics_obtained":[{"floor":9,"key":"Letter Opener"},{"floor":11,"key":"Unceasing Top"},{"floor":23,"key":"The Courier"},{"floor":25,"key":"Meat on the Bone"},{"floor":26,"key":"Art of War"},{"floor":30,"key":"Boot"},{"floor":41,"key":"Pear"},{"floor":43,"key":"Bottled Lightning"},{"floor":45,"key":"Pocketwatch"}],"event_choices":[{"cards_removed":["Defend_B"],"damage_healed":0,"gold_gain":0,"player_choice":"Card Removal","damage_taken":0,"max_hp_gain":0,"max_hp_loss":0,"event_name":"The Cleric","floor":2,"gold_loss":50},{"damage_healed":0,"gold_gain":0,"cards_transformed":["Strike_B"],"player_choice":"Change","damage_taken":0,"max_hp_gain":0,"max_hp_loss":0,"event_name":"Living Wall","floor":3,"gold_loss":0,"cards_obtained":["BootSequence"]},{"cards_removed":["Defend_B"],"damage_healed":0,"gold_gain":0,"player_choice":"Card Removal","damage_taken":7,"max_hp_gain":0,"max_hp_loss":0,"event_name":"Golden Wing","floor":4,"gold_loss":0},{"damage_healed":0,"gold_gain":175,"player_choice":"AGREE","damage_taken":0,"max_hp_gain":0,"max_hp_loss":0,"event_name":"Liars Game","floor":7,"gold_loss":0,"cards_obtained":["Doubt"]},{"cards_removed":["Strike_B"],"damage_healed":0,"gold_gain":0,"player_choice":"Gave Gold","damage_taken":0,"max_hp_gain":0,"max_hp_loss":0,"event_name":"Beggar","floor":20,"gold_loss":75},{"damage_healed":0,"gold_gain":0,"player_choice":"Ignored","damage_taken":0,"max_hp_gain":0,"max_hp_loss":0,"event_name":"Vampires","floor":29,"gold_loss":0},{"damage_healed":0,"gold_gain":0,"player_choice":"Ignored","damage_taken":0,"max_hp_gain":0,"max_hp_loss":0,"event_name":"NoteForYourself","floor":37,"gold_loss":0},{"damage_healed":0,"gold_gain":0,"player_choice":"Paid","damage_taken":0,"relics_obtained":["Red Mask"],"max_hp_gain":0,"max_hp_loss":0,"event_name":"Tomb of Lord Red Mask","floor":44,"gold_loss":73}],"is_beta":false,"boss_relics":[{"not_picked":["Sozu","Inserter"],"picked":"Astrolabe"},{"not_picked":["Calling Bell","Snecko Eye"],"picked":"Nuclear Battery"}],"items_purged_floors":[13,31],"is_endless":false,"potions_floor_spawned":[14,16,22,23,27,30,39,42,47],"ascension_level":0}