{"gold_per_floor":[113,113,113,123,137,168,181,192,192,192,212,212,243,208,208,312,312,329,329,244,244,169,169],"floor_reached":23,"playtime":772,"items_purged":["Decay"],"score":284,"play_id":"a76ad7c2-7fec-41e2-80c0-f53a0f797cfe","local_time":"20181226204503","is_ascension_mode":true,"campfire_choices":[{"floor":12,"key":"REST"},{"data":"Perfected Strike","floor":15,"key":"SMITH"}],"neow_cost":"CURSE","seed_source_timestamp":466956727844567,"circlet_count":0,"master_deck":["Defend_R","Defend_R","Defend_R","Defend_R","Bash","Perfected Strike+1","Perfected Strike","Corruption","Twin Strike","Twin Strike","Feed","Metallicize","Ghostly Armor","True Grit","Immolate","Bludgeon","Wild Strike","Wild Strike","Inflame+1","Bite","Bite","Bite","Bite","Bite"],"relics":["Burning Blood","StoneCalendar","Charon\u0027s Ashes","Shuriken","Orrery","Nunchaku"],"potions_floor_usage":[16,23,23],"damage_taken":[{"damage":17,"enemies":"Jaw Worm","floor":1,"turns":4},{"damage":6,"enemies":"Cultist","floor":4,"turns":3},{"damage":2,"enemies":"Small Slimes","floor":5,"turns":2},{"damage":37,"enemies":"Lagavulin","floor":6,"turns":6},{"damage":13,"enemies":"Looter","floor":7,"turns":2},{"damage":7,"enemies":"Blue Slaver","floor":8,"turns":3},{"damage":13,"enemies":"Large Slime","floor":11,"turns":5},{"damage":22,"enemies":"3 Sentries","floor":13,"turns":6},{"damage":67,"enemies":"Hexaghost","floor":16,"turns":11},{"damage":20,"enemies":"Chosen","floor":18,"turns":4},{"damage":86,"enemies":"Gremlin Leader","floor":23,"turns":6}],"seed_played":"-6501164985686382910","potions_obtained":[{"floor":1,"key":"Block Potion"},{"floor":5,"key":"Poison Potion"},{"floor":10,"key":"BloodPotion"}],"is_trial":false,"path_per_floor":["M","?","$","M","M","E","M","M","T","?","M","R","E","?","R","B",null,"M","?","?","?","$","E"],"character_chosen":"IRONCLAD","items_purchased":[],"campfire_rested":1,"item_purchase_floors":[],"current_hp_per_floor":[77,77,77,77,81,50,43,42,42,42,38,67,54,79,79,18,81,70,70,70,70,70,0],"gold":169,"neow_bonus":"TWENTY_PERCENT_HP_BONUS","is_prod":false,"is_daily":false,"chose_seed":false,"campfire_upgraded":1,"win_rate":0,"timestamp":1545853503,"path_taken":["M","?","$","M","M","E","M","?","T","?","?","R","E","?","R","BOSS","M","?","?","?","?","E"],"build_version":"2018-12-20","purchased_purges":1,"victory":false,"max_hp_per_floor":[96,96,96,96,96,96,96,96,96,96,99,99,102,102,102,102,102,105,73,73,73,73,73],"card_choices":[{"not_picked":["Armaments","Heavy Blade"],"picked":"Perfected Strike","floor":1},{"not_picked":["Thunderclap","Sword Boomerang"],"picked":"Twin Strike","floor":4},{"not_picked":["Infernal Blade","Sword Boomerang"],"picked":"Twin Strike","floor":5},{"not_picked":["Ghostly Armor","True Grit"],"picked":"Feed","floor":6},{"not_picked":["Clash","True Grit"],"picked":"Metallicize","floor":7},{"not_picked":["Havoc","Hemokinesis"],"picked":"Ghostly Armor","floor":8},{"not_picked":["Cleave","Battle Trance"],"picked":"True Grit","floor":11},{"not_picked":["Body Slam","Shrug It Off"],"picked":"Immolate","floor":13},{"not_picked":["Juggernaut","Immolate"],"picked":"Bludgeon","floor":16},{"not_picked":["Havoc","Power Through"],"picked":"Wild Strike","floor":17},{"not_picked":["Sword Boomerang","Reckless Charge"],"picked":"Wild Strike","floor":17},{"not_picked":["Cleave","Iron Wave"],"picked":"Inflame+1","floor":18}],"player_experience":232234,"relics_obtained":[{"floor":6,"key":"StoneCalendar"},{"floor":9,"key":"Charon\u0027s Ashes"},{"floor":13,"key":"Shuriken"}],"event_choices":[{"damage_healed":0,"gold_gain":0,"player_choice":"2 cards matched","damage_taken":0,"max_hp_gain":0,"max_hp_loss":0,"event_name":"Match and Keep!","floor":2,"gold_loss":0,"cards_obtained":["Perfected Strike","Corruption"]},{"damage_healed":0,"gold_gain":0,"player_choice":"Got Potions","damage_taken":0,"max_hp_gain":0,"max_hp_loss":0,"event_name":"Lab","floor":10,"gold_loss":0},{"damage_healed":25,"gold_gain":0,"player_choice":"Healed","damage_taken":0,"max_hp_gain":0,"max_hp_loss":0,"event_name":"The Cleric","floor":14,"gold_loss":35},{"damage_healed":0,"gold_gain":0,"player_choice":"Became a vampire","damage_taken":0,"max_hp_gain":0,"max_hp_loss":32,"event_name":"Vampires","floor":19,"gold_loss":0,"cards_obtained":["Bite","Bite","Bite","Bite","Bite"]},{"damage_healed":0,"gold_gain":0,"player_choice":"Obtained Relic","damage_taken":0,"relics_obtained":["Nunchaku"],"max_hp_gain":0,"max_hp_loss":0,"event_name":"Addict","floor":20,"gold_loss":85},{"damage_healed":0,"gold_gain":0,"player_choice":"Ignored","damage_taken":0,"max_hp_gain":0,"max_hp_loss":0,"event_name":"Ghosts","floor":21,"gold_loss":0}],"is_beta":false,"boss_relics":[{"not_picked":["White Beast Statue","Mark of Pain"],"picked":"Orrery"}],"items_purged_floors":[22],"is_endless":false,"potions_floor_spawned":[1,5,13],"killed_by":"Gremlin Leader","ascension_level":6}