{"gold_per_floor":[119,133,83,97,22,22,22,22,47,67,77,77,108,124,124,226,226,236,250,263,281,146,146,146],"floor_reached":24,"playtime":953,"items_purged":["Strike_B","Strike_B"],"score":218,"play_id":"d872e49c-304f-4b3b-8232-9d7bb659629d","local_time":"20180816224839","is_ascension_mode":true,"campfire_choices":[{"data":"Zap","floor":6,"key":"SMITH"},{"data":"Auto Shields","floor":8,"key":"SMITH"},{"data":"Self Repair","floor":12,"key":"SMITH"},{"data":"Streamline","floor":15,"key":"SMITH"},{"floor":23,"key":"REST"}],"neow_cost":"NONE","seed_source_timestamp":50802622451499,"circlet_count":0,"master_deck":["Defend_B","Defend_B","Defend_B","Defend_B","Zap+1","Dualcast","Darkness","Auto Shields+1","Rebound","Ball Lightning","Leap","Self Repair+1","Core Surge","Streamline+1","Biased Cognition","Gash","Leap+1","Conserve Battery","Defragment"],"relics":["Cracked Core","Question Card","Bag of Preparation","Odd Mushroom","Pantograph","Eternal Feather"],"potions_floor_usage":[],"damage_taken":[{"damage":2,"enemies":"2 Louse","floor":1,"turns":3},{"damage":0,"enemies":"Small Slimes","floor":2,"turns":3},{"damage":0,"enemies":"Cultist","floor":4,"turns":2},{"damage":4,"floor":10,"turns":4},{"damage":0,"enemies":"Blue Slaver","floor":11,"turns":2},{"damage":13,"enemies":"3 Sentries","floor":13,"turns":7},{"damage":0,"enemies":"Exordium Wildlife","floor":14,"turns":3},{"damage":34,"enemies":"Slime Boss","floor":16,"turns":7},{"damage":0,"enemies":"Chosen","floor":18,"turns":4},{"damage":28,"enemies":"3 Byrds","floor":19,"turns":5},{"damage":29,"enemies":"Snake Plant","floor":20,"turns":4},{"damage":35,"enemies":"Centurion and Healer","floor":21,"turns":8},{"damage":48,"enemies":"Gremlin Leader","floor":24,"turns":5}],"seed_played":"4110027806038339023","potions_obtained":[{"floor":10,"key":"AttackPotion"},{"floor":11,"key":"Block Potion"},{"floor":20,"key":"SpeedPotion"}],"is_trial":false,"path_per_floor":["M","M","?","M","$","R","?","R","T","?","M","R","E","M","R","B",null,"M","M","M","M","$","R"],"character_chosen":"DEFECT","items_purchased":["Defragment"],"campfire_rested":1,"item_purchase_floors":[22],"current_hp_per_floor":[73,73,73,73,73,73,70,70,70,66,66,66,63,73,73,51,75,75,57,38,13,13,44,0],"gold":146,"neow_bonus":"TRANSFORM_CARD","is_prod":false,"is_daily":false,"chose_seed":false,"campfire_upgraded":4,"win_rate":0,"timestamp":1534430919,"path_taken":["M","M","?","M","$","R","?","R","T","?","?","R","E","M","R","BOSS","M","M","M","M","$","R","E"],"build_version":"2018-08-09","purchased_purges":2,"victory":false,"max_hp_per_floor":[75,75,75,75,75,75,75,75,75,75,75,75,75,75,75,75,75,75,75,75,75,75,75,75],"card_choices":[{"not_picked":["Leap","Gash"],"picked":"Auto Shields","floor":1},{"not_picked":["Coolheaded","Compile Driver"],"picked":"Rebound","floor":2},{"not_picked":["Undo","Barrage"],"picked":"Ball Lightning","floor":4},{"not_picked":["Double Energy","Compile Driver","Scrape"],"picked":"Leap","floor":10},{"not_picked":["White Noise","Turbo","Defragment"],"picked":"Self Repair","floor":11},{"not_picked":["Go for the Eyes","Barrage","Compile Driver"],"picked":"Core Surge","floor":13},{"not_picked":["Lockon","Conserve Battery","White Noise"],"picked":"Streamline","floor":14},{"not_picked":["Amplify","Echo Form","Multi-Cast"],"picked":"Biased Cognition","floor":16},{"not_picked":["Steam","Melter","Doom and Gloom+1"],"picked":"Gash","floor":18},{"not_picked":["Recycle","Sweeping Beam","Force Field"],"picked":"Leap+1","floor":19},{"not_picked":["Compile Driver","Beam Cell","Glacier","Rebound"],"picked":"SKIP","floor":20},{"not_picked":["Ball Lightning","BootSequence","Cold Snap"],"picked":"Conserve Battery","floor":21}],"player_experience":244380,"relics_obtained":[{"floor":9,"key":"Bag of Preparation"},{"floor":10,"key":"Odd Mushroom"},{"floor":13,"key":"Pantograph"}],"event_choices":[{"event_name":"The Cleric","player_choice":"Card Removal","floor":3,"damage_taken":0},{"event_name":"Scrap Ooze","player_choice":"success","floor":7,"damage_taken":3},{"event_name":"Mushrooms","player_choice":"Fought Mushrooms","floor":10,"damage_taken":0}],"is_beta":false,"boss_relics":[{"not_picked":["Coffee Dripper","Runic Pyramid"],"picked":"Eternal Feather"}],"items_purged_floors":[5,22],"is_endless":false,"potions_floor_spawned":[10,11,20,21],"killed_by":"Gremlin Leader","ascension_level":2}