{"gold_per_floor":[114,114,128,148,158,185,110,110,135,135,135,151,175,75,75,204,204,217,235,86,86,86,86,130,130,130,130,130,144,144,157,157,276,276,301,54,115,448,461,461,461,473,473,489,589,589,606,618,618,618],"floor_reached":50,"playtime":4330,"items_purged":["Strike_G","Strike_G","Defend_G"],"score":487,"play_id":"a98c5bfd-1e98-4de4-99cd-669bd8a817ff","local_time":"20181230142626","is_ascension_mode":false,"campfire_choices":[{"data":"Sucker Punch","floor":8,"key":"SMITH"},{"data":"Flying Knee","floor":11,"key":"SMITH"},{"floor":15,"key":"REST"},{"data":"Backflip","floor":23,"key":"SMITH"},{"floor":25,"key":"REST"},{"floor":30,"key":"REST"},{"floor":32,"key":"REST"},{"floor":40,"key":"REST"},{"floor":46,"key":"REST"},{"floor":49,"key":"REST"}],"neow_cost":"NONE","seed_source_timestamp":744666645471235,"circlet_count":0,"master_deck":["Defend_G+1","Defend_G+1","Defend_G+1","Defend_G+1","Strike_G+1","Strike_G+1","Strike_G+1","Survivor+1","Neutralize+1","Flying Knee+1","Sucker Punch+1","Dagger Throw+1","Quick Slash+1","Flying Knee","Backflip+1","PiercingWail","Madness","Madness","Slice","Dagger Spray+1","Parasite"],"relics":["Ring of the Snake","War Paint","Oddly Smooth Stone","Black Star","Snake Skull","Shuriken","Gremlin Horn","Runic Pyramid","Membership Card","Unceasing Top","Strawberry","Ice Cream"],"potions_floor_usage":[13,16,24,31,33,37,50,50,50],"damage_taken":[{"damage":5,"enemies":"Jaw Worm","floor":1,"turns":6},{"damage":0,"enemies":"Cultist","floor":3,"turns":6},{"damage":0,"enemies":"Small Slimes","floor":4,"turns":4},{"damage":8,"enemies":"Exordium Wildlife","floor":5,"turns":6},{"damage":28,"enemies":"Gremlin Nob","floor":6,"turns":5},{"damage":0,"enemies":"2 Fungi Beasts","floor":12,"turns":3},{"damage":0,"enemies":"Large Slime","floor":13,"turns":5},{"damage":52,"enemies":"Hexaghost","floor":16,"turns":17},{"damage":20,"enemies":"Spheric Guardian","floor":18,"turns":5},{"damage":6,"enemies":"2 Thieves","floor":19,"turns":4},{"damage":34,"enemies":"Gremlin Leader","floor":24,"turns":12},{"damage":6,"enemies":"Cultist and Chosen","floor":29,"turns":7},{"damage":0,"enemies":"Centurion and Healer","floor":31,"turns":7},{"damage":19,"enemies":"Automaton","floor":33,"turns":12},{"damage":5,"enemies":"Orb Walker","floor":35,"turns":4},{"damage":34,"enemies":"2 Orb Walkers","floor":37,"turns":7},{"damage":0,"enemies":"3 Shapes","floor":39,"turns":6},{"damage":19,"enemies":"Jaw Worm Horde","floor":42,"turns":5},{"damage":0,"enemies":"3 Darklings","floor":44,"turns":5},{"damage":0,"enemies":"Mind Bloom Boss Battle","floor":45,"turns":8},{"damage":2,"enemies":"Transient","floor":47,"turns":5},{"damage":0,"enemies":"Writhing Mass","floor":48,"turns":6},{"damage":68,"enemies":"Donu and Deca","floor":50,"turns":7}],"seed_played":"-6668130679339012056","potions_obtained":[{"floor":1,"key":"EssenceOfSteel"},{"floor":6,"key":"Fire Potion"},{"floor":13,"key":"Fire Potion"},{"floor":18,"key":"Swift Potion"},{"floor":24,"key":"Poison Potion"},{"floor":35,"key":"Fire Potion"},{"floor":45,"key":"PowerPotion"},{"floor":48,"key":"Strength Potion"}],"is_trial":false,"path_per_floor":["M","?","M","M","M","E","$","R","T","?","R","M","M","$","R","B",null,"M","M","$","?","$","R","E","R","T","?","?","M","R","M","R","B",null,"M","$","?","?","M","R","?","M","T","M","?","R","M","M","R","B"],"character_chosen":"THE_SILENT","items_purchased":["Flying Knee","Membership Card","Swift Potion","PiercingWail"],"campfire_rested":7,"item_purchase_floors":[20,36,36,36],"current_hp_per_floor":[65,70,70,70,62,34,34,34,34,34,34,34,34,34,53,1,65,45,39,39,39,39,39,5,24,24,24,24,18,37,37,56,37,65,60,60,26,26,26,45,37,18,25,25,25,46,44,44,65,0],"gold":618,"neow_bonus":"UPGRADE_CARD","is_prod":false,"is_daily":false,"chose_seed":false,"campfire_upgraded":3,"win_rate":0,"timestamp":1546192586,"path_taken":["M","?","?","M","M","E","?","R","T","?","R","M","?","$","R","BOSS","M","M","$","?","$","R","E","R","T","?","?","M","R","?","R","BOSS","M","$","?","?","M","R","?","M","T","?","?","R","M","M","R","BOSS"],"build_version":"2018-12-20","purchased_purges":3,"victory":false,"max_hp_per_floor":[70,70,70,70,70,70,70,70,70,65,65,65,65,65,65,65,65,65,65,65,65,65,65,65,65,65,65,65,65,65,65,65,65,65,65,65,65,65,65,65,65,65,72,72,72,72,72,72,72,72],"card_choices":[{"not_picked":["Expertise","Quick Slash","Terror"],"picked":"SKIP","floor":1},{"not_picked":["Cloak And Dagger","Slice","Deflect"],"picked":"SKIP","floor":3},{"not_picked":["Blur","Finisher"],"picked":"Flying Knee","floor":4},{"not_picked":["Noxious Fumes","Backstab"],"picked":"Sucker Punch","floor":5},{"not_picked":["Calculated Gamble","Doppelganger","Reflex"],"picked":"SKIP","floor":6},{"not_picked":["Deadly Poison","Backstab","Quick Slash"],"picked":"SKIP","floor":12},{"not_picked":["Distraction","Crippling Poison"],"picked":"Dagger Throw","floor":13},{"not_picked":["Dagger Throw","Expertise"],"picked":"Quick Slash+1","floor":18},{"not_picked":["Blade Dance","Slice","Deadly Poison"],"picked":"SKIP","floor":19},{"not_picked":["Leg Sweep","Blur","Outmaneuver"],"picked":"SKIP","floor":24},{"not_picked":["Bouncing Flask","Acrobatics","Venomology"],"picked":"SKIP","floor":29},{"not_picked":["Well Laid Plans+1","Catalyst","Bouncing Flask"],"picked":"SKIP","floor":31},{"not_picked":["Caltrops+1","Well Laid Plans","Blade Dance+1"],"picked":"SKIP","floor":35},{"not_picked":["Deadly Poison","Dodge and Roll","Caltrops+1"],"picked":"SKIP","floor":39},{"not_picked":["Expertise","Accuracy","Choke+1"],"picked":"SKIP","floor":42},{"not_picked":["Distraction","Eviscerate"],"picked":"Slice","floor":44},{"not_picked":["Reflex","Acrobatics+1"],"picked":"Dagger Spray+1","floor":45},{"not_picked":["Quick Slash","All Out Attack+1","Expertise+1"],"picked":"SKIP","floor":47},{"not_picked":["PiercingWail+1","Prepared+1","Expertise+1"],"picked":"SKIP","floor":48}],"player_experience":124522,"relics_obtained":[{"floor":6,"key":"War Paint"},{"floor":9,"key":"Oddly Smooth Stone"},{"floor":24,"key":"Snake Skull"},{"floor":24,"key":"Shuriken"},{"floor":26,"key":"Gremlin Horn"},{"floor":37,"key":"Unceasing Top"},{"floor":43,"key":"Strawberry"},{"floor":45,"key":"Ice Cream"}],"event_choices":[{"damage_healed":5,"gold_gain":0,"player_choice":"Full Heal","damage_taken":0,"max_hp_gain":0,"max_hp_loss":0,"event_name":"Wheel of Change","floor":2,"gold_loss":0},{"damage_healed":0,"gold_gain":0,"player_choice":"Lose Max HP","damage_taken":0,"relics_obtained":["Golden Idol"],"max_hp_gain":0,"max_hp_loss":5,"event_name":"Golden Idol","floor":10,"gold_loss":0},{"damage_healed":0,"gold_gain":0,"player_choice":"Read","damage_taken":0,"max_hp_gain":0,"max_hp_loss":0,"event_name":"The Library","floor":21,"gold_loss":0,"cards_obtained":["Backflip"]},{"damage_healed":0,"gold_gain":0,"player_choice":"Simplicity","damage_taken":0,"max_hp_gain":0,"max_hp_loss":0,"event_name":"Back to Basics","floor":27,"gold_loss":0,"cards_upgraded":["Defend_G","Defend_G","Defend_G","Strike_G","Strike_G","Strike_G"]},{"damage_healed":0,"gold_gain":0,"player_choice":"Upgraded","damage_taken":0,"max_hp_gain":0,"max_hp_loss":0,"event_name":"Upgrade Shrine","floor":28,"gold_loss":0,"cards_upgraded":["Dagger Throw"]},{"damage_healed":0,"gold_gain":0,"player_choice":"Fight","damage_taken":0,"max_hp_gain":0,"max_hp_loss":0,"event_name":"Mysterious Sphere","floor":37,"gold_loss":0},{"damage_healed":0,"gold_gain":333,"player_choice":"Gave Idol","damage_taken":0,"max_hp_gain":0,"max_hp_loss":0,"event_name":"The Moai Head","floor":38,"relics_lost":["Golden Idol"],"gold_loss":0},{"damage_healed":0,"gold_gain":0,"player_choice":"Embrace Madness","damage_taken":8,"max_hp_gain":0,"max_hp_loss":0,"event_name":"Winding Halls","floor":41,"gold_loss":0,"cards_obtained":["Madness","Madness"]},{"damage_healed":0,"gold_gain":0,"player_choice":"Fight","damage_taken":0,"max_hp_gain":0,"max_hp_loss":0,"event_name":"MindBloom","floor":45,"gold_loss":0}],"is_beta":false,"boss_relics":[{"not_picked":["White Beast Statue","Lizard Tail"],"picked":"Black Star"},{"not_picked":["Pandora\u0027s Box","Empty Cage"],"picked":"Runic Pyramid"}],"items_purged_floors":[7,14,20],"is_endless":false,"potions_floor_spawned":[1,6,13,18,24,35,45,48],"killed_by":"Donu and Deca","ascension_level":0}