{"gold_per_floor":[109,128,53,63,63,89,89,103,128,128,139,151,12,31,31,31],"floor_reached":16,"playtime":728,"items_purged":["Amplify","Strike_B"],"score":120,"play_id":"3962d574-cc07-43fb-b619-495d6fea942d","local_time":"20180827183905","is_ascension_mode":true,"campfire_choices":[{"data":"Conserve Battery","floor":7,"key":"SMITH"},{"floor":10,"key":"REST"},{"floor":15,"key":"REST"}],"neow_cost":"NONE","seed_source_timestamp":986453815239410,"circlet_count":0,"master_deck":["Strike_B","Strike_B","Strike_B","Defend_B","Defend_B","Defend_B","Defend_B","Zap+1","Dualcast","BootSequence","Conserve Battery+1","Gash","Conserve Battery","Streamline","Self Repair","Defragment","Coolheaded"],"relics":["Cracked Core","Oddly Smooth Stone","Orichalcum"],"potions_floor_usage":[16,16],"damage_taken":[{"damage":5,"enemies":"Cultist","floor":1,"turns":4},{"damage":0,"enemies":"2 Louse","floor":2,"turns":2},{"damage":8,"enemies":"Small Slimes","floor":4,"turns":3},{"damage":33,"enemies":"3 Sentries","floor":6,"turns":10},{"damage":0,"enemies":"Looter","floor":8,"turns":3},{"damage":0,"enemies":"Red Slaver","floor":11,"turns":4},{"damage":26,"enemies":"Gremlin Gang","floor":12,"turns":4},{"damage":0,"enemies":"Large Slime","floor":14,"turns":5},{"damage":59,"enemies":"Hexaghost","floor":16,"turns":16}],"seed_played":"8461401862113304217","potions_obtained":[{"floor":4,"key":"PowerPotion"},{"floor":6,"key":"PowerPotion"},{"floor":8,"key":"Strength Potion"}],"is_trial":false,"path_per_floor":["M","M","$","M","?","E","R","M","T","R","M","M","$","M","R"],"character_chosen":"DEFECT","items_purchased":["Defragment"],"campfire_rested":2,"item_purchase_floors":[13],"current_hp_per_floor":[70,70,70,62,62,29,29,29,29,51,51,25,25,32,54,0],"gold":31,"neow_bonus":"ONE_RANDOM_RARE_CARD","is_prod":false,"is_daily":false,"chose_seed":false,"campfire_upgraded":1,"win_rate":0,"timestamp":1535366345,"path_taken":["M","M","$","?","?","E","R","M","T","R","?","M","$","M","R","BOSS"],"build_version":"2018-08-23v2","purchased_purges":2,"victory":false,"max_hp_per_floor":[75,75,75,75,75,75,75,75,75,75,75,75,75,75,75,75],"card_choices":[{"not_picked":["Go for the Eyes","Steam"],"picked":"BootSequence","floor":1},{"not_picked":["Hologram","Darkness"],"picked":"Conserve Battery","floor":2},{"not_picked":["Chill","Compile Driver"],"picked":"Gash","floor":4},{"not_picked":["Biased Cognition","Undo"],"picked":"Conserve Battery","floor":6},{"not_picked":["Redo","Hello World","Turbo"],"picked":"SKIP","floor":8},{"not_picked":["Heatsinks","White Noise"],"picked":"Streamline","floor":11},{"not_picked":["Force Field","Turbo"],"picked":"Self Repair","floor":12},{"not_picked":["Stack","Storm"],"picked":"Coolheaded","floor":14}],"player_experience":305584,"relics_obtained":[{"floor":6,"key":"Oddly Smooth Stone"},{"floor":9,"key":"Orichalcum"}],"event_choices":[{"event_name":"Living Wall","player_choice":"Grow","floor":5,"damage_taken":0}],"is_beta":false,"boss_relics":[],"items_purged_floors":[3,13],"is_endless":false,"potions_floor_spawned":[4,6,8,11],"killed_by":"Hexaghost","ascension_level":3}