{"gold_per_floor":[16,31,106,106,67,67,79,111,136,29,29,45,63,94,94,192,192,205,222,238,338,25,25,51,51,51,51,65,80,80,80,80,179,179,190,208,208,222,237,271,285,320,320,320,339,366,366,379,379,379],"floor_reached":51,"playtime":7526,"items_purged":["Strike_B"],"score":860,"play_id":"4e3713ce-6c9a-46a2-90af-c1ea8a93c18b","local_time":"20181227034124","is_ascension_mode":true,"campfire_choices":[{"data":"Streamline","floor":6,"key":"SMITH"},{"data":"Defragment","floor":11,"key":"SMITH"},{"floor":15,"key":"REST"},{"floor":23,"key":"REST"},{"data":"Electrodynamics","floor":25,"key":"SMITH"},{"floor":30,"key":"REST"},{"data":"Capacitor","floor":32,"key":"SMITH"},{"floor":44,"key":"DIG"},{"data":"Echo Form","floor":49,"key":"PURGE"}],"neow_cost":"NO_GOLD","seed_source_timestamp":443549430420033,"circlet_count":0,"master_deck":["Zap","Dualcast","Echo Form","Glacier","Streamline+1","Gash","Defragment+1","Chill","Conserve Battery","Gash","Capacitor+1","Seek","FTL","Electrodynamics+1","White Noise+1","All For One+1","Blizzard+1","Glacier+1","Conserve Battery+1","Buffer","Lockon+1","Auto Shields+1","All For One+1","Hello World","Undo+1","White Noise+1","Self Repair+1","Scrape+1","Recycle+1","Reboot+1","Chill+1"],"relics":["Cracked Core","Vajra","Centennial Puzzle","Letter Opener","Nuclear Battery","FossilizedHelix","Sundial","Bottled Tornado","Molten Egg 2","Toxic Egg 2","Pandora\u0027s Box","Shovel","Darkstone Periapt","Juzu Bracelet","Peace Pipe","Boot"],"potions_floor_usage":[21,21,29,29,35,42,50,50],"damage_taken":[{"damage":0,"enemies":"Jaw Worm","floor":1,"turns":4},{"damage":0,"enemies":"2 Louse","floor":2,"turns":2},{"damage":0,"enemies":"Small Slimes","floor":7,"turns":3},{"damage":3,"enemies":"Gremlin Nob","floor":8,"turns":6},{"damage":7,"enemies":"Blue Slaver","floor":12,"turns":2},{"damage":9,"enemies":"Gremlin Gang","floor":13,"turns":4},{"damage":5,"enemies":"3 Sentries","floor":14,"turns":7},{"damage":0,"enemies":"Slime Boss","floor":16,"turns":9},{"damage":23,"enemies":"Shell Parasite","floor":18,"turns":4},{"damage":0,"enemies":"Chosen","floor":19,"turns":4},{"damage":8,"enemies":"Snake Plant","floor":20,"turns":3},{"damage":20,"enemies":"Colosseum Slavers","floor":21,"turns":3},{"damage":20,"enemies":"Colosseum Nobs","floor":21,"turns":3},{"damage":0,"enemies":"Gremlin Leader","floor":24,"turns":4},{"damage":0,"enemies":"Snecko","floor":28,"turns":4},{"damage":8,"enemies":"Centurion and Healer","floor":29,"turns":3},{"damage":7,"enemies":"Automaton","floor":33,"turns":5},{"damage":14,"enemies":"3 Darklings","floor":35,"turns":5},{"damage":0,"enemies":"Orb Walker","floor":36,"turns":2},{"damage":0,"enemies":"4 Shapes","floor":38,"turns":4},{"damage":0,"enemies":"Transient","floor":39,"turns":5},{"damage":9,"enemies":"Nemesis","floor":40,"turns":9},{"damage":0,"enemies":"3 Darklings","floor":41,"turns":3},{"damage":25,"enemies":"Reptomancer","floor":42,"turns":5},{"damage":10,"enemies":"Jaw Worm Horde","floor":45,"turns":3},{"damage":0,"enemies":"Giant Head","floor":46,"turns":7},{"damage":7,"enemies":"Writhing Mass","floor":48,"turns":3},{"damage":17,"enemies":"Awakened One","floor":50,"turns":10}],"seed_played":"-4014480727590807962","potions_obtained":[{"floor":7,"key":"Ancient Potion"},{"floor":14,"key":"AttackPotion"},{"floor":16,"key":"Ancient Potion"},{"floor":20,"key":"Fire Potion"},{"floor":28,"key":"Regen Potion"},{"floor":29,"key":"SpeedPotion"},{"floor":33,"key":"Fire Potion"},{"floor":39,"key":"LiquidBronze"},{"floor":40,"key":"FearPotion"},{"floor":42,"key":"Weak Potion"},{"floor":45,"key":"AttackPotion"},{"floor":46,"key":"Fire Potion"}],"is_trial":false,"path_per_floor":["M","M","?","?","$","R","M","E","T","$","R","M","M","E","R","B",null,"M","M","M","?","$","R","E","R","T","?","M","M","R","?","R","B",null,"M","M","?","M","M","E","M","E","T","R","M","E","?","M","R","B",null],"character_chosen":"DEFECT","items_purchased":["Defragment","Gash","Capacitor","Bottled Tornado"],"campfire_rested":3,"item_purchase_floors":[5,10,10,22],"current_hp_per_floor":[75,75,64,46,46,46,46,43,43,43,43,36,27,22,44,44,75,52,52,44,4,4,26,26,26,26,26,26,27,49,49,49,42,75,61,61,61,61,75,75,75,50,50,50,40,60,60,63,63,46],"gold":379,"neow_bonus":"TRANSFORM_TWO_CARDS","is_prod":false,"is_daily":false,"chose_seed":false,"campfire_upgraded":4,"win_rate":0,"timestamp":1545894684,"path_taken":["M","M","?","?","$","R","M","E","T","?","R","M","M","E","R","BOSS","M","M","M","?","$","R","E","R","T","?","M","M","R","?","R","BOSS","M","M","?","M","M","E","M","E","T","R","M","E","?","M","R","BOSS"],"build_version":"2018-12-20","purchased_purges":1,"victory":true,"max_hp_per_floor":[75,75,75,75,75,75,75,75,75,75,75,75,75,75,75,75,75,75,75,75,75,75,75,75,75,75,75,75,75,75,75,75,75,75,75,75,75,75,75,75,75,75,75,75,75,75,75,75,75,75],"card_choices":[{"not_picked":["Chaos","Auto Shields"],"picked":"Streamline","floor":1},{"not_picked":["Leap","Beam Cell"],"picked":"Gash","floor":2},{"not_picked":["Cold Snap","Recycle"],"picked":"Chill","floor":7},{"not_picked":["Ball Lightning","Steam"],"picked":"Conserve Battery","floor":8},{"not_picked":["Glacier","Beam Cell"],"picked":"Seek","floor":12},{"not_picked":["Streamline","Ball Lightning","Beam Cell"],"picked":"SKIP","floor":13},{"not_picked":["Steam Power","Force Field"],"picked":"FTL","floor":14},{"not_picked":["Thunder Strike","Biased Cognition"],"picked":"Electrodynamics","floor":16},{"not_picked":["Sweeping Beam+1","FTL"],"picked":"White Noise+1","floor":18},{"not_picked":["Ball Lightning","Chill+1","Compile Driver"],"picked":"SKIP","floor":19},{"not_picked":["Turbo","Go for the Eyes","Compile Driver"],"picked":"SKIP","floor":20},{"not_picked":["Steam Power+1","Stack"],"picked":"Gash","floor":21},{"not_picked":["Glacier","Hologram"],"picked":"All For One","floor":24},{"not_picked":["Steam+1","Hologram+1"],"picked":"Glacier+1","floor":28},{"not_picked":["Skim+1","Loop+1"],"picked":"Conserve Battery+1","floor":29},{"not_picked":["Core Surge+1","Echo Form"],"picked":"Buffer","floor":33},{"not_picked":["Stack+1","Rebound+1"],"picked":"Undo+1","floor":35},{"not_picked":["Redo+1","Barrage+1","Conserve Battery+1"],"picked":"SKIP","floor":36},{"not_picked":["Cold Snap+1","Conserve Battery+1"],"picked":"Self Repair+1","floor":38},{"not_picked":["Turbo+1","Sweeping Beam+1"],"picked":"Scrape+1","floor":39},{"not_picked":["Darkness+1","Redo+1"],"picked":"Recycle+1","floor":40},{"not_picked":["Skim+1","Lockon+1","Conserve Battery+1"],"picked":"SKIP","floor":41},{"not_picked":["Electrodynamics","Scrape+1"],"picked":"Reboot+1","floor":42},{"not_picked":["Compile Driver+1","Streamline+1","Go for the Eyes+1"],"picked":"SKIP","floor":45},{"not_picked":["Beam Cell+1","Barrage+1","Cold Snap+1"],"picked":"SKIP","floor":46},{"not_picked":["Beam Cell+1","Chaos+1"],"picked":"Chill+1","floor":48}],"player_experience":72528,"relics_obtained":[{"floor":8,"key":"Centennial Puzzle"},{"floor":14,"key":"Letter Opener"},{"floor":21,"key":"FossilizedHelix"},{"floor":21,"key":"Sundial"},{"floor":24,"key":"Molten Egg 2"},{"floor":26,"key":"Toxic Egg 2"},{"floor":40,"key":"Shovel"},{"floor":42,"key":"Darkstone Periapt"},{"floor":43,"key":"Juzu Bracelet"},{"floor":44,"key":"Peace Pipe"},{"floor":46,"key":"Boot"}],"event_choices":[{"damage_healed":0,"gold_gain":75,"player_choice":"Gather Gold","damage_taken":11,"max_hp_gain":0,"max_hp_loss":0,"event_name":"World of Goop","floor":3,"gold_loss":0},{"damage_healed":0,"gold_gain":0,"player_choice":"Success","damage_taken":18,"relics_obtained":["Vajra"],"max_hp_gain":0,"max_hp_loss":0,"event_name":"Scrap Ooze","floor":4,"gold_loss":0},{"damage_healed":0,"gold_gain":0,"player_choice":"Fight","damage_taken":0,"max_hp_gain":0,"max_hp_loss":0,"event_name":"Colosseum","floor":21,"gold_loss":0},{"damage_healed":0,"gold_gain":0,"player_choice":"Fought Nobs","damage_taken":0,"max_hp_gain":0,"max_hp_loss":0,"event_name":"Colosseum","floor":21,"gold_loss":0},{"damage_healed":0,"gold_gain":0,"player_choice":"Read","damage_taken":0,"max_hp_gain":0,"max_hp_loss":0,"event_name":"The Library","floor":27,"gold_loss":0,"cards_obtained":["Blizzard"]},{"damage_healed":0,"gold_gain":0,"player_choice":"Ignored","damage_taken":0,"max_hp_gain":0,"max_hp_loss":0,"event_name":"Ghosts","floor":31,"gold_loss":0},{"damage_healed":0,"gold_gain":0,"player_choice":"Copied","damage_taken":0,"max_hp_gain":0,"max_hp_loss":0,"event_name":"Duplicator","floor":37,"gold_loss":0,"cards_obtained":["White Noise"]},{"cards_removed":["Gash"],"damage_healed":0,"gold_gain":0,"player_choice":"Removed Attack","damage_taken":0,"max_hp_gain":0,"max_hp_loss":0,"event_name":"Falling","floor":47,"gold_loss":0}],"is_beta":false,"boss_relics":[{"not_picked":["Calling Bell","White Beast Statue"],"picked":"Nuclear Battery"},{"not_picked":["Snecko Eye","Cursed Key"],"picked":"Pandora\u0027s Box"}],"items_purged_floors":[22],"is_endless":false,"potions_floor_spawned":[7,14,16,20,28,29,33,39,40,41,42,45,46],"ascension_level":1}