{"gold_per_floor":[115,127,137,157,157,157,195,216,216,232,253,35,35,68,68,196,196,210,84,99,9,25,45,59,59,105,121,121,121,146,166,166,295,295,313,336,62,62,85,85,104,120,145,169,169,169,189,207,207,207],"floor_reached":51,"playtime":2140,"items_purged":["Strike_R","Strike_R","Defend_R"],"score":858,"play_id":"b2b15038-b734-4d7e-8e15-18c33ccc1bfd","local_time":"20190112115151","is_ascension_mode":true,"campfire_choices":[{"data":"Rampage","floor":6,"key":"SMITH"},{"floor":13,"key":"REST"},{"data":"Pommel Strike","floor":15,"key":"SMITH"},{"data":"Uppercut","floor":25,"key":"SMITH"},{"data":"Whirlwind","floor":28,"key":"SMITH"},{"data":"Demon Form","floor":32,"key":"SMITH"},{"floor":40,"key":"REST"},{"data":"Double Tap","floor":46,"key":"SMITH"},{"data":"Pummel","floor":49,"key":"SMITH"}],"neow_cost":"NONE","seed_source_timestamp":70873580645400,"circlet_count":0,"master_deck":["Strike_R","Strike_R+1","Defend_R","Defend_R","Defend_R","Bash+1","Rampage+1","Inflame","Battle Trance","Whirlwind+1","Shrug It Off","Demon Form+1","Pommel Strike+1","Reaper+1","Shrug It Off","Uppercut+1","J.A.X.","Shockwave+1","Double Tap+1","Flame Barrier+1","Pummel+1","Infernal Blade+1"],"relics":["Burning Blood","NeowsBlessing","Golden Idol","Red Skull","Happy Flower","Vajra","Regal Pillow","Eternal Feather","Whetstone","Runic Dome","Orichalcum","Anchor"],"potions_floor_usage":[7,16,30,33,48,50,50,50],"damage_taken":[{"damage":0,"enemies":"Cultist","floor":1,"turns":1},{"damage":0,"enemies":"2 Louse","floor":2,"turns":1},{"damage":0,"enemies":"Jaw Worm","floor":3,"turns":1},{"damage":10,"enemies":"2 Fungi Beasts","floor":4,"turns":3},{"damage":24,"enemies":"Gremlin Nob","floor":7,"turns":4},{"damage":8,"enemies":"Large Slime","floor":8,"turns":4},{"damage":28,"enemies":"Exordium Thugs","floor":10,"turns":6},{"damage":9,"enemies":"Red Slaver","floor":11,"turns":3},{"damage":0,"enemies":"Lagavulin","floor":14,"turns":4},{"damage":25,"enemies":"Hexaghost","floor":16,"turns":7},{"damage":58,"enemies":"2 Thieves","floor":18,"turns":5},{"damage":2,"enemies":"Chosen","floor":20,"turns":4},{"damage":34,"enemies":"Centurion and Healer","floor":22,"turns":5},{"damage":30,"enemies":"Snake Plant","floor":23,"turns":4},{"damage":30,"enemies":"Chosen and Byrds","floor":24,"turns":6},{"damage":30,"enemies":"3 Cultists","floor":27,"turns":4},{"damage":19,"enemies":"Snake Plant","floor":30,"turns":3},{"damage":23,"enemies":"Cultist and Chosen","floor":31,"turns":6},{"damage":106,"enemies":"Collector","floor":33,"turns":6},{"damage":21,"enemies":"Orb Walker","floor":35,"turns":3},{"damage":26,"enemies":"3 Darklings","floor":36,"turns":3},{"damage":41,"enemies":"Spire Growth","floor":39,"turns":4},{"damage":25,"enemies":"Transient","floor":41,"turns":5},{"damage":24,"enemies":"Jaw Worm Horde","floor":42,"turns":3},{"damage":35,"enemies":"Writhing Mass","floor":44,"turns":5},{"damage":37,"enemies":"Spire Growth","floor":47,"turns":4},{"damage":22,"enemies":"Maw","floor":48,"turns":5},{"damage":59,"enemies":"Awakened One","floor":50,"turns":10}],"seed_played":"-2990295603287646577","potions_obtained":[{"floor":2,"key":"Dexterity Potion"},{"floor":3,"key":"Block Potion"},{"floor":7,"key":"Energy Potion"},{"floor":8,"key":"EssenceOfSteel"},{"floor":10,"key":"Fruit Juice"},{"floor":20,"key":"Poison Potion"},{"floor":22,"key":"Explosive Potion"},{"floor":30,"key":"Dexterity Potion"},{"floor":31,"key":"FearPotion"},{"floor":33,"key":"Fire Potion"},{"floor":35,"key":"SteroidPotion"},{"floor":44,"key":"BloodPotion"},{"floor":48,"key":"EssenceOfSteel"}],"is_trial":false,"path_per_floor":["M","M","M","M","?","R","E","M","T","M","M","$","R","E","R","B",null,"M","$","M","?","M","M","M","R","T","M","R","?","M","M","R","B",null,"M","M","$","?","M","R","M","M","T","M","?","R","M","M","R","B",null],"character_chosen":"IRONCLAD","items_purchased":["Vajra","Shrug It Off","Orichalcum"],"campfire_rested":2,"item_purchase_floors":[12,19,37],"current_hp_per_floor":[80,80,80,76,56,56,38,36,36,14,11,11,35,41,41,27,71,29,29,40,40,42,39,27,36,36,45,54,54,53,66,75,10,66,51,31,31,31,12,64,57,46,46,17,85,85,75,67,79,32],"gold":207,"neow_bonus":"THREE_ENEMY_KILL","is_prod":false,"is_daily":false,"chose_seed":false,"campfire_upgraded":7,"win_rate":0,"timestamp":1547293911,"path_taken":["M","?","M","M","?","R","E","M","T","M","M","$","R","E","R","BOSS","M","$","M","?","M","M","?","R","T","M","R","?","M","M","R","BOSS","M","M","$","?","M","R","M","M","T","M","?","R","?","M","R","BOSS"],"build_version":"2019-01-10","purchased_purges":3,"victory":true,"max_hp_per_floor":[80,80,80,80,80,80,80,80,80,80,80,80,80,80,80,85,85,85,85,85,85,85,85,85,85,85,85,85,85,85,85,85,85,85,85,85,85,85,85,85,85,85,85,85,85,85,85,85,85,85],"card_choices":[{"not_picked":["Thunderclap","Havoc"],"picked":"Rampage","floor":1},{"not_picked":["Headbutt","Thunderclap"],"picked":"Inflame","floor":2},{"not_picked":["Whirlwind","Body Slam"],"picked":"Battle Trance","floor":3},{"not_picked":["Burning Pact","Havoc","Ghostly Armor"],"picked":"SKIP","floor":4},{"not_picked":["Combust","Havoc","Wild Strike"],"picked":"SKIP","floor":7},{"not_picked":["Intimidate","Thunderclap"],"picked":"Whirlwind","floor":8},{"not_picked":["Carnage","Bloodletting"],"picked":"Shrug It Off","floor":10},{"not_picked":["Second Wind","Perfected Strike"],"picked":"Demon Form","floor":11},{"not_picked":["Battle Trance","Heavy Blade"],"picked":"Pommel Strike","floor":14},{"not_picked":["Berserk","Double Tap"],"picked":"Reaper","floor":16},{"not_picked":["Body Slam","Infernal Blade","Cleave+1"],"picked":"SKIP","floor":18},{"not_picked":["Evolve","Rage+1","Iron Wave"],"picked":"SKIP","floor":20},{"not_picked":["Combust","Dropkick","Wild Strike+1"],"picked":"SKIP","floor":22},{"not_picked":["Inflame","Body Slam","Blood for Blood"],"picked":"SKIP","floor":23},{"not_picked":["Dual Wield","Feed"],"picked":"Uppercut","floor":24},{"not_picked":["Second Wind","True Grit","Sentinel"],"picked":"SKIP","floor":27},{"not_picked":["Body Slam","Havoc"],"picked":"Shockwave+1","floor":30},{"not_picked":["Headbutt","Evolve","Clothesline"],"picked":"SKIP","floor":31},{"not_picked":["Headbutt","Evolve","Clothesline"],"picked":"SKIP","floor":31},{"not_picked":["Feed","Dark Embrace"],"picked":"Double Tap","floor":33},{"not_picked":["Sword Boomerang","Hemokinesis","Fire Breathing+1"],"picked":"SKIP","floor":35},{"not_picked":["Rampage+1","Havoc","Wild Strike+1"],"picked":"SKIP","floor":36},{"not_picked":["Deep Breath","Bandage Up"],"picked":"Blind","floor":38},{"not_picked":["Anger+1","Hemokinesis+1","Cleave"],"picked":"SKIP","floor":39},{"not_picked":["Anger+1","Thunderclap"],"picked":"Flame Barrier+1","floor":41},{"not_picked":["Pommel Strike","Cleave","Inflame+1"],"picked":"SKIP","floor":42},{"not_picked":["Infernal Blade+1","Entrench+1"],"picked":"Pummel","floor":44},{"not_picked":["Corruption+1","Burning Pact"],"picked":"Infernal Blade+1","floor":47},{"not_picked":["Rage+1","Warcry+1","Power Through"],"picked":"SKIP","floor":48}],"player_experience":93201,"relics_obtained":[{"floor":7,"key":"Red Skull"},{"floor":9,"key":"Happy Flower"},{"floor":14,"key":"Regal Pillow"},{"floor":26,"key":"Whetstone"},{"floor":43,"key":"Anchor"}],"event_choices":[{"damage_healed":0,"gold_gain":0,"player_choice":"Take Damage","damage_taken":20,"relics_obtained":["Golden Idol"],"max_hp_gain":0,"max_hp_loss":0,"event_name":"Golden Idol","floor":5,"gold_loss":0},{"cards_removed":["Strike_R"],"damage_healed":0,"gold_gain":0,"player_choice":"Upgrade and Remove","damage_taken":0,"max_hp_gain":0,"max_hp_loss":0,"event_name":"Designer","floor":21,"gold_loss":90,"cards_upgraded":["Bash"]},{"damage_healed":0,"gold_gain":0,"player_choice":"Obtain J.A.X.","damage_taken":0,"max_hp_gain":0,"max_hp_loss":0,"event_name":"Drug Dealer","floor":29,"gold_loss":0,"cards_obtained":["J.A.X."]},{"damage_healed":0,"gold_gain":0,"player_choice":"Memory 1","damage_taken":0,"max_hp_gain":0,"max_hp_loss":0,"event_name":"SensoryStone","floor":38,"gold_loss":0},{"cards_removed":["Blind"],"damage_healed":68,"gold_gain":0,"player_choice":"Offered Uncommon","damage_taken":0,"max_hp_gain":0,"max_hp_loss":0,"event_name":"Bonfire Elementals","floor":45,"gold_loss":0}],"is_beta":false,"boss_relics":[{"not_picked":["Astrolabe","Fusion Hammer"],"picked":"Eternal Feather"},{"not_picked":["Black Blood","Empty Cage"],"picked":"Runic Dome"}],"items_purged_floors":[12,19,37],"is_endless":false,"potions_floor_spawned":[2,3,7,8,10,20,22,24,30,31,33,35,39,44,47,48],"ascension_level":5}