{"gold_per_floor":[112,387,50,65,65,90,110,135,135,162,162,14,14,14,14,110,110,120,395,16,0],"floor_reached":21,"playtime":1062,"items_purged":["Regret","Regret"],"score":255,"play_id":"0f7144e1-c8a5-4265-98fd-262c97958699","local_time":"20181212181214","is_ascension_mode":true,"campfire_choices":[{"floor":11,"key":"REST"},{"floor":13,"key":"REST"},{"data":"Buffer","floor":15,"key":"SMITH"}],"neow_cost":"CURSE","seed_source_timestamp":373657841977869,"circlet_count":0,"master_deck":["Strike_B","Strike_B","Strike_B","Strike_B","Defend_B","Defend_B","Defend_B","Defend_B","Zap","Dualcast","Parasite","Gash","White Noise","Conserve Battery","Gash","Buffer+1","Defragment+1","Leap"],"relics":["Cracked Core","Mercury Hourglass","Bottled Lightning","Incense Burner","Calipers","Blue Candle","Orichalcum","Eternal Feather","Kunai"],"potions_floor_usage":[10],"damage_taken":[{"damage":1,"enemies":"2 Louse","floor":1,"turns":3},{"damage":0,"enemies":"Cultist","floor":4,"turns":4},{"damage":31,"enemies":"Gremlin Nob","floor":6,"turns":4},{"damage":4,"enemies":"Jaw Worm","floor":7,"turns":3},{"damage":10,"enemies":"3 Sentries","floor":8,"turns":5},{"damage":13,"enemies":"Gremlin Nob","floor":10,"turns":4},{"damage":1,"enemies":"Slime Boss","floor":16,"turns":10},{"damage":4,"enemies":"Shell Parasite","floor":18,"turns":6},{"damage":14,"enemies":"2 Thieves","floor":21,"turns":2}],"seed_played":"5981210878196459168","potions_obtained":[{"floor":6,"key":"Ancient Potion"},{"floor":8,"key":"AttackPotion"},{"floor":10,"key":"EssenceOfSteel"},{"floor":18,"key":"Strength Potion"}],"is_trial":false,"path_per_floor":["M","?","$","M","$","E","M","E","T","E","R","$","R","$","R","B",null,"M","?","$","M"],"character_chosen":"DEFECT","items_purchased":["Mercury Hourglass","Orichalcum","Kunai","Leap"],"campfire_rested":2,"item_purchase_floors":[3,12,20,20],"current_hp_per_floor":[88,88,88,88,88,57,53,43,43,30,56,56,82,82,82,81,89,85,85,85,71],"gold":0,"neow_bonus":"TWENTY_PERCENT_HP_BONUS","is_prod":false,"is_daily":false,"chose_seed":false,"campfire_upgraded":1,"win_rate":0,"timestamp":1544634734,"path_taken":["M","?","$","M","$","E","?","E","T","E","R","$","R","?","R","BOSS","M","?","$","?"],"build_version":"2018-12-06","purchased_purges":2,"victory":false,"max_hp_per_floor":[89,89,89,89,89,89,89,89,89,89,89,89,89,89,89,89,89,89,89,89,89],"card_choices":[{"not_picked":["Stack","Redo"],"picked":"Gash","floor":1},{"not_picked":["Sweeping Beam","Hello World"],"picked":"White Noise","floor":4},{"not_picked":["Tempest","Stack"],"picked":"Conserve Battery","floor":6},{"not_picked":["Hologram","Redo"],"picked":"Gash","floor":7},{"not_picked":["Heatsinks","Reinforced Body","Consume"],"picked":"SKIP","floor":8},{"not_picked":["Steam","Conserve Battery"],"picked":"Buffer","floor":10},{"not_picked":["Cold Snap+1","Compile Driver+1"],"picked":"Defragment+1","floor":18}],"player_experience":165284,"relics_obtained":[{"floor":6,"key":"Bottled Lightning"},{"floor":8,"key":"Incense Burner"},{"floor":9,"key":"Calipers"},{"floor":10,"key":"Blue Candle"}],"event_choices":[{"damage_healed":0,"gold_gain":275,"player_choice":"Desecrate","damage_taken":0,"max_hp_gain":0,"max_hp_loss":0,"event_name":"Golden Shrine","floor":2,"gold_loss":0,"cards_obtained":["Regret"]},{"damage_healed":0,"gold_gain":275,"player_choice":"Desecrate","damage_taken":0,"max_hp_gain":0,"max_hp_loss":0,"event_name":"Golden Shrine","floor":19,"gold_loss":0,"cards_obtained":["Regret"]}],"is_beta":false,"boss_relics":[{"not_picked":["Coffee Dripper","Philosopher\u0027s Stone"],"picked":"Eternal Feather"}],"items_purged_floors":[3,20],"is_endless":false,"potions_floor_spawned":[6,8,10,18],"killed_by":"2 Thieves","ascension_level":1}