{"gold_per_floor":[114,114,114,129,129,129,129,161,161,195,211,211,230,230,230,334,334,346,71,91,110,129,129,154,154,226,261,261,37,37,37,37,141,141,155,68,87,87,104,104,129,148,148,148,148,163,183,83,83,83],"floor_reached":51,"playtime":2368,"items_purged":["Strike_G","Regret"],"score":992,"play_id":"fb9f8878-7d7a-420f-bedf-b1b2b3a40178","local_time":"20190112101047","is_ascension_mode":true,"campfire_choices":[{"data":"Skewer","floor":6,"key":"SMITH"},{"data":"Noxious Fumes","floor":12,"key":"SMITH"},{"data":"Noxious Fumes","floor":15,"key":"SMITH"},{"data":"Glass Knife","floor":23,"key":"SMITH"},{"data":"Deadly Poison","floor":25,"key":"SMITH"},{"floor":28,"key":"REST"},{"data":"Dodge and Roll","floor":30,"key":"SMITH"},{"floor":32,"key":"REST"},{"floor":40,"key":"REST"},{"data":"Burst","floor":49,"key":"SMITH"}],"neow_cost":"NONE","seed_source_timestamp":3060111992730019,"circlet_count":0,"master_deck":["Defend_G","Defend_G","Defend_G","Defend_G","Defend_G","Strike_G+1","Survivor+1","Neutralize+1","Blade Dance+1","Skewer+1","Noxious Fumes+1","Deadly Poison+1","Noxious Fumes+1","Glass Knife+1","Footwork+1","Cloak And Dagger+1","Deflect","Dodge and Roll+1","Parasite","Escape Plan","Dagger Throw","Burst+1","Bandage Up","Footwork+1","Dodge and Roll+1","Blur","Parasite","Choke","Acrobatics+1","Backflip+1"],"relics":["Ring of the Snake","NeowsBlessing","Dodecahedron","Bottled Tornado","Question Card","Bronze Scales","Cursed Key","Oddly Smooth Stone","Bottled Lightning","Gremlin Horn","Pocketwatch","Vajra","Sozu","Mercury Hourglass","Mummified Hand"],"potions_floor_usage":[11,20,21,27,33,39,50],"damage_taken":[{"damage":0,"enemies":"Small Slimes","floor":1,"turns":1},{"damage":0,"enemies":"2 Louse","floor":4,"turns":1},{"damage":0,"enemies":"Gremlin Nob","floor":8,"turns":1},{"damage":26,"enemies":"3 Sentries","floor":10,"turns":8},{"damage":5,"enemies":"Cultist","floor":11,"turns":4},{"damage":0,"enemies":"Looter","floor":13,"turns":3},{"damage":12,"enemies":"The Guardian","floor":16,"turns":8},{"damage":2,"enemies":"3 Byrds","floor":18,"turns":4},{"damage":2,"enemies":"Shell Parasite","floor":20,"turns":4},{"damage":12,"enemies":"Snake Plant","floor":21,"turns":3},{"damage":1,"enemies":"3 Cultists","floor":22,"turns":5},{"damage":2,"enemies":"Gremlin Leader","floor":24,"turns":6},{"damage":28,"enemies":"Slavers","floor":27,"turns":4},{"damage":39,"enemies":"Collector","floor":33,"turns":7},{"damage":0,"enemies":"Orb Walker","floor":35,"turns":3},{"damage":0,"enemies":"3 Shapes","floor":37,"turns":3},{"damage":18,"enemies":"Transient","floor":39,"turns":5},{"damage":1,"enemies":"Giant Head","floor":41,"turns":8},{"damage":3,"enemies":"Writhing Mass","floor":42,"turns":6},{"damage":0,"enemies":"Spire Growth","floor":46,"turns":5},{"damage":0,"enemies":"3 Darklings","floor":47,"turns":4},{"damage":16,"enemies":"Donu and Deca","floor":50,"turns":10}],"seed_played":"720263174251753086","potions_obtained":[{"floor":4,"key":"Ancient Potion"},{"floor":8,"key":"Swift Potion"},{"floor":11,"key":"SteroidPotion"},{"floor":18,"key":"GamblersBrew"},{"floor":24,"key":"LiquidBronze"},{"floor":33,"key":"Explosive Potion"}],"is_trial":false,"path_per_floor":["M","?","?","M","?","R","?","E","T","E","M","R","M","?","R","B",null,"M","$","M","M","M","R","E","R","T","E","R","$","R","?","R","B",null,"M","$","M","?","M","R","E","M","T","?","?","M","M","$","R","B",null],"character_chosen":"THE_SILENT","items_purchased":["Oddly Smooth Stone","Block Potion","Vajra","Regen Potion","Bandage Up"],"campfire_rested":3,"item_purchase_floors":[19,19,29,29,36],"current_hp_per_floor":[63,63,63,63,49,49,49,49,49,23,18,18,18,18,18,6,54,52,52,50,38,37,37,35,35,35,7,28,28,28,28,49,25,59,59,59,63,63,49,70,69,70,70,70,70,70,70,70,70,59],"gold":83,"neow_bonus":"THREE_ENEMY_KILL","is_prod":false,"is_daily":false,"chose_seed":false,"campfire_upgraded":7,"win_rate":0,"timestamp":1547284247,"path_taken":["M","?","?","M","?","R","?","E","T","E","?","R","M","?","R","BOSS","M","$","M","M","?","R","E","R","T","E","R","$","R","?","R","BOSS","M","$","?","?","M","R","E","?","T","?","?","M","M","$","R","BOSS"],"build_version":"2019-01-10","purchased_purges":2,"victory":true,"max_hp_per_floor":[70,70,70,70,70,70,70,70,70,70,70,70,70,70,70,70,70,70,70,70,70,70,70,70,70,70,70,70,70,70,70,70,70,70,70,70,70,70,70,70,70,70,70,70,70,70,70,70,70,70],"card_choices":[{"not_picked":["Underhanded Strike","Outmaneuver"],"picked":"Blade Dance","floor":1},{"not_picked":["Underhanded Strike","Dagger Throw"],"picked":"Skewer","floor":4},{"not_picked":["Corpse Explosion","Distraction"],"picked":"Noxious Fumes","floor":8},{"not_picked":["Dagger Throw","Flying Knee"],"picked":"Deadly Poison","floor":10},{"not_picked":["Acrobatics","Blade Dance","Deflect"],"picked":"Noxious Fumes","floor":11},{"not_picked":["Deadly Poison","Dagger Throw","Dagger Spray","Unload"],"picked":"SKIP","floor":13},{"not_picked":["Bullet Time","Tools of the Trade","Night Terror"],"picked":"Glass Knife","floor":16},{"not_picked":["Prepared+1","Acrobatics","Poisoned Stab"],"picked":"Footwork+1","floor":18},{"not_picked":["Eviscerate","Endless Agony","Prepared"],"picked":"Cloak And Dagger+1","floor":20},{"not_picked":["Bane+1","Sucker Punch","Bullet Time"],"picked":"Deflect","floor":21},{"not_picked":["Quick Slash","Outmaneuver","Bane"],"picked":"Dodge and Roll","floor":22},{"not_picked":["Bane","Underhanded Strike","Night Terror","Sucker Punch"],"picked":"SKIP","floor":24},{"not_picked":["Underhanded Strike","Wraith Form v2","Skewer"],"picked":"Escape Plan","floor":27},{"not_picked":["Venomology","A Thousand Cuts","Tools of the Trade"],"picked":"Burst","floor":33},{"not_picked":["Underhanded Strike","Expertise+1","Dagger Throw+1","Riddle With Holes+1"],"picked":"SKIP","floor":35},{"not_picked":["Quick Slash","Flechettes","Slice+1"],"picked":"Footwork+1","floor":37},{"not_picked":["Acrobatics+1","Sucker Punch","Well Laid Plans+1"],"picked":"Dodge and Roll+1","floor":39},{"not_picked":["Sucker Punch+1","Bane+1","Cloak And Dagger"],"picked":"Blur","floor":41},{"not_picked":["Crippling Poison+1","Well Laid Plans+1","Quick Slash"],"picked":"Choke","floor":42},{"not_picked":["Slice+1","Tactician+1","Quick Slash+1"],"picked":"Acrobatics+1","floor":46},{"not_picked":["Leg Sweep","Flying Knee","PiercingWail"],"picked":"Backflip+1","floor":47}],"player_experience":716352,"relics_obtained":[{"floor":8,"key":"Dodecahedron"},{"floor":9,"key":"Bottled Tornado"},{"floor":10,"key":"Question Card"},{"floor":24,"key":"Bottled Lightning"},{"floor":26,"key":"Gremlin Horn"},{"floor":27,"key":"Pocketwatch"},{"floor":41,"key":"Mercury Hourglass"},{"floor":43,"key":"Mummified Hand"}],"event_choices":[{"damage_healed":0,"gold_gain":0,"player_choice":"Ignored","damage_taken":0,"max_hp_gain":0,"max_hp_loss":0,"event_name":"Liars Game","floor":2,"gold_loss":0},{"damage_healed":0,"gold_gain":0,"player_choice":"Grow","damage_taken":0,"max_hp_gain":0,"max_hp_loss":0,"event_name":"Living Wall","floor":3,"gold_loss":0,"cards_upgraded":["Neutralize"]},{"damage_healed":0,"gold_gain":0,"player_choice":"Entered Light","damage_taken":14,"max_hp_gain":0,"max_hp_loss":0,"event_name":"Shining Light","floor":5,"gold_loss":0,"cards_upgraded":["Strike_G","Survivor"]},{"damage_healed":0,"gold_gain":0,"player_choice":"Forge","damage_taken":0,"max_hp_gain":0,"max_hp_loss":0,"event_name":"Accursed Blacksmith","floor":7,"gold_loss":0,"cards_upgraded":["Blade Dance"]},{"damage_healed":0,"gold_gain":0,"player_choice":"Gave Potion","damage_taken":0,"relics_obtained":["Bronze Scales"],"max_hp_gain":0,"max_hp_loss":0,"event_name":"WeMeetAgain","floor":14,"gold_loss":0},{"damage_healed":0,"gold_gain":0,"cards_transformed":["Strike_G"],"player_choice":"Transformed","damage_taken":0,"max_hp_gain":0,"max_hp_loss":0,"event_name":"Transmorgrifier","floor":31,"gold_loss":0,"cards_obtained":["Dagger Throw"]},{"cards_removed":["Strike_G"],"damage_healed":0,"gold_gain":0,"player_choice":"Offered Basic","damage_taken":0,"max_hp_gain":0,"max_hp_loss":0,"event_name":"Bonfire Elementals","floor":38,"gold_loss":0},{"damage_healed":0,"gold_gain":0,"player_choice":"Memory 1","damage_taken":0,"max_hp_gain":0,"max_hp_loss":0,"event_name":"SensoryStone","floor":44,"gold_loss":0},{"cards_removed":["Strike_G"],"damage_healed":0,"gold_gain":0,"player_choice":"Removed Attack","damage_taken":0,"max_hp_gain":0,"max_hp_loss":0,"event_name":"Falling","floor":45,"gold_loss":0}],"is_beta":false,"boss_relics":[{"not_picked":["Astrolabe","Runic Dome"],"picked":"Cursed Key"},{"not_picked":["Black Star","Runic Pyramid"],"picked":"Sozu"}],"items_purged_floors":[19,48],"is_endless":false,"potions_floor_spawned":[4,8,11,18,24,33,39,46],"ascension_level":7}