{"gold_per_floor":[109,128,128,203,222,222,74,106,106,123],"floor_reached":10,"playtime":425,"items_purged":[],"score":68,"play_id":"ce48a25b-a514-4ae6-858f-a7d92f450054","local_time":"20190125152455","is_ascension_mode":false,"campfire_choices":[{"data":"Blade Dance","floor":6,"key":"SMITH"}],"neow_cost":"NONE","seed_source_timestamp":427591294656020,"circlet_count":0,"master_deck":["Defend_G","Defend_G","Defend_G","Defend_G","Defend_G+1","Strike_G","Strike_G","Strike_G","Strike_G","Strike_G","Survivor","Neutralize","Blade Dance+1","Flying Knee+1","Skewer","Glass Knife"],"relics":["Ring of the Snake","Nunchaku","Ornamental Fan"],"potions_floor_usage":[],"damage_taken":[{"damage":0,"enemies":"2 Louse","floor":1,"turns":3},{"damage":6,"enemies":"Jaw Worm","floor":2,"turns":5},{"damage":1,"enemies":"Cultist","floor":5,"turns":3},{"damage":23,"enemies":"3 Sentries","floor":8,"turns":9},{"damage":6,"enemies":"Exordium Thugs","floor":10,"turns":7}],"seed_played":"-3023279065242781707","potions_obtained":[{"floor":8,"key":"EntropicBrew"},{"floor":10,"key":"SkillPotion"}],"is_trial":false,"path_per_floor":["M","M","?","?","M","R","$","E","T","M"],"character_chosen":"THE_SILENT","items_purchased":["Glass Knife"],"campfire_rested":0,"item_purchase_floors":[7],"current_hp_per_floor":[77,71,56,45,44,44,44,21,21,15],"gold":123,"neow_bonus":"TEN_PERCENT_HP_BONUS","is_prod":false,"is_daily":false,"chose_seed":false,"campfire_upgraded":1,"win_rate":0.0,"timestamp":1548451495,"path_taken":["M","M","?","?","?","R","$","E","T","M"],"build_version":"2019-01-23","purchased_purges":0,"victory":false,"max_hp_per_floor":[77,77,77,77,77,77,77,77,77,77],"card_choices":[{"not_picked":["Underhanded Strike","Well Laid Plans"],"picked":"Blade Dance","floor":1},{"not_picked":["Sucker Punch","Acrobatics"],"picked":"Flying Knee","floor":2},{"not_picked":["Deadly Poison","Dagger Throw"],"picked":"Skewer","floor":5},{"not_picked":["Footwork","Tools of the Trade","Well Laid Plans"],"picked":"SKIP","floor":8}],"player_experience":171800,"relics_obtained":[{"floor":8,"key":"Nunchaku"},{"floor":9,"key":"Ornamental Fan"}],"event_choices":[{"damage_healed":0,"gold_gain":0,"player_choice":"Entered Light","damage_taken":15,"max_hp_gain":0,"max_hp_loss":0,"event_name":"Shining Light","floor":3,"gold_loss":0,"cards_upgraded":["Defend_G","Flying Knee"]},{"damage_healed":0,"gold_gain":75,"player_choice":"Gather Gold","damage_taken":11,"max_hp_gain":0,"max_hp_loss":0,"event_name":"World of Goop","floor":4,"gold_loss":0}],"is_beta":false,"boss_relics":[],"items_purged_floors":[],"is_endless":false,"potions_floor_spawned":[8,10],"killed_by":"Exordium Thugs","ascension_level":0}