{"gold_per_floor":[117,134,152,171,181,208,208,221,301,301,335,315,37,49,49,146,146,164,178,196,196,196,227,227,245,245,245,256,275,302,302,302,403,403,414,434,434,434,447,447,460,460,487,502,517,530,548,300,300,300,300,300,12,38,38],"floor_reached":55,"playtime":3861,"items_purged":["Strike_G","Unload+1"],"score":752,"play_id":"1db2abaf-524d-45dd-bcc5-ad51871c31e0","local_time":"20190129074833","is_ascension_mode":false,"campfire_choices":[{"data":"Noxious Fumes","floor":7,"key":"SMITH"},{"data":"Neutralize","floor":10,"key":"SMITH"},{"data":"Footwork","floor":15,"key":"SMITH"},{"floor":24,"key":"REST"},{"data":"Bullet Time","floor":27,"key":"SMITH"},{"data":"Burst","floor":32,"key":"SMITH"},{"floor":40,"key":"RECALL"},{"floor":49,"key":"REST"},{"data":"Footwork","floor":52,"key":"SMITH"}],"neow_cost":"NONE","seed_source_timestamp":3399470907304,"circlet_count":0,"master_deck":["Defend_G","Defend_G","Defend_G","Strike_G","Strike_G","Survivor","Neutralize+1","Noxious Fumes+1","Deadly Poison","Deflect","PiercingWail+1","Corpse Explosion","Backflip","Footwork+1","Bullet Time+1","Well Laid Plans+1","Die Die Die+1","RitualDagger+1","Burst+1","Dash+1","Phantasmal Killer+1","Choke+1","Caltrops+1","Backflip","Dodge and Roll+1","After Image","Footwork+1","Noxious Fumes+1","Leg Sweep+1"],"relics":["Ring of the Snake","Bag of Preparation","Molten Egg 2","The Courier","TwistedFunnel","Empty Cage","Pocketwatch","Vajra","Sundial","Astrolabe","Centennial Puzzle","Oddly Smooth Stone","DollysMirror","Pen Nib"],"potions_floor_usage":[8,11,16,16,22,23,30,33,33,50,55,55],"damage_taken":[{"damage":2,"enemies":"Small Slimes","floor":1,"turns":4},{"damage":0,"enemies":"Cultist","floor":2,"turns":4},{"damage":1,"enemies":"2 Louse","floor":3,"turns":3},{"damage":3,"enemies":"Blue Slaver","floor":4,"turns":4},{"damage":2,"enemies":"Looter","floor":5,"turns":4},{"damage":8,"enemies":"3 Sentries","floor":6,"turns":7},{"damage":0,"enemies":"Gremlin Gang","floor":8,"turns":3},{"damage":12,"enemies":"Lagavulin","floor":11,"turns":5},{"damage":0,"enemies":"3 Louse","floor":14,"turns":1},{"damage":0,"enemies":"The Guardian","floor":16,"turns":9},{"damage":0,"enemies":"3 Byrds","floor":18,"turns":2},{"damage":15,"enemies":"Spheric Guardian","floor":19,"turns":5},{"damage":5,"enemies":"Snake Plant","floor":20,"turns":4},{"damage":19,"enemies":"Slavers","floor":23,"turns":4},{"damage":0,"enemies":"Chosen and Byrds","floor":25,"turns":5},{"damage":0,"enemies":"Shelled Parasite and Fungi","floor":28,"turns":5},{"damage":18,"enemies":"Sentry and Sphere","floor":29,"turns":6},{"damage":6,"enemies":"Book of Stabbing","floor":30,"turns":7},{"damage":8,"enemies":"Champ","floor":33,"turns":12},{"damage":24,"enemies":"3 Darklings","floor":35,"turns":4},{"damage":0,"enemies":"3 Shapes","floor":36,"turns":1},{"damage":2,"enemies":"Writhing Mass","floor":39,"turns":6},{"damage":0,"enemies":"Jaw Worm Horde","floor":41,"turns":2},{"damage":1,"enemies":"Sphere and 2 Shapes","floor":44,"turns":4},{"damage":16,"enemies":"Maw","floor":45,"turns":7},{"damage":2,"enemies":"4 Shapes","floor":46,"turns":4},{"damage":5,"enemies":"Transient","floor":47,"turns":5},{"damage":28,"enemies":"Donu and Deca","floor":50,"turns":9},{"damage":59,"enemies":"Shield and Spear","floor":54,"turns":6},{"damage":27,"enemies":"The Heart","floor":55,"turns":3}],"seed_played":"-8550521783458310259","potions_obtained":[{"floor":1,"key":"SteroidPotion"},{"floor":3,"key":"Strength Potion"},{"floor":6,"key":"Strength Potion"},{"floor":11,"key":"SpeedPotion"},{"floor":12,"key":"EssenceOfSteel"},{"floor":16,"key":"Weak Potion"},{"floor":20,"key":"Weak Potion"},{"floor":22,"key":"Fruit Juice"},{"floor":22,"key":"Explosive Potion"},{"floor":23,"key":"PowerPotion"},{"floor":28,"key":"Regen Potion"},{"floor":33,"key":"Regen Potion"},{"floor":35,"key":"EssenceOfSteel"},{"floor":41,"key":"Dexterity Potion"}],"is_trial":false,"path_per_floor":["M","M","M","M","M","E","R","M","T","R","E","?","$","M","R","B",null,"M","M","M","?","?","E","R","M","T","R","M","M","E","?","R","B",null,"M","M","?","?","M","R","M","?","T","M","M","M","M","$","R","B",null,"R","$","E","B"],"character_chosen":"THE_SILENT","items_purchased":["Footwork","TwistedFunnel","After Image","Footwork","Oddly Smooth Stone","DollysMirror"],"campfire_rested":2,"item_purchase_floors":[13,13,48,48,53,53],"current_hp_per_floor":[75,75,74,71,69,61,61,61,61,61,49,49,49,49,49,49,77,77,62,57,51,56,37,61,61,61,61,61,43,52,52,52,44,82,58,58,58,58,56,56,56,56,56,55,39,37,32,32,56,43,82,82,82,23,0],"gold":38,"neow_bonus":"TEN_PERCENT_HP_BONUS","is_prod":false,"is_daily":false,"chose_seed":false,"campfire_upgraded":6,"win_rate":0,"timestamp":1548740913,"path_taken":["M","M","M","M","M","E","R","M","T","R","E","?","?","M","R","BOSS","M","M","M","?","?","E","R","M","T","R","M","?","E","?","R","BOSS","M","M","?","?","M","R","?","?","T","M","?","M","M","$","R","BOSS","R","$","E","BOSS"],"build_version":"2019-01-23","purchased_purges":2,"victory":false,"max_hp_per_floor":[77,77,77,77,77,77,77,77,77,77,77,77,77,77,77,77,77,77,77,77,77,82,82,82,82,82,82,82,82,82,82,82,82,82,82,82,82,82,82,82,82,82,82,82,82,82,82,82,82,82,82,82,82,82,82],"card_choices":[{"not_picked":["Dodge and Roll","PiercingWail"],"picked":"Noxious Fumes","floor":1},{"not_picked":["Acrobatics","Underhanded Strike","Bane"],"picked":"SKIP","floor":2},{"not_picked":["Cloak And Dagger","Sucker Punch"],"picked":"Deadly Poison","floor":3},{"not_picked":["Setup","Infinite Blades"],"picked":"Deflect","floor":4},{"not_picked":["Concentrate","Acrobatics"],"picked":"PiercingWail","floor":5},{"not_picked":["Riddle With Holes","Deadly Poison"],"picked":"Corpse Explosion","floor":6},{"not_picked":["Poisoned Stab","Dodge and Roll","Deflect"],"picked":"SKIP","floor":8},{"not_picked":["Calculated Gamble","Outmaneuver"],"picked":"Backflip","floor":11},{"not_picked":["Dagger Throw+1","Outmaneuver"],"picked":"Terror","floor":14},{"not_picked":["Glass Knife+1","Adrenaline"],"picked":"Bullet Time","floor":16},{"not_picked":["Deflect","Poisoned Stab+1"],"picked":"Well Laid Plans+1","floor":18},{"not_picked":["Cloak And Dagger","Flying Knee+1","Deadly Poison"],"picked":"SKIP","floor":19},{"not_picked":["Masterful Stab+1","Sucker Punch+1"],"picked":"Die Die Die+1","floor":20},{"not_picked":["Distraction","Underhanded Strike+1"],"picked":"Burst","floor":23},{"not_picked":["PiercingWail","Sucker Punch+1","Acrobatics"],"picked":"SKIP","floor":25},{"not_picked":["Dagger Spray+1","Bane+1","Well Laid Plans"],"picked":"SKIP","floor":28},{"not_picked":["Acrobatics","Heel Hook+1"],"picked":"Dash+1","floor":29},{"not_picked":["Endless Agony+1","Bullet Time","Bane+1"],"picked":"SKIP","floor":30},{"not_picked":["Bane+1","Deadly Poison","Dagger Throw+1"],"picked":"SKIP","floor":35},{"not_picked":["Bane+1","Slice+1","Cloak And Dagger+1"],"picked":"SKIP","floor":36},{"not_picked":["Bane+1","Flechettes+1","Blade Dance"],"picked":"SKIP","floor":39},{"not_picked":["Deflect","Cloak And Dagger+1"],"picked":"Caltrops","floor":41},{"not_picked":["Deflect+1","Acrobatics+1"],"picked":"Backflip","floor":44},{"not_picked":["Deadly Poison","Prepared+1","Flechettes+1"],"picked":"SKIP","floor":45},{"not_picked":["Poisoned Stab+1","Prepared+1","Quick Slash+1"],"picked":"SKIP","floor":46},{"not_picked":["Backstab+1","Finisher+1"],"picked":"Dodge and Roll+1","floor":47},{"not_picked":["Doppelganger","Predator+1"],"picked":"Leg Sweep+1","floor":54}],"player_experience":198912,"relics_obtained":[{"floor":6,"key":"Bag of Preparation"},{"floor":9,"key":"Molten Egg 2"},{"floor":11,"key":"The Courier"},{"floor":23,"key":"Pocketwatch"},{"floor":30,"key":"Vajra"},{"floor":43,"key":"Centennial Puzzle"},{"floor":54,"key":"Pen Nib"}],"event_choices":[{"damage_healed":0,"gold_gain":0,"player_choice":"Bought 1 Potion","damage_taken":0,"max_hp_gain":0,"max_hp_loss":0,"event_name":"The Woman in Blue","floor":12,"gold_loss":0},{"damage_healed":0,"gold_gain":0,"player_choice":"Joined the Cult","damage_taken":6,"max_hp_gain":0,"max_hp_loss":0,"event_name":"Nest","floor":21,"gold_loss":0,"cards_obtained":["RitualDagger"]},{"damage_healed":0,"gold_gain":0,"player_choice":"Got Potions","damage_taken":0,"max_hp_gain":0,"max_hp_loss":0,"event_name":"Lab","floor":22,"gold_loss":0},{"damage_healed":0,"gold_gain":0,"player_choice":"Opened","damage_taken":0,"relics_obtained":["Sundial"],"max_hp_gain":0,"max_hp_loss":0,"event_name":"The Mausoleum","floor":31,"gold_loss":0},{"damage_healed":0,"gold_gain":0,"player_choice":"Ignored","damage_taken":0,"max_hp_gain":0,"max_hp_loss":0,"event_name":"Tomb of Lord Red Mask","floor":37,"gold_loss":0},{"damage_healed":0,"gold_gain":0,"player_choice":"Forge","damage_taken":0,"max_hp_gain":0,"max_hp_loss":0,"event_name":"Accursed Blacksmith","floor":38,"gold_loss":0,"cards_upgraded":["PiercingWail"]},{"damage_healed":0,"gold_gain":0,"player_choice":"Upgraded","damage_taken":0,"max_hp_gain":0,"max_hp_loss":0,"event_name":"Upgrade Shrine","floor":42,"gold_loss":0,"cards_upgraded":["Caltrops"]}],"is_beta":false,"boss_relics":[{"not_picked":["Ectoplasm","WristBlade"],"picked":"Empty Cage"},{"not_picked":["Calling Bell","Velvet Choker"],"picked":"Astrolabe"}],"items_purged_floors":[13,48],"is_endless":false,"potions_floor_spawned":[1,3,6,11,16,20,23,25,28,33,35,41,45],"killed_by":"The Heart","ascension_level":0}