{"gold_per_floor":[109,59,134,145,145,160,160,186,186,215,215,231,251,278,278,378,378,392,58,58,58,74,107,107,107,107,141,160,160,160,177,177,272,272,282,298,198,212,229,260,58,58,358,390,390,390,409,424,424,424],"floor_reached":51,"playtime":3859,"items_purged":["Dash","A Thousand Cuts","Footwork"],"score":815,"play_id":"88ad6620-4e2c-431d-971c-1d5b2848ea98","local_time":"20190112131100","is_ascension_mode":false,"campfire_choices":[{"data":"Dagger Throw","floor":7,"key":"SMITH"},{"floor":11,"key":"REST"},{"floor":15,"key":"REST"},{"floor":25,"key":"REST"},{"data":"Adrenaline","floor":29,"key":"SMITH"},{"data":"Burst","floor":32,"key":"SMITH"},{"data":"Concentrate","floor":42,"key":"SMITH"},{"data":"Blade Dance","floor":46,"key":"SMITH"},{"data":"Expertise","floor":49,"key":"SMITH"}],"neow_cost":"NONE","seed_source_timestamp":134401700667181,"circlet_count":0,"master_deck":["Survivor","Neutralize","Expertise+1","Dagger Throw+1","Backflip","Dagger Spray","Glass Knife+1","Concentrate+1","Blade Dance+1","Slice","Burst+1","Flying Knee+1","Adrenaline+1","Quick Slash+1","Adrenaline","Backflip+1","Expertise+1","Terror+1","Blur","Heel Hook","Prepared"],"relics":["Ring of the Serpent","NeowsBlessing","Incense Burner","Pear","Potion Belt","Vajra","Pandora\u0027s Box","Kunai","Oddly Smooth Stone","Pantograph","Happy Flower","Omamori","Old Coin","PreservedInsect"],"potions_floor_usage":[14,16,16,23,23,47,48,50,50,50,50],"damage_taken":[{"damage":0,"enemies":"2 Louse","floor":1,"turns":1},{"damage":0,"enemies":"Small Slimes","floor":4,"turns":1},{"damage":0,"enemies":"Jaw Worm","floor":6,"turns":1},{"damage":23,"enemies":"Gremlin Nob","floor":8,"turns":5},{"damage":36,"enemies":"3 Sentries","floor":10,"turns":9},{"damage":1,"enemies":"Exordium Thugs","floor":12,"turns":6},{"damage":0,"enemies":"2 Fungi Beasts","floor":13,"turns":3},{"damage":8,"enemies":"Gremlin Nob","floor":14,"turns":5},{"damage":27,"enemies":"Slime Boss","floor":16,"turns":9},{"damage":35,"enemies":"2 Thieves","floor":18,"turns":4},{"damage":5,"enemies":"3 Byrds","floor":22,"turns":3},{"damage":10,"enemies":"Slavers","floor":23,"turns":3},{"damage":8,"enemies":"Book of Stabbing","floor":27,"turns":4},{"damage":3,"enemies":"Snake Plant","floor":28,"turns":3},{"damage":0,"enemies":"3 Cultists","floor":31,"turns":3},{"damage":2,"enemies":"Champ","floor":33,"turns":9},{"damage":0,"enemies":"Orb Walker","floor":35,"turns":1},{"damage":11,"enemies":"3 Shapes","floor":36,"turns":2},{"damage":0,"enemies":"Maw","floor":38,"turns":6},{"damage":0,"enemies":"Spire Growth","floor":39,"turns":3},{"damage":0,"enemies":"Giant Head","floor":40,"turns":2},{"damage":0,"enemies":"Reptomancer","floor":44,"turns":2},{"damage":0,"enemies":"Transient","floor":47,"turns":5},{"damage":0,"enemies":"Jaw Worm Horde","floor":48,"turns":2},{"damage":31,"enemies":"Donu and Deca","floor":50,"turns":13}],"seed_played":"-4254898645999759254","potions_obtained":[{"floor":6,"key":"EssenceOfSteel"},{"floor":10,"key":"GhostInAJar"},{"floor":12,"key":"Explosive Potion"},{"floor":14,"key":"Energy Potion"},{"floor":16,"key":"Strength Potion"},{"floor":23,"key":"FearPotion"},{"floor":27,"key":"SkillPotion"},{"floor":30,"key":"Fire Potion"},{"floor":30,"key":"Poison Potion"},{"floor":30,"key":"Regen Potion"},{"floor":31,"key":"SteroidPotion"},{"floor":33,"key":"PowerPotion"},{"floor":47,"key":"Energy Potion"},{"floor":48,"key":"Poison Potion"}],"is_trial":false,"path_per_floor":["M","?","?","M","?","M","R","E","T","E","R","M","M","E","R","B",null,"M","$","?","?","M","E","?","R","T","E","M","R","?","M","R","B",null,"M","M","$","M","M","E","$","R","T","E","?","R","M","M","R","B",null],"character_chosen":"THE_SILENT","items_purchased":["Kunai","Blur"],"campfire_rested":3,"item_purchase_floors":[19,41],"current_hp_per_floor":[70,70,59,59,52,52,52,29,39,3,27,26,26,18,42,15,80,45,45,45,45,40,30,30,54,54,46,43,43,43,43,43,66,80,80,69,69,69,69,69,69,69,69,69,69,69,69,69,69,64],"gold":424,"neow_bonus":"THREE_ENEMY_KILL","is_prod":false,"is_daily":false,"chose_seed":false,"campfire_upgraded":6,"win_rate":0,"timestamp":1547311260,"path_taken":["M","?","?","M","?","M","R","E","T","E","R","M","?","E","R","BOSS","M","$","?","?","?","E","?","R","T","E","?","R","?","M","R","BOSS","M","M","$","?","M","E","$","R","T","E","?","R","?","M","R","BOSS"],"build_version":"2019-01-10","purchased_purges":3,"victory":true,"max_hp_per_floor":[70,70,70,70,70,70,70,70,80,80,80,80,80,80,80,80,80,80,80,80,80,80,80,80,80,80,80,80,80,80,80,80,80,80,80,80,80,80,80,80,80,80,80,80,80,80,80,80,80,80],"card_choices":[{"not_picked":["PiercingWail","Dodge and Roll","Cloak And Dagger"],"picked":"SKIP","floor":1},{"not_picked":["Distraction","Backstab"],"picked":"Expertise","floor":4},{"not_picked":["Prepared","Bane"],"picked":"Dagger Throw","floor":6},{"not_picked":["Dagger Throw","Caltrops","Deflect"],"picked":"SKIP","floor":8},{"not_picked":["Leg Sweep","Deflect","Prepared"],"picked":"SKIP","floor":10},{"not_picked":["Masterful Stab","Concentrate"],"picked":"Backflip","floor":12},{"not_picked":["Distraction","Underhanded Strike"],"picked":"Dagger Spray","floor":13},{"not_picked":["Blade Dance","Deflect","Cloak And Dagger"],"picked":"SKIP","floor":14},{"not_picked":["After Image","Night Terror"],"picked":"Glass Knife","floor":16},{"not_picked":["Flechettes+1","Riddle With Holes","PiercingWail"],"picked":"SKIP","floor":18},{"not_picked":["Dodge and Roll","Slice"],"picked":"Flying Knee+1","floor":22},{"not_picked":["Flying Knee","Infinite Blades"],"picked":"Adrenaline","floor":23},{"not_picked":["Heel Hook","Bane"],"picked":"Quick Slash+1","floor":27},{"not_picked":["Dagger Spray","Endless Agony+1","Concentrate"],"picked":"SKIP","floor":28},{"not_picked":["Prepared","Heel Hook+1","Skewer"],"picked":"SKIP","floor":31},{"not_picked":["Envenom","A Thousand Cuts"],"picked":"Adrenaline","floor":33},{"not_picked":["Flechettes","Reflex+1"],"picked":"Backflip+1","floor":35},{"not_picked":["Catalyst+1","Leg Sweep","Prepared+1"],"picked":"SKIP","floor":36},{"not_picked":["Sucker Punch","Caltrops+1"],"picked":"Expertise+1","floor":38},{"not_picked":["Glass Knife","Backflip+1"],"picked":"Terror+1","floor":39},{"not_picked":["Predator+1","Acrobatics+1","Flying Knee+1"],"picked":"SKIP","floor":40},{"not_picked":["Infinite Blades+1","Bane+1","Deflect"],"picked":"SKIP","floor":44},{"not_picked":["Noxious Fumes+1","Choke+1"],"picked":"Heel Hook","floor":47},{"not_picked":["Outmaneuver","A Thousand Cuts"],"picked":"Prepared","floor":48}],"player_experience":155966,"relics_obtained":[{"floor":8,"key":"Incense Burner"},{"floor":9,"key":"Pear"},{"floor":10,"key":"Potion Belt"},{"floor":14,"key":"Vajra"},{"floor":23,"key":"Oddly Smooth Stone"},{"floor":26,"key":"Pantograph"},{"floor":27,"key":"Happy Flower"},{"floor":40,"key":"Omamori"},{"floor":43,"key":"Old Coin"},{"floor":44,"key":"PreservedInsect"}],"event_choices":[{"cards_removed":["Defend_G"],"damage_healed":0,"gold_gain":0,"player_choice":"Card Removal","damage_taken":0,"max_hp_gain":0,"max_hp_loss":0,"event_name":"The Cleric","floor":2,"gold_loss":50},{"damage_healed":0,"gold_gain":75,"player_choice":"Gather Gold","damage_taken":11,"max_hp_gain":0,"max_hp_loss":0,"event_name":"World of Goop","floor":3,"gold_loss":0},{"cards_removed":["Defend_G"],"damage_healed":0,"gold_gain":0,"player_choice":"Card Removal","damage_taken":7,"max_hp_gain":0,"max_hp_loss":0,"event_name":"Golden Wing","floor":5,"gold_loss":0},{"damage_healed":0,"gold_gain":0,"player_choice":"Ignored","damage_taken":0,"max_hp_gain":0,"max_hp_loss":0,"event_name":"Ghosts","floor":20,"gold_loss":0},{"cards_removed":["Doppelganger"],"damage_healed":0,"gold_gain":0,"player_choice":"Card Removal","damage_taken":0,"max_hp_gain":0,"max_hp_loss":0,"event_name":"Wheel of Change","floor":21,"gold_loss":0},{"damage_healed":0,"gold_gain":0,"player_choice":"Forge","damage_taken":0,"max_hp_gain":0,"max_hp_loss":0,"event_name":"Accursed Blacksmith","floor":24,"gold_loss":0,"cards_upgraded":["Glass Knife"]},{"damage_healed":0,"gold_gain":0,"player_choice":"Got Potions","damage_taken":0,"max_hp_gain":0,"max_hp_loss":0,"event_name":"Lab","floor":30,"gold_loss":0},{"damage_healed":0,"gold_gain":0,"player_choice":"Leave","damage_taken":0,"max_hp_gain":0,"max_hp_loss":0,"event_name":"FaceTrader","floor":45,"gold_loss":0}],"is_beta":false,"boss_relics":[{"not_picked":["Cursed Key","Calling Bell"],"picked":"Pandora\u0027s Box"},{"not_picked":["Fusion Hammer","Runic Dome"],"picked":"Ring of the Serpent"}],"items_purged_floors":[19,37,41],"is_endless":false,"potions_floor_spawned":[6,10,12,14,16,23,27,31,33,39,40,47,48],"ascension_level":0}