{"gold_per_floor":[112,127,137,2,17,52,70,70,70,90,37,54,70,70,70,70],"floor_reached":16,"playtime":2093,"items_purged":[],"score":106,"play_id":"7ddb9f30-7eef-4064-90c4-dba3fd49501d","local_time":"20180715121448","is_ascension_mode":false,"campfire_choices":[{"floor":8.0,"key":"REST"},{"floor":15,"key":"REST"}],"neow_cost":"","seed_source_timestamp":0,"circlet_count":0,"master_deck":["Strike_R","Strike_R","Strike_R","Strike_R","Strike_R","Defend_R","Defend_R","Defend_R","Defend_R","Bash","Flex","Rage","Headbutt","Thunderclap","Madness","Shrug It Off","Demon Form","Shrug It Off","Sword Boomerang","Shrug It Off","Burning Pact","Seeing Red"],"special_seed":0,"relics":["Burning Blood","Sundial","Happy Flower"],"potions_floor_usage":[16],"damage_taken":[{"damage":5.0,"enemies":"Cultist","floor":1.0,"turns":4.0},{"damage":5.0,"enemies":"2 Louse","floor":2.0,"turns":3.0},{"damage":0.0,"enemies":"Small Slimes","floor":3.0,"turns":3.0},{"damage":7.0,"enemies":"Exordium Wildlife","floor":5.0,"turns":3.0},{"damage":57.0,"enemies":"Gremlin Nob","floor":6.0,"turns":6.0},{"damage":14.0,"enemies":"Lots of Slimes","floor":7.0,"turns":4.0},{"damage":13.0,"enemies":"2 Fungi Beasts","floor":10.0,"turns":5.0},{"damage":0.0,"enemies":"Blue Slaver","floor":12.0,"turns":4.0},{"damage":10,"enemies":"Lots of Slimes","floor":13,"turns":7},{"damage":63,"enemies":"The Guardian","floor":16,"turns":13}],"seed_played":"-6242001919961337948","potions_obtained":[{"floor":5.0,"key":"Energy Potion"},{"floor":6.0,"key":"Energy Potion"},{"floor":12,"key":"GamblersBrew"}],"is_trial":false,"path_per_floor":["M","M","M","$","M","E","M","R","T","M","$","M","M","$","R"],"character_chosen":"IRONCLAD","items_purchased":["Thunderclap","Madness","Shrug It Off"],"campfire_rested":2,"item_purchase_floors":[4,4,11],"current_hp_per_floor":[80,80,80,80,79,28,20,44,44,37,37,43,39,39,63,0],"gold":70,"neow_bonus":"","is_prod":false,"is_daily":false,"chose_seed":false,"campfire_upgraded":0,"win_rate":0.0,"timestamp":1531628088,"path_taken":["M","M","M","$","M","E","M","R","T","M","?","M","M","$","R","BOSS"],"build_version":"2018-07-12","purchased_purges":0,"victory":false,"max_hp_per_floor":[80,80,80,80,80,80,80,80,80,80,80,80,80,80,80,80],"card_choices":[{"not_picked":["Sword Boomerang","Iron Wave"],"picked":"Flex","floor":1.0},{"not_picked":["Shrug It Off","Warcry"],"picked":"Rage","floor":2.0},{"not_picked":["Shrug It Off","Body Slam"],"picked":"Headbutt","floor":3.0},{"not_picked":["Carnage","Flex"],"picked":"Shrug It Off","floor":5.0},{"not_picked":["Searing Blow","Infernal Blade"],"picked":"Demon Form","floor":6.0},{"not_picked":["Clothesline","True Grit"],"picked":"Shrug It Off","floor":7.0},{"not_picked":["Disarm","Double Tap"],"picked":"Sword Boomerang","floor":10.0},{"not_picked":["Perfected Strike","Corruption"],"picked":"Burning Pact","floor":12},{"not_picked":["Second Wind","Twin Strike"],"picked":"Seeing Red","floor":13}],"player_experience":0,"relics_obtained":[{"floor":6.0,"key":"Sundial"},{"floor":9.0,"key":"Happy Flower"}],"event_choices":[],"boss_relics":[],"items_purged_floors":[],"is_endless":false,"potions_floor_spawned":[5,6,12],"killed_by":"The Guardian","ascension_level":0}