{"gold_per_floor":[118,118,118,129,146,175,175,175,175,192,206,232,243,53,53,156,156,171,171,187,112,112,142,142,152,152,152,251,276,306,321,321,419,419,434,487,497,497,511,511,526,36,62,82,82,82,182,198,198,198],"floor_reached":50,"playtime":5029,"items_purged":[],"score":517,"play_id":"193981cc-316c-4bfb-b471-30c5380b96f8","local_time":"20190127154021","is_ascension_mode":false,"campfire_choices":[{"data":"Reboot","floor":7,"key":"SMITH"},{"floor":15,"key":"RECALL"},{"data":"Echo Form","floor":24,"key":"SMITH"},{"floor":27,"key":"REST"},{"floor":32,"key":"REST"},{"data":"Machine Learning","floor":40,"key":"SMITH"},{"floor":45,"key":"REST"},{"floor":49,"key":"REST"}],"neow_cost":"PERCENT_DAMAGE","seed_source_timestamp":2687833877762,"circlet_count":0,"master_deck":["Strike_B","Strike_B+1","Defend_B+1","Defend_B","Defend_B","Defend_B","Zap","Dualcast","Reboot+1","Coolheaded","Coolheaded","Beam Cell","Electrodynamics","Ball Lightning","Streamline","Cold Snap","All For One","Master of Strategy","Echo Form+1","Streamline","FTL","Go for the Eyes+1","Ball Lightning","Steam+1","Beam Cell","Machine Learning+1","Cold Snap","Go for the Eyes","Steam+1","Secret Weapon","Swift Strike","Leap","Chill"],"relics":["FrozenCore","Dodecahedron","Boot","Bag of Marbles","Ginger","Bottled Tornado","Tiny Chest","Sozu","Vajra","Turnip","Centennial Puzzle","Unceasing Top"],"potions_floor_usage":[12,12,16,25,25,25],"damage_taken":[{"damage":1,"enemies":"Jaw Worm","floor":1,"turns":2},{"damage":4,"enemies":"Small Slimes","floor":4,"turns":3},{"damage":2,"enemies":"2 Louse","floor":5,"turns":2},{"damage":11,"enemies":"3 Sentries","floor":6,"turns":10},{"damage":1,"enemies":"Red Slaver","floor":10,"turns":4},{"damage":0,"enemies":"Large Slime","floor":11,"turns":3},{"damage":13,"enemies":"Gremlin Nob","floor":12,"turns":3},{"damage":0,"enemies":"3 Louse","floor":13,"turns":1},{"damage":17,"enemies":"Slime Boss","floor":16,"turns":9},{"damage":6,"enemies":"Chosen","floor":18,"turns":4},{"damage":0,"enemies":"3 Byrds","floor":20,"turns":5},{"damage":14,"enemies":"Book of Stabbing","floor":23,"turns":7},{"damage":2,"enemies":"Snecko","floor":25,"turns":4},{"damage":18,"enemies":"Slavers","floor":29,"turns":5},{"damage":1,"enemies":"Chosen and Byrds","floor":31,"turns":3},{"damage":40,"enemies":"Champ","floor":33,"turns":10},{"damage":9,"enemies":"3 Darklings","floor":35,"turns":6},{"damage":11,"enemies":"Orb Walker","floor":37,"turns":3},{"damage":10,"enemies":"Transient","floor":39,"turns":5},{"damage":6,"enemies":"Spire Growth","floor":41,"turns":4},{"damage":0,"enemies":"Maw","floor":44,"turns":5},{"damage":29,"enemies":"Mind Bloom Boss Battle","floor":47,"turns":8},{"damage":16,"enemies":"3 Darklings","floor":48,"turns":7},{"damage":38,"enemies":"Time Eater","floor":50,"turns":3}],"seed_played":"4661524716007380250","potions_obtained":[{"floor":4,"key":"FearPotion"},{"floor":10,"key":"Weak Potion"},{"floor":12,"key":"Regen Potion"},{"floor":16,"key":"AttackPotion"},{"floor":18,"key":"SneckoOil"},{"floor":20,"key":"Energy Potion"}],"is_trial":false,"path_per_floor":["M","?","?","M","M","E","R","?","T","M","M","E","M","$","R","B",null,"M","?","M","?","?","E","R","M","T","R","?","E","?","M","R","B",null,"M","T","M","?","M","R","M","$","T","M","R","?","?","M","R","B"],"character_chosen":"DEFECT","items_purchased":["Master of Strategy","Turnip","Secret Weapon"],"campfire_rested":4,"item_purchase_floors":[14,42,42],"current_hp_per_floor":[53,38,63,59,57,46,46,46,46,45,45,32,32,32,32,30,75,69,69,69,69,69,55,55,53,53,75,75,57,57,56,75,35,75,66,66,55,55,45,45,39,39,39,39,61,61,32,16,38,0],"gold":198,"neow_bonus":"THREE_RARE_CARDS","is_prod":false,"is_daily":false,"chose_seed":false,"campfire_upgraded":3,"win_rate":0,"timestamp":1548621621,"path_taken":["M","?","?","M","M","E","R","?","T","M","M","E","?","?","R","BOSS","M","?","M","?","?","E","R","M","T","R","?","E","?","M","R","BOSS","M","?","M","?","?","R","M","$","T","M","R","?","?","M","R","BOSS"],"build_version":"2019-01-23","purchased_purges":0,"victory":false,"max_hp_per_floor":[75,75,75,75,75,75,75,75,75,75,75,75,75,75,75,75,75,75,75,75,75,75,75,75,75,75,75,75,75,75,75,75,75,75,75,75,75,75,75,75,75,75,75,75,75,75,75,75,75,75],"card_choices":[{"not_picked":["Amplify","Thunder Strike"],"picked":"Reboot","floor":0},{"not_picked":["Stack","Redo"],"picked":"Coolheaded","floor":1},{"not_picked":["Rebound","Steam"],"picked":"Coolheaded","floor":4},{"not_picked":["Heatsinks","Consume"],"picked":"Beam Cell","floor":5},{"not_picked":["Melter","Core Surge"],"picked":"Electrodynamics","floor":6},{"not_picked":["Tempest","Coolheaded"],"picked":"Ball Lightning","floor":10},{"not_picked":["Ball Lightning","Coolheaded"],"picked":"Streamline","floor":11},{"not_picked":["Hologram","Blizzard"],"picked":"Cold Snap","floor":12},{"not_picked":["Doom and Gloom","Streamline"],"picked":"All For One","floor":13},{"not_picked":["Reboot","Machine Learning"],"picked":"Echo Form","floor":16},{"not_picked":["Leap+1","Compile Driver"],"picked":"Streamline","floor":18},{"not_picked":["Aggregate","Cold Snap"],"picked":"Go for the Eyes+1","floor":20},{"not_picked":["Hyperbeam","Sunder"],"picked":"Ball Lightning","floor":23},{"not_picked":["Streamline+1","Doom and Gloom"],"picked":"Steam+1","floor":25},{"not_picked":["Recycle","Thunder Strike","Compile Driver"],"picked":"SKIP","floor":29},{"not_picked":["Turbo","Barrage+1"],"picked":"Beam Cell","floor":31},{"not_picked":["Core Surge","Buffer"],"picked":"Machine Learning","floor":33},{"not_picked":["Hello World","Blizzard+1","Turbo"],"picked":"SKIP","floor":35},{"not_picked":["Recycle","Hologram"],"picked":"Cold Snap","floor":37},{"not_picked":["Consume+1","Genetic Algorithm+1"],"picked":"Go for the Eyes","floor":39},{"not_picked":["Ball Lightning+1","Skim+1"],"picked":"Steam+1","floor":41},{"not_picked":["Defragment","Ball Lightning","Rebound+1"],"picked":"SKIP","floor":44},{"not_picked":["Blind","Transmutation"],"picked":"Swift Strike","floor":46},{"not_picked":["Compile Driver+1","Cold Snap+1"],"picked":"Leap","floor":47},{"not_picked":["Cold Snap+1","Redo"],"picked":"Chill","floor":48}],"player_experience":64481,"relics_obtained":[{"floor":6,"key":"Dodecahedron"},{"floor":12,"key":"Boot"},{"floor":23,"key":"Bag of Marbles"},{"floor":26,"key":"Ginger"},{"floor":29,"key":"Bottled Tornado"},{"floor":30,"key":"Tiny Chest"},{"floor":36,"key":"Vajra"},{"floor":43,"key":"Centennial Puzzle"},{"floor":47,"key":"Unceasing Top"}],"event_choices":[{"damage_healed":0,"gold_gain":0,"player_choice":"Entered Light","damage_taken":15,"max_hp_gain":0,"max_hp_loss":0,"event_name":"Shining Light","floor":2,"gold_loss":0,"cards_upgraded":["Defend_B","Strike_B"]},{"damage_healed":25,"gold_gain":0,"player_choice":"Banana","damage_taken":0,"max_hp_gain":0,"max_hp_loss":0,"event_name":"Big Fish","floor":3,"gold_loss":0},{"damage_healed":0,"gold_gain":0,"player_choice":"Bought 0 Potions","damage_taken":0,"max_hp_gain":0,"max_hp_loss":0,"event_name":"The Woman in Blue","floor":8,"gold_loss":0},{"damage_healed":0,"gold_gain":0,"player_choice":"Read","damage_taken":0,"max_hp_gain":0,"max_hp_loss":0,"event_name":"The Library","floor":19,"gold_loss":0,"cards_obtained":["FTL"]},{"cards_removed":["Strike_B"],"damage_healed":0,"gold_gain":0,"player_choice":"Gave Gold","damage_taken":0,"max_hp_gain":0,"max_hp_loss":0,"event_name":"Beggar","floor":21,"gold_loss":75},{"cards_removed":["Strike_B"],"damage_healed":0,"gold_gain":0,"player_choice":"Elegance","damage_taken":0,"max_hp_gain":0,"max_hp_loss":0,"event_name":"Back to Basics","floor":22,"gold_loss":0},{"damage_healed":0,"gold_gain":99,"player_choice":"Stole From Cult","damage_taken":0,"max_hp_gain":0,"max_hp_loss":0,"event_name":"Nest","floor":28,"gold_loss":0},{"damage_healed":0,"gold_gain":0,"player_choice":"Relic","damage_taken":0,"max_hp_gain":0,"max_hp_loss":0,"event_name":"Wheel of Change","floor":30,"gold_loss":0},{"damage_healed":0,"gold_gain":0,"player_choice":"Got Potions","damage_taken":0,"max_hp_gain":0,"max_hp_loss":0,"event_name":"Lab","floor":38,"gold_loss":0},{"damage_healed":0,"gold_gain":0,"player_choice":"Memory 1","damage_taken":0,"max_hp_gain":0,"max_hp_loss":0,"event_name":"SensoryStone","floor":46,"gold_loss":0},{"damage_healed":0,"gold_gain":0,"player_choice":"Fight","damage_taken":0,"max_hp_gain":0,"max_hp_loss":0,"event_name":"MindBloom","floor":47,"gold_loss":0}],"is_beta":false,"boss_relics":[{"not_picked":["Black Star","Lizard Tail"],"picked":"FrozenCore"},{"not_picked":["Busted Crown","Empty Cage"],"picked":"Sozu"}],"items_purged_floors":[],"is_endless":false,"potions_floor_spawned":[4,10,12,16,18,20,41,47],"killed_by":"Time Eater","ascension_level":0}