{"gold_per_floor":[111,211,172,247,267,293,310,24,48,64,76,86,86,105,105,204,204,218,218,229,229,229,229,3,3,55,71,71,82,96,26,26,26],"floor_reached":33,"playtime":2972,"items_purged":[],"score":349,"play_id":"cd2a1d0b-24ed-4fa8-9820-7c3af50b209a","local_time":"20180720231745","is_ascension_mode":false,"campfire_choices":[{"data":"Noxious Fumes","floor":13,"key":"SMITH"},{"floor":15,"key":"REST"},{"floor":23,"key":"REST"},{"data":"Caltrops","floor":25,"key":"SMITH"},{"floor":32,"key":"REST"}],"neow_cost":"NONE","seed_source_timestamp":794699415445814,"circlet_count":0,"master_deck":["Defend_G+1","Defend_G+1","Defend_G+1","Defend_G+1","Defend_G+1","Strike_G+1","Strike_G+1","Strike_G+1","Strike_G+1","Strike_G+1","Survivor","Neutralize","Backstab","Footwork","Deadly Poison","Deflect","Malaise","Predator","Footwork","Noxious Fumes+1","Heel Hook","Adrenaline","Outmaneuver","Caltrops+1","Distraction","Infinite Blades","Dodge and Roll","Backstab","Decay","Bouncing Flask","Writhe","Noxious Fumes","Crippling Poison","Adrenaline","Noxious Fumes","Caltrops"],"relics":["Ring of the Snake","NeowsBlessing","Strawberry","Torii","Bag of Marbles","Orrery","Ice Cream","Vajra","Ancient Tea Set"],"potions_floor_usage":[16,20,33,33],"damage_taken":[{"damage":0,"enemies":"Jaw Worm","floor":1,"turns":1},{"damage":0,"enemies":"Cultist","floor":5,"turns":1},{"damage":0,"enemies":"Lagavulin","floor":6,"turns":1},{"damage":7,"enemies":"Small Slimes","floor":7,"turns":4},{"damage":1,"enemies":"3 Louse","floor":10,"turns":4},{"damage":1,"enemies":"Lots of Slimes","floor":11,"turns":5},{"damage":1,"enemies":"Exordium Thugs","floor":12,"turns":5},{"damage":0,"enemies":"2 Fungi Beasts","floor":14,"turns":4},{"damage":0,"enemies":"The Guardian","floor":16,"turns":10},{"damage":13,"enemies":"3 Byrds","floor":18,"turns":4},{"damage":8,"enemies":"Chosen","floor":20,"turns":7},{"damage":15,"enemies":"Centurion and Healer","floor":27,"turns":6},{"damage":4,"enemies":"Snake Plant","floor":29,"turns":4},{"damage":21,"enemies":"Sentry and Sphere","floor":30,"turns":5},{"damage":75,"enemies":"Champ","floor":33,"turns":10}],"seed_played":"-5191939916209349686","potions_obtained":[{"floor":5,"key":"LiquidBronze"},{"floor":6,"key":"Explosive Potion"},{"floor":7,"key":"Block Potion"},{"floor":10,"key":"Weak Potion"},{"floor":27,"key":"Explosive Potion"}],"is_trial":false,"path_per_floor":["M","?","$","?","M","E","M","$","T","M","M","M","R","M","R","B",null,"M","?","M","?","?","R","$","R","T","M","?","M","M","$","R"],"character_chosen":"THE_SILENT","items_purchased":["Footwork","Torii","Vajra","Noxious Fumes","Caltrops"],"campfire_rested":3,"item_purchase_floors":[3,8,24,24,31],"current_hp_per_floor":[70,70,70,59,59,66,59,59,59,58,57,56,56,56,77,77,77,64,64,56,56,56,77,77,77,77,62,62,58,37,37,60,0],"gold":26,"neow_bonus":"THREE_ENEMY_KILL","is_prod":false,"is_daily":false,"chose_seed":false,"campfire_upgraded":2,"win_rate":0.0,"timestamp":1532121465,"path_taken":["M","?","$","?","?","E","M","$","T","M","M","M","R","M","R","BOSS","M","?","?","?","?","R","$","R","T","M","?","M","M","?","R","BOSS"],"build_version":"2018-07-19v2","purchased_purges":0,"victory":false,"max_hp_per_floor":[70,70,70,70,70,77,77,77,77,77,77,77,77,77,77,77,77,77,77,77,77,77,77,77,77,77,77,77,77,77,77,77,77],"card_choices":[{"not_picked":["Prepared","Dodge and Roll"],"picked":"Backstab","floor":1},{"not_picked":["Flying Knee","Deflect"],"picked":"Deadly Poison","floor":5},{"not_picked":["Prepared","PiercingWail"],"picked":"Deflect","floor":6},{"not_picked":["Heel Hook","Endless Agony"],"picked":"Malaise","floor":7},{"not_picked":["Riddle With Holes","Deadly Poison"],"picked":"Predator","floor":10},{"not_picked":["Flying Knee","Choke"],"picked":"Footwork","floor":11},{"not_picked":["All Out Attack","Flying Knee"],"picked":"Noxious Fumes","floor":12},{"not_picked":["Prepared","Dagger Spray"],"picked":"Heel Hook","floor":14},{"not_picked":["Phantasmal Killer","Night Terror"],"picked":"Adrenaline","floor":16},{"not_picked":["Slice","Dagger Throw"],"picked":"Outmaneuver","floor":17},{"not_picked":["Distraction","Finisher"],"picked":"Caltrops","floor":17},{"not_picked":["Flechettes","Acrobatics"],"picked":"Distraction","floor":17},{"not_picked":["Acrobatics","Dagger Throw"],"picked":"Infinite Blades","floor":17},{"not_picked":["Slice","Flying Knee"],"picked":"Dodge and Roll","floor":17},{"not_picked":["Calculated Gamble","Deflect+1"],"picked":"Backstab","floor":18},{"not_picked":["Reflex","Deflect"],"picked":"Bouncing Flask","floor":20},{"not_picked":["Prepared","Finisher"],"picked":"Crippling Poison","floor":27},{"not_picked":["Flying Knee","Sucker Punch"],"picked":"Adrenaline","floor":29},{"not_picked":["Distraction+1","Quick Slash"],"picked":"Noxious Fumes","floor":30}],"player_experience":20499,"relics_obtained":[{"floor":6,"key":"Strawberry"},{"floor":9,"key":"Bag of Marbles"},{"floor":26,"key":"Ancient Tea Set"}],"event_choices":[{"event_name":"Golden Shrine","player_choice":"Pray","floor":2,"damage_taken":0},{"event_name":"World of Goop","player_choice":"Gather Gold","floor":4,"damage_taken":0},{"event_name":"Wheel of Change","player_choice":"Curse","floor":19,"damage_taken":0},{"event_name":"The Mausoleum","player_choice":"Yes","floor":21,"damage_taken":0},{"event_name":"Back to Basics","player_choice":"Simplicity","floor":22,"damage_taken":0},{"event_name":"Beggar","player_choice":"Ignored","floor":28,"damage_taken":0}],"is_beta":false,"boss_relics":[{"not_picked":["Runic Pyramid","Sozu"],"picked":"Orrery"}],"items_purged_floors":[],"is_endless":false,"potions_floor_spawned":[5,6,7,10,11,27],"killed_by":"Champ","ascension_level":0}