{"path_per_floor":["M","M","M","M","M","R","M","M","T","R","E","?","M","?","R"],"character_chosen":"IRONCLAD","items_purchased":[],"gold_per_floor":[114,134,154,166,186,186,200,210,265,265,298,298,318,318,318,318],"floor_reached":16,"campfire_rested":0,"playtime":973,"item_purchase_floors":[],"current_hp_per_floor":[80,80,75,80,74,74,67,49,56,56,61,61,59,52,52,0],"items_purged":[],"gold":318,"score":106,"play_id":"64fd8dad-87ae-4acb-83e2-a1205905103a","local_time":"20180615031559","is_prod":false,"is_daily":false,"chose_seed":false,"is_ascension_mode":false,"campfire_upgraded":3,"win_rate":0,"timestamp":1529025359,"campfire_choices":[{"data":"Dual Wield","floor":6,"key":"SMITH"},{"data":"Dual Wield","floor":10,"key":"SMITH"},{"data":"Anger","floor":15,"key":"SMITH"}],"path_taken":["M","M","M","M","M","R","M","M","T","R","E","?","M","?","R","BOSS"],"build_version":"2018-06-14","seed_source_timestamp":611637966619765,"purchased_purges":0,"victory":false,"master_deck":["Strike_R","Strike_R","Strike_R","Strike_R","Strike_R","Defend_R","Defend_R","Defend_R","Defend_R","Anger","Headbutt","Fire Breathing","Dual Wield+1","Anger+1","Dual Wield+1","Armaments","Armaments"],"max_hp_per_floor":[80,80,80,80,80,80,80,80,87,87,87,87,87,87,87,87],"relics":["Burning Blood","Strawberry","Lantern"],"card_choices":[{"not_picked":["Body Slam","Wild Strike"],"picked":"Anger","floor":0},{"not_picked":["Twin Strike","Flex"],"picked":"Headbutt","floor":1},{"not_picked":["Wild Strike","Cleave","Perfected Strike"],"picked":"SKIP","floor":2},{"not_picked":["Perfected Strike","Carnage"],"picked":"Fire Breathing","floor":3},{"not_picked":["Bloodletting","Offering"],"picked":"Dual Wield","floor":4},{"not_picked":["Evolve","Body Slam"],"picked":"Anger","floor":5},{"not_picked":["Armaments","Body Slam"],"picked":"Dual Wield","floor":7},{"not_picked":["True Grit","Searing Blow"],"picked":"Armaments","floor":8},{"not_picked":["Flex","Body Slam","Intimidate"],"picked":"SKIP","floor":11},{"not_picked":["True Grit","Immolate"],"picked":"Armaments","floor":13}],"player_experience":15409,"potions_floor_usage":[11,11,16],"damage_taken":[{"damage":2,"enemies":"Small Slimes","floor":1,"turns":4},{"damage":1,"enemies":"Cultist","floor":2,"turns":3},{"damage":11,"enemies":"2 Louse","floor":3,"turns":3},{"damage":0,"enemies":"Large Slime","floor":4,"turns":5},{"damage":12,"enemies":"3 Louse","floor":5,"turns":4},{"damage":13,"enemies":"Red Slaver","floor":7,"turns":3},{"damage":24,"enemies":"Blue Slaver","floor":8,"turns":3},{"damage":14,"enemies":"Gremlin Nob","floor":11,"turns":3},{"damage":8,"enemies":"2 Fungi Beasts","floor":13,"turns":4},{"damage":56,"enemies":"The Guardian","floor":16,"turns":7}],"relics_obtained":[{"floor":9,"key":"Strawberry"},{"floor":11,"key":"Lantern"}],"event_choices":[{"event_name":"The Woman in Blue","player_choice":"Bought 0 Potions","floor":12,"damage_taken":0},{"event_name":"Golden Wing","player_choice":"Card Removal","floor":14,"damage_taken":0}],"boss_relics":[],"items_purged_floors":[],"is_endless":false,"potions_floor_spawned":[2,5,8,13],"seed_played":"-6874945936019504279","killed_by":"The Guardian","ascension_level":0,"potions_obtained":[{"floor":2,"key":"Regen Potion"},{"floor":5,"key":"FearPotion"},{"floor":8,"key":"AttackPotion"},{"floor":13,"key":"Swift Potion"}],"is_trial":false}