{"gold_per_floor":[114,134,134,134,153,153,169,169,195,145,145,145,70,85,85,188,188,199,215,59,76,76,76,101,101,101,101,118,118,0,28,28,28],"floor_reached":33,"playtime":1185,"items_purged":["Dualcast"],"score":273,"play_id":"ac9123a9-97e5-4b1e-b597-a38184f86d70","local_time":"20180729233454","is_ascension_mode":false,"campfire_choices":[{"data":"White Noise","floor":6,"key":"SMITH"},{"data":"Consume","floor":8,"key":"SMITH"},{"data":"Go for the Eyes","floor":11,"key":"SMITH"},{"data":"Zap","floor":15,"key":"SMITH"},{"data":"White Noise","floor":23,"key":"SMITH"},{"floor":25,"key":"REST"},{"data":"Thunder Strike","floor":27,"key":"SMITH"},{"floor":32,"key":"REST"}],"neow_cost":"NONE","seed_source_timestamp":687680340294575,"circlet_count":0,"master_deck":["Strike_B","Strike_B","Strike_B","Strike_B","Defend_B","Defend_B","Defend_B","Defend_B","Zap+1","Go for the Eyes+1","Hologram+1","White Noise+1","Consume+1","Zap+1","White Noise+1","Thunder Strike+1","Steam","Ball Lightning","Leap","Lockon","Reinforced Body","Defragment+1"],"relics":["Cracked Core","Strawberry","Centennial Puzzle","Velvet Choker","Juzu Bracelet","Mummified Hand","Smiling Mask","Pen Nib"],"potions_floor_usage":[16,24,24],"damage_taken":[{"damage":0,"enemies":"2 Louse","floor":1,"turns":4},{"damage":6,"enemies":"Small Slimes","floor":2,"turns":3},{"damage":0,"enemies":"Cultist","floor":5,"turns":4},{"damage":2,"enemies":"Looter","floor":7,"turns":3},{"damage":16,"enemies":"Exordium Wildlife","floor":14,"turns":4},{"damage":14,"enemies":"Hexaghost","floor":16,"turns":8},{"damage":5,"enemies":"Shell Parasite","floor":18,"turns":5},{"damage":0,"enemies":"Spheric Guardian","floor":19,"turns":3},{"damage":4,"enemies":"Centurion and Healer","floor":21,"turns":3},{"damage":24,"enemies":"Slavers","floor":24,"turns":5},{"damage":14,"enemies":"3 Cultists","floor":28,"turns":4},{"damage":40,"enemies":"Book of Stabbing","floor":31,"turns":6},{"damage":43,"enemies":"Collector","floor":33,"turns":5}],"seed_played":"-1275000055588463998","potions_obtained":[{"floor":1,"key":"Strength Potion"},{"floor":5,"key":"SkillPotion"},{"floor":16,"key":"EssenceOfSteel"},{"floor":18,"key":"Block Potion"},{"floor":28,"key":"Ancient Potion"},{"floor":31,"key":"Strength Potion"}],"is_trial":false,"path_per_floor":["M","M","?","?","M","R","M","R","T","?","R","?","$","M","R","B",null,"M","M","$","M","?","R","E","R","T","R","M","?","?","E","R"],"character_chosen":"DEFECT","items_purchased":["Juzu Bracelet"],"campfire_rested":2,"item_purchase_floors":[20],"current_hp_per_floor":[75,69,69,69,69,69,67,67,67,67,67,67,67,51,51,37,82,77,77,77,73,73,73,49,73,73,73,59,59,59,19,43,0],"gold":28,"neow_bonus":"UPGRADE_CARD","is_prod":false,"is_daily":false,"chose_seed":false,"campfire_upgraded":6,"win_rate":0.0,"timestamp":1532900094,"path_taken":["M","M","?","?","M","R","M","R","T","?","R","?","$","M","R","BOSS","M","?","$","M","?","R","E","R","T","R","M","?","?","E","R","BOSS"],"build_version":"2018-07-26","purchased_purges":1,"victory":false,"max_hp_per_floor":[75,75,82,82,82,82,82,82,82,82,82,82,82,82,82,82,82,82,82,82,82,82,82,82,82,82,82,82,82,82,82,82,82],"card_choices":[{"not_picked":["Hello World","Rebound"],"picked":"Go for the Eyes","floor":1},{"not_picked":["Hello World","Compile Driver"],"picked":"Hologram","floor":2},{"not_picked":["Stack","Beam Cell"],"picked":"White Noise","floor":5},{"not_picked":["Rebound","Machine Learning"],"picked":"Consume","floor":7},{"not_picked":["Hello World","Undo"],"picked":"White Noise","floor":14},{"not_picked":["Meteor Strike","Seek"],"picked":"Thunder Strike","floor":16},{"not_picked":["Blizzard","Glacier+1"],"picked":"Steam","floor":18},{"not_picked":["Steam","Compile Driver"],"picked":"Ball Lightning","floor":19},{"not_picked":["Sweeping Beam","Gash"],"picked":"Leap","floor":21},{"not_picked":["Leap","Barrage"],"picked":"Lockon","floor":24},{"not_picked":["Sunder","Ball Lightning"],"picked":"Reinforced Body","floor":28},{"not_picked":["Biased Cognition","Aggregate+1"],"picked":"Defragment+1","floor":31}],"player_experience":219393,"relics_obtained":[{"floor":9,"key":"Centennial Puzzle"},{"floor":24,"key":"Mummified Hand"},{"floor":26,"key":"Smiling Mask"},{"floor":31,"key":"Pen Nib"}],"event_choices":[{"event_name":"Scrap Ooze","player_choice":"success","floor":3,"damage_taken":7},{"event_name":"Accursed Blacksmith","player_choice":"Forge","floor":4,"damage_taken":0},{"event_name":"The Cleric","player_choice":"Card Removal","floor":10,"damage_taken":0},{"event_name":"Match and Keep!","player_choice":"1 cards matched","floor":12,"damage_taken":0},{"event_name":"Drug Dealer","player_choice":"Ignored","floor":22,"damage_taken":0},{"event_name":"The Mausoleum","player_choice":"No","floor":29,"damage_taken":0},{"event_name":"Masked Bandits","player_choice":"Paid Bandits 118 gold","floor":30,"damage_taken":0}],"is_beta":false,"boss_relics":[{"not_picked":["Ectoplasm","Busted Crown"],"picked":"Velvet Choker"}],"items_purged_floors":[13],"is_endless":false,"potions_floor_spawned":[1,5,16,18,28,31],"killed_by":"Collector","ascension_level":0}