{"path_per_floor":["M","M","M","?","?","E","R","M","T","E","M","E","R","M","R","B",null,"M","?","M","$","?","R","M","M","T","M","R","E","R","?","R","B",null,"M","?","M","M","M","R","E","R","T","?","R","M","?","?","R","B"],"character_chosen":"IRONCLAD","items_purchased":["Orichalcum","Heavy Blade"],"gold_per_floor":[109,127,137,137,87,121,121,131,131,161,181,206,206,222,222,319,319,329,360,380,188,188,188,204,215,215,234,234,263,263,186,186,283,283,301,301,319,331,351,351,379,379,379,379,379,392,392,392,392,392],"floor_reached":51,"campfire_rested":6,"playtime":3178,"item_purchase_floors":[21,21],"current_hp_per_floor":[80,80,79,79,79,49,49,24,24,10,12,13,37,37,61,54,80,62,46,27,27,27,51,57,62,62,63,63,69,69,69,69,42,80,67,57,47,36,10,34,21,45,45,45,69,56,56,80,80,48],"items_purged":[],"gold":392,"score":767,"play_id":"23ff9304-c904-4415-923c-03ae6d573e3a","local_time":"20180616152134","is_prod":false,"is_daily":false,"chose_seed":false,"is_ascension_mode":false,"campfire_upgraded":5,"win_rate":0,"timestamp":1529155294,"campfire_choices":[{"data":"Demon Form","floor":7,"key":"SMITH"},{"floor":13,"key":"REST"},{"floor":15,"key":"REST"},{"floor":23,"key":"REST"},{"data":"Heavy Blade","floor":28,"key":"SMITH"},{"data":"Flame Barrier","floor":30,"key":"SMITH"},{"data":"Metallicize","floor":32,"key":"SMITH"},{"floor":40,"key":"REST"},{"floor":42,"key":"REST"},{"floor":45,"key":"REST"},{"data":"Barricade","floor":49,"key":"SMITH"}],"path_taken":["M","M","?","?","?","E","R","M","T","E","M","E","R","M","R","BOSS","M","?","?","$","?","R","M","?","T","M","R","E","R","?","R","BOSS","M","?","M","M","M","R","E","R","T","?","R","M","?","?","R","BOSS"],"build_version":"2018-06-14v2","seed_source_timestamp":739352797618661,"purchased_purges":0,"victory":true,"master_deck":["Strike_R","Strike_R","Strike_R","Strike_R","Strike_R","Defend_R","Defend_R","Defend_R","Bash","Fiend Fire","Armaments","Iron Wave","Demon Form+1","Uppercut","Metallicize+1","Shrug It Off","Bludgeon","Clothesline","Limit Break+1","Flame Barrier+1","Spot Weakness+1","Thunderclap+1","Heavy Blade+1","Perfected Strike","Sword Boomerang+1","Cleave+1","J.A.X.","Demon Form","Heavy Blade+1","Madness","Madness","Flex+1","Iron Wave+1","Twin Strike","Shrug It Off","Barricade+1"],"max_hp_per_floor":[80,80,80,80,80,80,80,80,80,80,80,80,80,80,80,80,80,80,80,80,80,80,80,80,80,80,80,80,80,80,80,80,80,80,80,80,80,80,80,80,80,80,80,80,80,80,80,80,80,80],"relics":["Burning Blood","Kunai","Pantograph","Toolbox","Bronze Scales","Velvet Choker","Red Mask","Orichalcum","Ice Cream","Blood Vial","Sozu","Ancient Tea Set","Paper Frog"],"card_choices":[{"not_picked":["Thunderclap","Dropkick"],"picked":"Armaments","floor":1},{"not_picked":["Second Wind","Sentinel"],"picked":"Thunderclap","floor":2},{"not_picked":["Twin Strike","Burning Pact"],"picked":"Iron Wave","floor":3},{"not_picked":["Body Slam","Double Tap"],"picked":"Demon Form","floor":6},{"not_picked":["Body Slam","Headbutt"],"picked":"Uppercut","floor":8},{"not_picked":["True Grit","Shrug It Off"],"picked":"Metallicize","floor":10},{"not_picked":["Shockwave","Iron Wave"],"picked":"Shrug It Off","floor":11},{"not_picked":["Wild Strike","Carnage"],"picked":"Bludgeon","floor":12},{"not_picked":["Whirlwind","Bloodletting"],"picked":"Clothesline","floor":14},{"not_picked":["Berserk","Fiend Fire"],"picked":"Limit Break","floor":16},{"not_picked":["Uppercut","Combust+1"],"picked":"Flame Barrier","floor":18},{"not_picked":["Heavy Blade","Perfected Strike+1"],"picked":"Spot Weakness+1","floor":19},{"not_picked":["Armaments","Disarm+1"],"picked":"Thunderclap+1","floor":20},{"not_picked":["Sever Soul","Evolve","Anger"],"picked":"SKIP","floor":24},{"not_picked":["Wild Strike","Havoc"],"picked":"Perfected Strike","floor":25},{"not_picked":["Wild Strike+1","Havoc"],"picked":"Sword Boomerang+1","floor":27},{"not_picked":["Ghostly Armor","Perfected Strike"],"picked":"Cleave+1","floor":29},{"not_picked":["Immolate","Fiend Fire"],"picked":"Demon Form","floor":33},{"not_picked":["Havoc","Flex+1"],"picked":"Heavy Blade+1","floor":35},{"not_picked":["Dark Embrace","Body Slam"],"picked":"Flex+1","floor":37},{"not_picked":["Flame Barrier","Burning Pact+1"],"picked":"Iron Wave+1","floor":38},{"not_picked":["Rupture+1","Perfected Strike+1"],"picked":"Twin Strike","floor":39},{"not_picked":["Anger","Dropkick+1"],"picked":"Shrug It Off","floor":41},{"not_picked":["Pommel Strike","Bloodletting"],"picked":"Barricade","floor":46}],"player_experience":34572,"potions_floor_usage":[11,12,12,18,24,29,33,33,38],"damage_taken":[{"damage":0,"enemies":"Cultist","floor":1,"turns":2},{"damage":6,"enemies":"Jaw Worm","floor":2,"turns":2},{"damage":7,"enemies":"Small Slimes","floor":3,"turns":4},{"damage":36,"enemies":"3 Sentries","floor":6,"turns":11},{"damage":31,"enemies":"3 Louse","floor":8,"turns":4},{"damage":20,"enemies":"Lagavulin","floor":10,"turns":6},{"damage":4,"enemies":"2 Fungi Beasts","floor":11,"turns":3},{"damage":5,"enemies":"Gremlin Nob","floor":12,"turns":4},{"damage":6,"enemies":"Blue Slaver","floor":14,"turns":3},{"damage":32,"enemies":"Slime Boss","floor":16,"turns":10},{"damage":24,"enemies":"2 Thieves","floor":18,"turns":4},{"damage":22,"floor":19,"turns":5},{"damage":25,"enemies":"3 Byrds","floor":20,"turns":4},{"damage":0,"enemies":"Cultist and Chosen","floor":24,"turns":6},{"damage":1,"enemies":"Snecko","floor":25,"turns":3},{"damage":9,"enemies":"Snake Plant","floor":27,"turns":4},{"damage":0,"enemies":"Gremlin Leader","floor":29,"turns":6},{"damage":44,"enemies":"Automaton","floor":33,"turns":8},{"damage":19,"enemies":"3 Darklings","floor":35,"turns":4},{"damage":18,"enemies":"Orb Walker","floor":37,"turns":3},{"damage":19,"enemies":"Sphere and 2 Shapes","floor":38,"turns":4},{"damage":34,"enemies":"3 Darklings","floor":39,"turns":3},{"damage":21,"enemies":"Nemesis","floor":41,"turns":5},{"damage":21,"enemies":"4 Shapes","floor":46,"turns":5},{"damage":38,"enemies":"Time Eater","floor":50,"turns":8}],"relics_obtained":[{"floor":6,"key":"Kunai"},{"floor":9,"key":"Pantograph"},{"floor":10,"key":"Toolbox"},{"floor":12,"key":"Bronze Scales"},{"floor":19,"key":"Red Mask"},{"floor":26,"key":"Ice Cream"},{"floor":29,"key":"Blood Vial"},{"floor":41,"key":"Ancient Tea Set"},{"floor":43,"key":"Paper Frog"}],"event_choices":[{"event_name":"The Woman in Blue","player_choice":"Bought 0 Potions","floor":4,"damage_taken":0},{"event_name":"The Cleric","player_choice":"Card Removal","floor":5,"damage_taken":0},{"event_name":"Masked Bandits","player_choice":"Fought over 329 gold","floor":19,"damage_taken":0},{"event_name":"Upgrade Shrine","player_choice":"Upgraded","floor":22,"damage_taken":0},{"event_name":"Drug Dealer","player_choice":"Got JAXXED","floor":31,"damage_taken":0},{"event_name":"Winding Halls","player_choice":"Embrace Madness","floor":36,"damage_taken":0},{"event_name":"Purifier","player_choice":"Skipped","floor":44,"damage_taken":0},{"event_name":"Falling","player_choice":"Removed Skill","floor":47,"damage_taken":0},{"event_name":"Wheel of Change","player_choice":"Full Heal","floor":48,"damage_taken":0}],"boss_relics":[{"not_picked":["Mark of Pain","Fusion Hammer"],"picked":"Velvet Choker"},{"not_picked":["Empty Cage","Lizard Tail"],"picked":"Sozu"}],"items_purged_floors":[],"is_endless":false,"potions_floor_spawned":[1,2,3,10,16,19,27,33,35,38],"seed_played":"8567301217031803967","ascension_level":0,"potions_obtained":[{"floor":1,"key":"FearPotion"},{"floor":2,"key":"Swift Potion"},{"floor":3,"key":"FearPotion"},{"floor":10,"key":"PowerPotion"},{"floor":16,"key":"EntropicBrew"},{"floor":19,"key":"PowerPotion"},{"floor":27,"key":"LiquidBronze"},{"floor":33,"key":"FearPotion"}],"is_trial":false}