{"gold_per_floor":[110,110,110,126,141,141,160,172,196,214,214,246,196,211,211,310,310,324,337,55,65,65,65,93,93,93,109,123,123,123,23,23,122,122,133,146,146,163,113,113,113,128,128,148,148,148,148,33,33,33],"floor_reached":50,"playtime":2385,"items_purged":["Strike_G","Decay","Parasite"],"score":562,"play_id":"3f8d2b25-9e9a-40c4-8fb7-0714ec266f94","local_time":"20190119205520","is_ascension_mode":true,"campfire_choices":[{"data":"All Out Attack","floor":6,"key":"SMITH"},{"data":"Sucker Punch","floor":11,"key":"SMITH"},{"data":"Footwork","floor":15,"key":"SMITH"},{"data":"Adrenaline","floor":23,"key":"SMITH"},{"data":"Neutralize","floor":32,"key":"SMITH"},{"data":"Storm of Steel","floor":40,"key":"SMITH"},{"floor":45,"key":"RECALL"},{"data":"Catalyst","floor":49,"key":"SMITH"}],"neow_cost":"NONE","seed_source_timestamp":260809282127000,"circlet_count":0,"master_deck":["Defend_G","Defend_G","Defend_G","Defend_G","Survivor","Neutralize+1","All Out Attack+1","Sucker Punch+1","Noxious Fumes","Footwork+1","Backflip","PiercingWail","Deadly Poison","Adrenaline+1","Catalyst+1","Acrobatics+1","Footwork+1","Noxious Fumes+1","Deadly Poison","Storm of Steel+1","Die Die Die","Sucker Punch+1","Footwork+1","Adrenaline","Blade Dance+1","Writhe","Flash of Steel","Flash of Steel","Panacea","Catalyst+1","Noxious Fumes"],"relics":["Coffee Dripper","Lantern","Snake Skull","Eternal Feather","DollysMirror","Smiling Mask","Pear","Philosopher\u0027s Stone"],"potions_floor_usage":[16,27,28,50,50,50],"damage_taken":[{"damage":1,"enemies":"2 Louse","floor":1,"turns":3},{"damage":0,"enemies":"Small Slimes","floor":4,"turns":2},{"damage":2,"enemies":"Jaw Worm","floor":5,"turns":4},{"damage":3,"enemies":"Gremlin Gang","floor":7,"turns":3},{"damage":4,"enemies":"2 Fungi Beasts","floor":8,"turns":3},{"damage":3,"enemies":"Blue Slaver","floor":10,"turns":4},{"damage":12,"enemies":"3 Sentries","floor":12,"turns":6},{"damage":2,"enemies":"Exordium Thugs","floor":14,"turns":5},{"damage":31,"enemies":"The Guardian","floor":16,"turns":11},{"damage":8,"enemies":"3 Byrds","floor":18,"turns":5},{"damage":8,"enemies":"Spheric Guardian","floor":19,"turns":5},{"damage":18,"enemies":"Cultist and Chosen","floor":21,"turns":9},{"damage":49,"enemies":"Slavers","floor":24,"turns":7},{"damage":8,"enemies":"3 Cultists","floor":27,"turns":5},{"damage":0,"enemies":"Snecko","floor":28,"turns":4},{"damage":6,"enemies":"Champ","floor":33,"turns":8},{"damage":10,"enemies":"Orb Walker","floor":35,"turns":4},{"damage":10,"enemies":"3 Darklings","floor":36,"turns":5},{"damage":9,"enemies":"Writhing Mass","floor":38,"turns":6},{"damage":17,"enemies":"4 Shapes","floor":42,"turns":6},{"damage":40,"enemies":"Jaw Worm Horde","floor":44,"turns":5},{"damage":63,"enemies":"Awakened One","floor":50,"turns":6}],"seed_played":"-1192050434620328494","potions_obtained":[{"floor":4,"key":"PowerPotion"},{"floor":5,"key":"Explosive Potion"},{"floor":7,"key":"Swift Potion"},{"floor":16,"key":"LiquidBronze"},{"floor":27,"key":"Poison Potion"}],"is_trial":false,"path_per_floor":["M","?","$","M","M","R","M","M","T","M","R","E","?","M","R","B",null,"M","M","$","M","$","R","E","?","T","M","M","?","?","$","R","B",null,"M","M","?","M","$","R","?","M","T","M","R","?","?","$","R","B"],"character_chosen":"THE_SILENT","items_purchased":["DollysMirror","Weak Potion","Catalyst","Noxious Fumes"],"campfire_rested":0,"item_purchase_floors":[20,31,48,48],"current_hp_per_floor":[69,74,74,74,72,72,69,65,65,62,62,50,50,48,48,17,75,67,59,59,41,41,53,4,4,14,6,6,6,6,6,18,12,85,75,65,65,56,56,68,68,51,51,11,26,47,37,37,55,0],"gold":33,"neow_bonus":"BOSS_RELIC","is_prod":false,"is_daily":false,"chose_seed":false,"campfire_upgraded":7,"win_rate":0,"timestamp":1547931320,"path_taken":["M","?","$","M","M","R","M","M","T","M","R","E","?","M","R","BOSS","M","M","$","M","$","R","E","?","T","M","?","?","?","?","R","BOSS","M","M","?","M","$","R","?","?","T","M","R","?","?","$","R","BOSS"],"build_version":"2019-01-17v2","purchased_purges":3,"victory":false,"max_hp_per_floor":[70,75,75,75,75,75,75,75,75,75,75,75,75,75,75,75,75,75,75,75,75,75,75,75,75,85,85,85,85,85,85,85,85,85,85,85,85,85,82,82,82,82,82,82,82,82,82,82,82,82],"card_choices":[{"not_picked":["Bane","Heel Hook"],"picked":"All Out Attack","floor":1},{"not_picked":["Deflect","Dodge and Roll"],"picked":"Sucker Punch","floor":4},{"not_picked":["Sucker Punch","Blade Dance"],"picked":"Noxious Fumes","floor":5},{"not_picked":["Dodge and Roll","Finisher","Sucker Punch"],"picked":"SKIP","floor":7},{"not_picked":["Caltrops","Backflip"],"picked":"Footwork","floor":8},{"not_picked":["Slice","Riddle With Holes"],"picked":"Backflip","floor":10},{"not_picked":["Flechettes","Bouncing Flask"],"picked":"PiercingWail","floor":12},{"not_picked":["Dagger Throw","Masterful Stab"],"picked":"Deadly Poison","floor":14},{"not_picked":["Storm of Steel","Phantasmal Killer"],"picked":"Adrenaline","floor":16},{"not_picked":["Calculated Gamble","Prepared"],"picked":"Catalyst+1","floor":18},{"not_picked":["Deadly Poison","Deflect"],"picked":"Acrobatics+1","floor":19},{"not_picked":["Acrobatics","Flying Knee","Sucker Punch"],"picked":"SKIP","floor":21},{"not_picked":["Dash","Blur"],"picked":"Noxious Fumes+1","floor":24},{"not_picked":["Quick Slash","Cloak And Dagger","Underhanded Strike+1"],"picked":"SKIP","floor":27},{"not_picked":["Riddle With Holes","Deflect","Skewer"],"picked":"SKIP","floor":28},{"not_picked":["Phantasmal Killer","Tools of the Trade"],"picked":"Die Die Die","floor":33},{"not_picked":["Underhanded Strike","Slice+1"],"picked":"Sucker Punch+1","floor":35},{"not_picked":["Underhanded Strike+1","Calculated Gamble+1","Dagger Throw"],"picked":"SKIP","floor":36},{"not_picked":["Expertise+1","Choke+1"],"picked":"Footwork+1","floor":38},{"not_picked":["Sucker Punch+1","Quick Slash","Infinite Blades"],"picked":"SKIP","floor":42},{"not_picked":["Setup+1","Infinite Blades+1"],"picked":"Blade Dance+1","floor":44},{"not_picked":["Good Instincts","Forethought"],"picked":"Flash of Steel","floor":47},{"not_picked":["Mayhem","Panacea"],"picked":"Flash of Steel","floor":47},{"not_picked":["Good Instincts","Enlightenment"],"picked":"Panacea","floor":47}],"player_experience":131433,"relics_obtained":[{"floor":9,"key":"Lantern"},{"floor":12,"key":"Snake Skull"},{"floor":24,"key":"Smiling Mask"},{"floor":26,"key":"Pear"}],"event_choices":[{"damage_healed":0,"gold_gain":0,"player_choice":"Donut","damage_taken":0,"max_hp_gain":5,"max_hp_loss":0,"event_name":"Big Fish","floor":2,"gold_loss":0},{"cards_removed":["Strike_G"],"damage_healed":0,"gold_gain":0,"player_choice":"Card Removal","damage_taken":0,"max_hp_gain":0,"max_hp_loss":0,"event_name":"The Cleric","floor":13,"gold_loss":50},{"cards_removed":["Strike_G"],"damage_healed":0,"gold_gain":0,"player_choice":"Offered Basic","damage_taken":0,"max_hp_gain":0,"max_hp_loss":0,"event_name":"Bonfire Elementals","floor":25,"gold_loss":0},{"damage_healed":0,"gold_gain":0,"cards_transformed":["Strike_G","Strike_G"],"player_choice":"Became Test Subject","damage_taken":0,"max_hp_gain":0,"max_hp_loss":0,"event_name":"Drug Dealer","floor":29,"gold_loss":0,"cards_obtained":["Deadly Poison","Storm of Steel"]},{"damage_healed":0,"gold_gain":0,"player_choice":"Smashed Altar","damage_taken":0,"max_hp_gain":0,"max_hp_loss":0,"event_name":"Forgotten Altar","floor":30,"gold_loss":0,"cards_obtained":["Decay"]},{"damage_healed":0,"gold_gain":0,"player_choice":"Ignored","damage_taken":0,"max_hp_gain":0,"max_hp_loss":0,"event_name":"Mysterious Sphere","floor":37,"gold_loss":0},{"damage_healed":0,"gold_gain":0,"cards_transformed":["Defend_G"],"player_choice":"Transformed","damage_taken":0,"max_hp_gain":0,"max_hp_loss":0,"event_name":"Transmorgrifier","floor":41,"gold_loss":0,"cards_obtained":["Adrenaline"]},{"damage_healed":21,"gold_gain":0,"player_choice":"Writhe","damage_taken":0,"max_hp_gain":0,"max_hp_loss":0,"event_name":"Winding Halls","floor":46,"gold_loss":0,"cards_obtained":["Writhe"]},{"damage_healed":0,"gold_gain":0,"player_choice":"Memory 3","damage_taken":10,"max_hp_gain":0,"max_hp_loss":0,"event_name":"SensoryStone","floor":47,"gold_loss":0}],"is_beta":false,"boss_relics":[{"not_picked":["Tiny House","Calling Bell"],"picked":"Eternal Feather"},{"not_picked":["Orrery","Black Star"],"picked":"Philosopher\u0027s Stone"}],"items_purged_floors":[20,31,39],"is_endless":false,"potions_floor_spawned":[4,5,7,8,16,19,24,27,35,36,44],"killed_by":"Awakened One","ascension_level":3}