{"gold_per_floor":[115,115,126,146,71,71,101,1,1,19,32,32,49,80,80,180,230,246,171,21,21,41,41,56,56],"floor_reached":25,"playtime":1213,"items_purged":["Defend_G","Strike_G"],"score":302,"play_id":"a53e5690-e8a3-4764-bd1f-6229e7b55297","local_time":"20190112140003","is_ascension_mode":true,"campfire_choices":[{"data":"Neutralize","floor":6,"key":"SMITH"},{"floor":15,"key":"REST"},{"data":"Noxious Fumes","floor":23,"key":"SMITH"}],"neow_cost":"TEN_PERCENT_HP_LOSS","seed_source_timestamp":140002811951900,"circlet_count":0,"master_deck":["Defend_G","Defend_G","Defend_G+1","Strike_G+1","Strike_G","Strike_G","Survivor","Neutralize+1","Backflip+1","Deadly Poison+1","Noxious Fumes+1","Burst","Deadly Poison+1","Regret","Glass Knife","Noxious Fumes"],"relics":["Ring of the Snake","Bronze Scales","Mummified Hand","Ancient Tea Set","Tiny House","War Paint"],"potions_floor_usage":[14,14,16,18,18,25],"damage_taken":[{"damage":0,"enemies":"Small Slimes","floor":1,"turns":4},{"damage":1,"enemies":"Jaw Worm","floor":3,"turns":3},{"damage":0,"enemies":"Cultist","floor":4,"turns":3},{"damage":37,"enemies":"3 Sentries","floor":7,"turns":14},{"damage":1,"enemies":"Exordium Thugs","floor":10,"turns":6},{"damage":0,"enemies":"Looter","floor":11,"turns":3},{"damage":1,"enemies":"Red Slaver","floor":13,"turns":5},{"damage":2,"enemies":"Lagavulin","floor":14,"turns":8},{"damage":0,"enemies":"The Guardian","floor":16,"turns":9},{"damage":11,"enemies":"2 Thieves","floor":18,"turns":4},{"damage":4,"enemies":"3 Byrds","floor":22,"turns":3},{"damage":13,"enemies":"Snake Plant","floor":24,"turns":3},{"damage":50,"enemies":"Slavers","floor":25,"turns":4}],"seed_played":"9189901258439378865","potions_obtained":[{"floor":3,"key":"Energy Potion"},{"floor":7,"key":"SteroidPotion"},{"floor":13,"key":"GhostInAJar"},{"floor":14,"key":"Block Potion"},{"floor":16,"key":"Strength Potion"},{"floor":17,"key":"SpeedPotion"}],"is_trial":false,"path_per_floor":["M","?","M","M","$","R","E","$","T","M","M","?","M","E","R","B",null,"M","?","$","?","M","R","M","E"],"character_chosen":"THE_SILENT","items_purchased":["War Paint"],"campfire_rested":1,"item_purchase_floors":[20],"current_hp_per_floor":[63,50,49,49,49,49,12,12,12,11,11,5,4,2,20,20,68,57,57,57,57,53,53,40,0],"gold":56,"neow_bonus":"REMOVE_TWO","is_prod":false,"is_daily":false,"chose_seed":false,"campfire_upgraded":2,"win_rate":0,"timestamp":1547314203,"path_taken":["M","?","M","M","$","R","E","$","T","M","M","?","?","E","R","BOSS","M","?","$","?","M","R","M","E"],"build_version":"2019-01-10","purchased_purges":2,"victory":false,"max_hp_per_floor":[63,63,63,63,63,63,63,63,63,63,63,63,63,63,63,63,68,68,68,68,68,68,68,68,68],"card_choices":[{"not_picked":["Prepared","Masterful Stab"],"picked":"Backflip","floor":1},{"not_picked":["PiercingWail","Choke","Underhanded Strike"],"picked":"SKIP","floor":3},{"not_picked":["Dagger Spray","Reflex","Predator"],"picked":"SKIP","floor":4},{"not_picked":["Flechettes","Footwork"],"picked":"Acrobatics","floor":7},{"not_picked":["Dagger Spray","Crippling Poison","Backstab"],"picked":"SKIP","floor":10},{"not_picked":["Calculated Gamble","Wraith Form v2"],"picked":"Deadly Poison","floor":11},{"not_picked":["Dodge and Roll","Dagger Throw","Backstab"],"picked":"SKIP","floor":13},{"not_picked":["Calculated Gamble","Terror"],"picked":"Noxious Fumes","floor":14},{"not_picked":["Unload","Wraith Form v2"],"picked":"Burst","floor":16},{"not_picked":["Backstab","Bane"],"picked":"Deadly Poison","floor":17},{"not_picked":["Crippling Poison","Underhanded Strike","Finisher"],"picked":"SKIP","floor":18},{"not_picked":["Poisoned Stab","Reflex"],"picked":"Noxious Fumes","floor":22},{"not_picked":["Well Laid Plans","Blur+1","PiercingWail+1"],"picked":"SKIP","floor":24}],"player_experience":161522,"relics_obtained":[{"floor":7,"key":"Bronze Scales"},{"floor":9,"key":"Mummified Hand"},{"floor":14,"key":"Ancient Tea Set"}],"event_choices":[{"damage_healed":0,"gold_gain":0,"player_choice":"Entered Light","damage_taken":13,"max_hp_gain":0,"max_hp_loss":0,"event_name":"Shining Light","floor":2,"gold_loss":0,"cards_upgraded":["Strike_G","Defend_G"]},{"damage_healed":0,"gold_gain":0,"player_choice":"Damaged","damage_taken":6,"max_hp_gain":0,"max_hp_loss":0,"event_name":"Wheel of Change","floor":12,"gold_loss":0},{"cards_removed":["Acrobatics"],"damage_healed":0,"gold_gain":0,"player_choice":"Gave Gold","damage_taken":0,"max_hp_gain":0,"max_hp_loss":0,"event_name":"Beggar","floor":19,"gold_loss":75},{"damage_healed":0,"gold_gain":0,"player_choice":"2 cards matched","damage_taken":0,"max_hp_gain":0,"max_hp_loss":0,"event_name":"Match and Keep!","floor":21,"gold_loss":0,"cards_obtained":["Regret","Glass Knife"]}],"is_beta":false,"boss_relics":[{"not_picked":["Cursed Key","Fusion Hammer"],"picked":"Tiny House"}],"items_purged_floors":[5,8],"is_endless":false,"potions_floor_spawned":[3,7,13,14,16],"killed_by":"Slavers","ascension_level":3}