{"gold_per_floor":[115,115,40,40,40,80,80,116,142,157,157,171,186,199,199,288,288,288],"floor_reached":18,"playtime":417,"items_purged":["Injury"],"score":407,"play_id":"646bc999-a3a1-4a93-87ec-7081330e60ee","local_time":"20190101195030","is_ascension_mode":true,"campfire_choices":[{"data":"Armaments","floor":7,"key":"SMITH"},{"data":"Hemokinesis","floor":15,"key":"SMITH"}],"neow_cost":"NONE","seed_source_timestamp":2146487259327856,"circlet_count":0,"master_deck":["AscendersBane","Bash","Hemokinesis","Armaments+1","Battle Trance","Uppercut","Rupture","Hemokinesis+1","Demon Form","Exhume","Warcry","Intimidate","Whirlwind","Body Slam","Metallicize","Hemokinesis","Reckless Charge","Shockwave"],"relics":["Burning Blood","NeowsBlessing","Golden Idol","Shuriken","Pear","Lantern","Pandora\u0027s Box"],"potions_floor_usage":[16],"damage_taken":[{"damage":0,"enemies":"Jaw Worm","floor":1,"turns":1},{"damage":0,"enemies":"Lagavulin","floor":6,"turns":1},{"damage":0,"enemies":"3 Sentries","floor":8,"turns":1},{"damage":3,"enemies":"Small Slimes","floor":10,"turns":3},{"damage":2,"enemies":"Cultist","floor":12,"turns":3},{"damage":7,"enemies":"Looter","floor":13,"turns":3},{"damage":15,"enemies":"Blue Slaver","floor":14,"turns":4},{"damage":68,"enemies":"Hexaghost","floor":16,"turns":9},{"damage":3,"enemies":"Chosen","floor":18,"turns":3}],"seed_played":"6625859271702598936","potions_obtained":[{"floor":10,"key":"Strength Potion"},{"floor":14,"key":"Energy Potion"}],"is_trial":false,"path_per_floor":["M","?","$","?","$","E","R","E","T","M","?","M","M","M","R","B",null,"M"],"character_chosen":"IRONCLAD","items_purchased":[],"campfire_rested":0,"item_purchase_floors":[],"current_hp_per_floor":[74,74,74,74,74,75,75,85,85,85,85,85,84,75,75,13,67,64],"gold":288,"neow_bonus":"THREE_ENEMY_KILL","is_prod":false,"is_daily":false,"chose_seed":false,"campfire_upgraded":2,"win_rate":0,"timestamp":1546368630,"path_taken":["M","?","$","?","$","E","R","E","T","M","?","M","?","M","R","BOSS","M"],"build_version":"2018-12-20","purchased_purges":1,"victory":false,"max_hp_per_floor":[75,75,75,75,75,75,75,85,85,85,85,85,85,85,85,85,85,85],"card_choices":[{"not_picked":["Anger","Inflame"],"picked":"Hemokinesis","floor":1},{"not_picked":["Heavy Blade","Havoc"],"picked":"Armaments","floor":6},{"not_picked":["Blood for Blood","Sword Boomerang"],"picked":"Battle Trance","floor":8},{"not_picked":["Pommel Strike","Disarm","Wild Strike"],"picked":"SKIP","floor":10},{"not_picked":["Entrench","Havoc"],"picked":"Uppercut","floor":12},{"not_picked":["Warcry","Thunderclap"],"picked":"Rupture","floor":13},{"not_picked":["Shrug It Off","Second Wind"],"picked":"Hemokinesis","floor":14},{"not_picked":["Fiend Fire","Bludgeon"],"picked":"Demon Form","floor":16}],"player_experience":655172,"relics_obtained":[{"floor":6,"key":"Shuriken"},{"floor":8,"key":"Pear"},{"floor":9,"key":"Lantern"}],"event_choices":[{"damage_healed":0,"gold_gain":0,"player_choice":"Take Wound","damage_taken":0,"relics_obtained":["Golden Idol"],"max_hp_gain":0,"max_hp_loss":0,"event_name":"Golden Idol","floor":2,"gold_loss":0,"cards_obtained":["Injury"]},{"damage_healed":0,"gold_gain":0,"player_choice":"Leave","damage_taken":0,"max_hp_gain":0,"max_hp_loss":0,"event_name":"The Cleric","floor":4,"gold_loss":0},{"damage_healed":0,"gold_gain":0,"player_choice":"Ignored","damage_taken":0,"max_hp_gain":0,"max_hp_loss":0,"event_name":"Liars Game","floor":11,"gold_loss":0}],"is_beta":false,"boss_relics":[{"not_picked":["Philosopher\u0027s Stone","Snecko Eye"],"picked":"Pandora\u0027s Box"}],"items_purged_floors":[3],"is_endless":false,"potions_floor_spawned":[10,14],"killed_by":"Chosen","ascension_level":17}