{"gold_per_floor":[115,40,59,59,79,110,124,124,150,160,130,144,174,186,186,286,286,298,308,308,322,332,366,366,399,399,413,413,423,456,471,471,471],"floor_reached":33,"playtime":2471,"items_purged":[],"score":338,"play_id":"3e8d7ea1-8f26-4183-8fa8-7d43e9e5c6b7","local_time":"20190105011028","is_ascension_mode":false,"campfire_choices":[{"data":"Noxious Fumes","floor":8,"key":"SMITH"},{"data":"Noxious Fumes","floor":15,"key":"SMITH"},{"floor":24,"key":"REST"},{"data":"Noxious Fumes","floor":32,"key":"SMITH"}],"neow_cost":"NONE","seed_source_timestamp":616785202279626,"circlet_count":0,"master_deck":["Defend_G+1","Defend_G+1","Defend_G+1","Defend_G+1","Defend_G+1","Strike_G+1","Strike_G+1","Strike_G+1","Strike_G+1","Survivor","Neutralize+1","Outmaneuver","Noxious Fumes+1","Noxious Fumes+1","Backflip","Prepared","PiercingWail","Leg Sweep","Deflect","Poisoned Stab","Poisoned Stab","Distraction","Tools of the Trade","Flechettes","Reflex","Bane","Deadly Poison","Noxious Fumes+1","A Thousand Cuts","Blur","Well Laid Plans+1"],"relics":["Ring of the Snake","PreservedInsect","Snake Skull","Odd Mushroom","Sozu","Strawberry","Regal Pillow","Frozen Egg 2","Paper Crane","Orichalcum"],"potions_floor_usage":[16,23,25],"damage_taken":[{"damage":0,"enemies":"Cultist","floor":1,"turns":4},{"damage":0,"enemies":"2 Louse","floor":3,"turns":3},{"damage":1,"enemies":"Jaw Worm","floor":5,"turns":5},{"damage":9,"enemies":"3 Sentries","floor":6,"turns":8},{"damage":0,"enemies":"Red Slaver","floor":7,"turns":5},{"damage":10,"enemies":"Large Slime","floor":10,"turns":8},{"damage":2,"enemies":"Looter","floor":11,"turns":4},{"damage":0,"enemies":"2 Fungi Beasts","floor":12,"turns":4},{"damage":9,"enemies":"The Mushroom Lair","floor":13,"turns":5},{"damage":4,"enemies":"Large Slime","floor":14,"turns":7},{"damage":14,"enemies":"The Guardian","floor":16,"turns":8},{"damage":24,"enemies":"2 Thieves","floor":18,"turns":5},{"damage":8,"enemies":"Chosen","floor":19,"turns":5},{"damage":0,"enemies":"Centurion and Healer","floor":21,"turns":6},{"damage":1,"enemies":"Snake Plant","floor":22,"turns":4},{"damage":18,"enemies":"Slavers","floor":23,"turns":5},{"damage":0,"enemies":"Book of Stabbing","floor":25,"turns":6},{"damage":0,"enemies":"3 Cultists","floor":27,"turns":5},{"damage":18,"enemies":"Sentry and Sphere","floor":29,"turns":5},{"damage":12,"enemies":"Gremlin Leader","floor":30,"turns":6},{"damage":0,"enemies":"Snecko","floor":31,"turns":5},{"damage":19,"enemies":"Collector","floor":33,"turns":2}],"seed_played":"-4489420969071073693","potions_obtained":[{"floor":3,"key":"PowerPotion"},{"floor":6,"key":"Swift Potion"},{"floor":10,"key":"Strength Potion"},{"floor":12,"key":"PowerPotion"},{"floor":16,"key":"Swift Potion"}],"is_trial":false,"path_per_floor":["M","$","M","?","M","E","M","R","T","M","M","M","?","M","R","B",null,"M","M","?","M","M","E","R","E","T","M","T","M","E","M","R","B"],"character_chosen":"THE_SILENT","items_purchased":["Noxious Fumes"],"campfire_rested":1,"item_purchase_floors":[2],"current_hp_per_floor":[70,70,70,70,69,60,60,60,60,50,48,48,39,35,35,21,70,46,38,38,38,37,26,49,49,49,49,49,31,19,19,19,0],"gold":471,"neow_bonus":"UPGRADE_CARD","is_prod":false,"is_daily":false,"chose_seed":false,"campfire_upgraded":3,"win_rate":0.0,"timestamp":1546668628,"path_taken":["M","?","M","?","M","E","M","R","T","M","M","?","?","M","R","BOSS","M","M","?","M","M","E","R","E","T","M","?","M","E","M","R","BOSS"],"build_version":"2019-01-03v4","purchased_purges":0,"victory":false,"max_hp_per_floor":[70,70,70,70,70,70,70,70,70,70,70,70,70,70,70,70,70,70,70,70,70,70,77,77,77,77,77,77,77,77,77,77,77],"card_choices":[{"not_picked":["Deflect","Quick Slash"],"picked":"Outmaneuver","floor":1},{"not_picked":["Deadly Poison","Flechettes"],"picked":"Noxious Fumes","floor":3},{"not_picked":["Sucker Punch","Flying Knee"],"picked":"Backflip","floor":5},{"not_picked":["Quick Slash","Flying Knee"],"picked":"Prepared","floor":6},{"not_picked":["Dagger Spray","Deadly Poison"],"picked":"PiercingWail","floor":7},{"not_picked":["Outmaneuver","Skewer"],"picked":"Leg Sweep","floor":10},{"not_picked":["Unload","Flying Knee"],"picked":"Deflect","floor":11},{"not_picked":["Outmaneuver","Tactician"],"picked":"Poisoned Stab","floor":12},{"not_picked":["Choke","Sucker Punch"],"picked":"Poisoned Stab","floor":13},{"not_picked":["Endless Agony","Caltrops"],"picked":"Distraction","floor":14},{"not_picked":["Phantasmal Killer","Adrenaline"],"picked":"Tools of the Trade","floor":16},{"not_picked":["Dagger Spray+1","Dagger Throw+1"],"picked":"Flechettes","floor":18},{"not_picked":["Flying Knee","Flechettes+1"],"picked":"Reflex","floor":19},{"not_picked":["Blade Dance","Tactician+1"],"picked":"Bane","floor":21},{"not_picked":["Slice","Outmaneuver"],"picked":"Deadly Poison","floor":22},{"not_picked":["Dash","Backstab+1"],"picked":"Noxious Fumes","floor":23},{"not_picked":["Blade Dance+1","Flying Knee+1"],"picked":"A Thousand Cuts","floor":25},{"not_picked":["Calculated Gamble","Riddle With Holes+1"],"picked":"Blur","floor":27},{"not_picked":["Outmaneuver","Sucker Punch","Slice+1"],"picked":"SKIP","floor":29},{"not_picked":["Sucker Punch","Riddle With Holes+1"],"picked":"Well Laid Plans+1","floor":30},{"not_picked":["Heel Hook","Predator","Finisher"],"picked":"SKIP","floor":31}],"player_experience":20977,"relics_obtained":[{"floor":6,"key":"PreservedInsect"},{"floor":9,"key":"Snake Skull"},{"floor":13,"key":"Odd Mushroom"},{"floor":23,"key":"Strawberry"},{"floor":25,"key":"Regal Pillow"},{"floor":26,"key":"Frozen Egg 2"},{"floor":28,"key":"Paper Crane"},{"floor":30,"key":"Orichalcum"}],"event_choices":[{"cards_removed":["Strike_G"],"damage_healed":0,"gold_gain":0,"player_choice":"Offered Basic","damage_taken":0,"max_hp_gain":0,"max_hp_loss":0,"event_name":"Bonfire Elementals","floor":4,"gold_loss":0},{"damage_healed":0,"gold_gain":0,"player_choice":"Fought Mushrooms","damage_taken":0,"max_hp_gain":0,"max_hp_loss":0,"event_name":"Mushrooms","floor":13,"gold_loss":0},{"damage_healed":0,"gold_gain":0,"player_choice":"Simplicity","damage_taken":0,"max_hp_gain":0,"max_hp_loss":0,"event_name":"Back to Basics","floor":20,"gold_loss":0,"cards_upgraded":["Defend_G","Defend_G","Defend_G","Defend_G","Defend_G","Strike_G","Strike_G","Strike_G","Strike_G"]}],"is_beta":false,"boss_relics":[{"not_picked":["Coffee Dripper","Runic Pyramid"],"picked":"Sozu"}],"items_purged_floors":[],"is_endless":false,"potions_floor_spawned":[3,6,10,12,14,16,19,23,25,27,31],"killed_by":"Collector","ascension_level":0}