{"gold_per_floor":[118,129,129,145,70,70,82,99,99,115,115,128,146,178,178,273,273,284,40,40,110,110,110],"floor_reached":23,"playtime":2154,"items_purged":["Strike_R","Perfected Strike"],"score":237,"play_id":"85627016-1cdf-4501-89b8-602d7305e3ef","local_time":"20190202141056","is_ascension_mode":true,"campfire_choices":[{"data":"Bash","floor":6,"key":"SMITH"},{"floor":11,"key":"REST"},{"floor":15,"key":"REST"}],"neow_cost":"NONE","seed_source_timestamp":624296150435615,"circlet_count":0,"master_deck":["Bash+1","Brutality","Corruption","Dropkick","Metallicize","True Grit","Sentinel","Dark Embrace","Barricade","Sentinel","Pummel","Rage","Iron Wave","Clash","Body Slam","Impervious","Ghostly","Ghostly","Ghostly","Ghostly","Ghostly"],"relics":["Burning Blood","War Paint","Orichalcum","Pandora\u0027s Box","Pear"],"potions_floor_usage":[16,18],"damage_taken":[{"damage":2,"enemies":"Jaw Worm","floor":1,"turns":5},{"damage":0,"enemies":"Cultist","floor":2,"turns":3},{"damage":7,"enemies":"Small Slimes","floor":4,"turns":4},{"damage":59,"enemies":"Exordium Thugs","floor":7,"turns":7},{"damage":6,"enemies":"Looter","floor":8,"turns":4},{"damage":12,"enemies":"Gremlin Gang","floor":10,"turns":7},{"damage":0,"enemies":"Exordium Wildlife","floor":12,"turns":5},{"damage":7,"enemies":"3 Louse","floor":13,"turns":5},{"damage":17,"enemies":"Gremlin Nob","floor":14,"turns":5},{"damage":52,"enemies":"The Guardian","floor":16,"turns":19},{"damage":49,"enemies":"Spheric Guardian","floor":18,"turns":8},{"damage":56,"enemies":"Gremlin Leader","floor":23,"turns":11}],"seed_played":"1286166188504765520","potions_obtained":[{"floor":2,"key":"BloodPotion"},{"floor":7,"key":"Ancient Potion"},{"floor":13,"key":"Energy Potion"},{"floor":14,"key":"Dexterity Potion"},{"floor":16,"key":"SteroidPotion"}],"is_trial":false,"path_per_floor":["M","M","?","M","$","R","M","M","T","M","R","M","M","E","R","B",null,"M","$","?","T","?","E"],"character_chosen":"IRONCLAD","items_purchased":["Impervious"],"campfire_rested":2,"item_purchase_floors":[19],"current_hp_per_floor":[80,80,80,79,79,79,26,26,26,20,44,50,49,38,62,16,80,37,37,37,47,47,0],"gold":110,"neow_bonus":"TRANSFORM_CARD","is_prod":false,"is_daily":false,"chose_seed":false,"campfire_upgraded":1,"win_rate":0,"timestamp":1549113056,"path_taken":["M","M","?","M","$","R","M","M","T","M","R","?","M","E","R","BOSS","M","$","?","?","?","E"],"build_version":"2019-01-23","purchased_purges":2,"victory":false,"max_hp_per_floor":[80,80,80,80,80,80,80,80,80,80,80,80,80,80,80,80,80,80,80,40,50,50,50],"card_choices":[{"not_picked":["Flex","Clash","Iron Wave"],"picked":"SKIP","floor":1},{"not_picked":["Sword Boomerang","Dual Wield","Clothesline"],"picked":"SKIP","floor":2},{"not_picked":["Flex","Perfected Strike"],"picked":"Corruption","floor":4},{"not_picked":["Sword Boomerang","Second Wind"],"picked":"Dropkick","floor":7},{"not_picked":["Sever Soul","Pommel Strike"],"picked":"Metallicize","floor":8},{"not_picked":["Clothesline","Warcry"],"picked":"True Grit","floor":10},{"not_picked":["Dual Wield","Intimidate"],"picked":"Sentinel","floor":12},{"not_picked":["Warcry","Sword Boomerang"],"picked":"Dark Embrace","floor":13},{"not_picked":["Blood for Blood","Searing Blow","Clash"],"picked":"SKIP","floor":14},{"not_picked":["Juggernaut","Berserk"],"picked":"Barricade","floor":16},{"not_picked":["Sever Soul","Flex"],"picked":"Body Slam","floor":18}],"player_experience":66300,"relics_obtained":[{"floor":9,"key":"War Paint"},{"floor":14,"key":"Orichalcum"},{"floor":21,"key":"Pear"}],"event_choices":[{"damage_healed":0,"gold_gain":0,"cards_transformed":["Defend_R"],"player_choice":"Transformed","damage_taken":0,"max_hp_gain":0,"max_hp_loss":0,"event_name":"Transmorgrifier","floor":3,"gold_loss":0,"cards_obtained":["Brutality"]},{"damage_healed":0,"gold_gain":0,"player_choice":"Became a Ghost","damage_taken":0,"max_hp_gain":0,"max_hp_loss":40,"event_name":"Ghosts","floor":20,"gold_loss":0,"cards_obtained":["Ghostly","Ghostly","Ghostly","Ghostly","Ghostly"]},{"cards_removed":["Clothesline"],"damage_healed":0,"gold_gain":0,"player_choice":"Purged","damage_taken":0,"max_hp_gain":0,"max_hp_loss":0,"event_name":"Purifier","floor":22,"gold_loss":0}],"is_beta":false,"boss_relics":[{"not_picked":["Black Blood","Runic Dome"],"picked":"Pandora\u0027s Box"}],"items_purged_floors":[5,19],"is_endless":false,"potions_floor_spawned":[2,7,13,14,16],"killed_by":"Gremlin Leader","ascension_level":2}