{"gold_per_floor":[117,192,207,217,18,18,50,50,77,77,103,103,136,150,150,247,247,264,264,299,299,314,314,414,55,80,179,179,179,189,189,189,189],"floor_reached":33,"playtime":1160,"items_purged":[],"score":401,"play_id":"281d07f2-5f01-4c39-989f-7d88f27aa361","local_time":"20190123210238","is_ascension_mode":true,"campfire_choices":[{"data":"Uppercut","floor":6.0,"key":"SMITH"},{"floor":8.0,"key":"REST"},{"data":"Bash","floor":10.0,"key":"SMITH"},{"floor":12.0,"key":"REST"},{"data":"Perfected Strike","floor":15.0,"key":"SMITH"},{"floor":23.0,"key":"REST"},{"floor":29.0,"key":"REST"},{"floor":32.0,"key":"REST"}],"neow_cost":"TEN_PERCENT_HP_LOSS","seed_source_timestamp":607895401730600,"circlet_count":0,"master_deck":["Strike_R","Strike_R","Strike_R","Strike_R","Strike_R","Defend_R","Defend_R","Defend_R","Defend_R+1","Bash+1","Double Tap","True Grit+1","Uppercut+1","Cleave","Headbutt","Disarm","Perfected Strike+1","Perfected Strike","Barricade","Combust+1","J.A.X.","Perfected Strike","Warcry+1","Perfected Strike","True Grit+1","Armaments+1","Flame Barrier+1"],"special_seed":0,"relics":["Burning Blood","ClockworkSouvenir","Strawberry","Red Skull","War Paint","Pen Nib","Philosopher\u0027s Stone","Red Mask","Incense Burner","Shuriken","Toxic Egg 2","Orichalcum","Nilry\u0027s Codex"],"potions_floor_usage":[33],"damage_taken":[{"damage":12.0,"enemies":"Small Slimes","floor":1.0,"turns":4.0},{"damage":10.0,"enemies":"2 Louse","floor":3.0,"turns":3.0},{"damage":11.0,"enemies":"Jaw Worm","floor":4.0,"turns":4.0},{"damage":43.0,"enemies":"3 Sentries","floor":7.0,"turns":7.0},{"damage":17.0,"enemies":"Gremlin Nob","floor":11.0,"turns":4.0},{"damage":5.0,"enemies":"Lagavulin","floor":13.0,"turns":7.0},{"damage":0.0,"enemies":"Large Slime","floor":14.0,"turns":4.0},{"damage":32.0,"enemies":"Hexaghost","floor":16.0,"turns":9.0},{"damage":46.0,"enemies":"3 Byrds","floor":18.0,"turns":5.0},{"damage":8.0,"enemies":"Masked Bandits","floor":20.0,"turns":3.0},{"damage":20.0,"enemies":"2 Thieves","floor":22.0,"turns":4.0},{"damage":6.0,"enemies":"Colosseum Slavers","floor":24.0,"turns":2.0},{"damage":12.0,"enemies":"Colosseum Nobs","floor":24.0,"turns":4.0},{"damage":16.0,"enemies":"Snake Plant","floor":30.0,"turns":4.0},{"damage":48,"enemies":"Automaton","floor":33,"turns":6}],"seed_played":"-7878768219697875626","potions_obtained":[{"floor":7.0,"key":"Strength Potion"},{"floor":11.0,"key":"Ancient Potion"},{"floor":16.0,"key":"Block Potion"},{"floor":18.0,"key":"Fire Potion"},{"floor":20.0,"key":"Strength Potion"}],"is_trial":false,"path_per_floor":["M","?","M","M","$","R","E","R","T","R","E","R","E","M","R","B",null,"M","$","?","?","M","R","?","$","T","?","?","R","M","?","R","B"],"character_chosen":"IRONCLAD","items_purchased":["ClockworkSouvenir","Perfected Strike","Toxic Egg 2","True Grit+1"],"campfire_rested":5,"item_purchase_floors":[5,25,25,25],"current_hp_per_floor":[66,55,51,46,46,46,16,39,39,39,28,51,52,58,58,32,67,27,27,25,25,11,34,28,28,28,28,12,35,25,25,48,0],"gold":189,"neow_bonus":"THREE_RARE_CARDS","is_prod":false,"is_daily":false,"chose_seed":false,"campfire_upgraded":3,"win_rate":0,"timestamp":1548277358,"path_taken":["M","?","M","M","$","R","E","R","T","R","E","R","E","M","R","BOSS","M","$","?","?","M","R","?","$","T","?","?","R","M","?","R","BOSS"],"build_version":"2019-01-23","purchased_purges":0,"victory":false,"max_hp_per_floor":[72,72,72,72,72,72,79,79,79,79,79,79,79,79,79,79,79,79,79,79,79,79,79,79,79,79,79,79,79,79,79,79,79],"card_choices":[{"not_picked":["Demon Form","Bludgeon"],"picked":"Double Tap","floor":0.0},{"not_picked":["Armaments","Burning Pact"],"picked":"True Grit","floor":1.0},{"not_picked":["Flex","Feel No Pain"],"picked":"Uppercut","floor":3.0},{"not_picked":["Twin Strike","Havoc"],"picked":"Cleave","floor":4.0},{"not_picked":["Fire Breathing","Flex"],"picked":"Headbutt","floor":7.0},{"not_picked":["Headbutt","Wild Strike"],"picked":"Disarm","floor":11.0},{"not_picked":["Juggernaut","Infernal Blade"],"picked":"Perfected Strike","floor":13.0},{"not_picked":["Intimidate","Uppercut"],"picked":"Perfected Strike","floor":14.0},{"not_picked":["Exhume","Limit Break"],"picked":"Barricade","floor":16.0},{"not_picked":["Sword Boomerang","Heavy Blade"],"picked":"Combust+1","floor":18.0},{"not_picked":["Clothesline","Headbutt"],"picked":"Perfected Strike","floor":22.0},{"not_picked":["Clothesline","Sword Boomerang+1"],"picked":"Warcry+1","floor":24.0},{"not_picked":["Cleave","Intimidate+1"],"picked":"Armaments+1","floor":30.0}],"player_experience":158674,"relics_obtained":[{"floor":7.0,"key":"Strawberry"},{"floor":9.0,"key":"Red Skull"},{"floor":11.0,"key":"War Paint"},{"floor":13.0,"key":"Pen Nib"},{"floor":20.0,"key":"Red Mask"},{"floor":24.0,"key":"Incense Burner"},{"floor":24.0,"key":"Shuriken"},{"floor":26.0,"key":"Orichalcum"},{"floor":28.0,"key":"Nilry\u0027s Codex"}],"event_choices":[{"damage_healed":0.0,"max_hp_gain":0.0,"max_hp_loss":0.0,"gold_gain":75.0,"event_name":"World of Goop","player_choice":"Gather Gold","floor":2.0,"gold_loss":0.0,"damage_taken":11.0},{"damage_healed":0.0,"max_hp_gain":0.0,"max_hp_loss":0.0,"gold_gain":0.0,"event_name":"Masked Bandits","player_choice":"Fought Bandits","floor":20.0,"gold_loss":0.0,"damage_taken":0.0},{"damage_healed":0.0,"max_hp_gain":0.0,"max_hp_loss":0.0,"gold_gain":0.0,"event_name":"Drug Dealer","player_choice":"Obtain J.A.X.","floor":21.0,"gold_loss":0.0,"damage_taken":0.0,"cards_obtained":["J.A.X."]},{"damage_healed":0.0,"max_hp_gain":0.0,"max_hp_loss":0.0,"gold_gain":0.0,"event_name":"Colosseum","player_choice":"Fight","floor":24.0,"gold_loss":0.0,"damage_taken":0.0},{"damage_healed":0.0,"max_hp_gain":0.0,"max_hp_loss":0.0,"gold_gain":0.0,"event_name":"Colosseum","player_choice":"Fought Nobs","floor":24.0,"gold_loss":0.0,"damage_taken":0.0},{"damage_healed":0.0,"max_hp_gain":0.0,"max_hp_loss":0.0,"gold_gain":99.0,"event_name":"Nest","player_choice":"Stole From Cult","floor":27.0,"gold_loss":0.0,"damage_taken":0.0},{"damage_healed":0.0,"max_hp_gain":0.0,"max_hp_loss":0.0,"gold_gain":0.0,"event_name":"Cursed Tome","player_choice":"Obtained Book","floor":28.0,"gold_loss":0.0,"damage_taken":16.0},{"damage_healed":0.0,"max_hp_gain":0.0,"max_hp_loss":0.0,"gold_gain":0.0,"event_name":"The Library","player_choice":"Read","floor":31.0,"gold_loss":0.0,"damage_taken":0.0,"cards_obtained":["Flame Barrier"]}],"is_beta":false,"boss_relics":[{"not_picked":["Eternal Feather","Pandora\u0027s Box"],"picked":"Philosopher\u0027s Stone"}],"items_purged_floors":[],"is_endless":false,"potions_floor_spawned":[7,11,16,18,20,30],"killed_by":"Automaton","ascension_level":9}