{"gold_per_floor":[111,122,122,9,34,63,82,82,82,102,116,116,116,135,135,231,231,250,250,250,112,127,160],"floor_reached":23,"playtime":790,"items_purged":["Decay","Strike_B"],"score":211,"play_id":"7e1432f8-1b51-4843-b1ac-0add5d4863cf","local_time":"20190201234538","is_ascension_mode":false,"campfire_choices":[{"data":"Conserve Battery","floor":8,"key":"SMITH"},{"floor":13,"key":"REST"},{"floor":15,"key":"REST"}],"neow_cost":"NONE","seed_source_timestamp":269943822844954,"circlet_count":0,"master_deck":["Strike_B","Strike_B","Strike_B","Defend_B","Defend_B","Defend_B","Zap","Dualcast","Chill","Storm","Storm","Conserve Battery+1","Seek","Conserve Battery","FTL","White Noise","Meteor Strike","Coolheaded+1","Creative AI","Melter","Capacitor"],"relics":["Cracked Core","Smiling Mask"],"potions_floor_usage":[11,23],"damage_taken":[{"damage":1,"enemies":"Jaw Worm","floor":1,"turns":3},{"damage":0,"enemies":"Cultist","floor":2,"turns":3},{"damage":38,"enemies":"Gremlin Nob","floor":6,"turns":5},{"damage":1,"enemies":"2 Louse","floor":7,"turns":2},{"damage":3,"enemies":"Gremlin Gang","floor":10,"turns":6},{"damage":9,"enemies":"Exordium Thugs","floor":11,"turns":5},{"damage":8,"enemies":"2 Fungi Beasts","floor":14,"turns":4},{"damage":10,"enemies":"The Guardian","floor":16,"turns":10},{"damage":9,"enemies":"Chosen","floor":18,"turns":5},{"damage":0,"enemies":"Spheric Guardian","floor":22,"turns":1},{"damage":68,"enemies":"Book of Stabbing","floor":23,"turns":7}],"seed_played":"114322407750438121","potions_obtained":[{"floor":1,"key":"LiquidBronze"},{"floor":7,"key":"Explosive Potion"},{"floor":10,"key":"Block Potion"},{"floor":14,"key":"EssenceOfSteel"},{"floor":16,"key":"FocusPotion"},{"floor":22,"key":"PowerPotion"}],"is_trial":false,"path_per_floor":["M","M","?","$","T","E","M","R","T","M","M","?","R","M","R","B",null,"M","$","?","$","M","E"],"character_chosen":"DEFECT","items_purchased":["Storm","Melter"],"campfire_rested":2,"item_purchase_floors":[4,21],"current_hp_per_floor":[81,81,81,81,81,43,42,42,42,39,30,23,47,39,63,53,82,73,73,73,73,73,5],"gold":160,"neow_bonus":"TEN_PERCENT_HP_BONUS","is_prod":false,"is_daily":false,"chose_seed":false,"campfire_upgraded":1,"win_rate":0,"timestamp":1549077338,"path_taken":["M","M","?","$","?","E","M","R","T","?","M","?","R","M","R","BOSS","M","$","?","$","?","E"],"build_version":"2019-01-23","purchased_purges":2,"victory":false,"max_hp_per_floor":[82,82,82,82,82,82,82,82,82,82,82,82,82,82,82,82,82,82,82,82,82,82,82],"card_choices":[{"not_picked":["Hello World","Blizzard"],"picked":"Chill","floor":1},{"not_picked":["Barrage","Leap"],"picked":"Storm","floor":2},{"not_picked":["Chaos","Hologram"],"picked":"Conserve Battery","floor":6},{"not_picked":["Conserve Battery","Coolheaded"],"picked":"Seek","floor":7},{"not_picked":["Rebound","Leap"],"picked":"Conserve Battery","floor":10},{"not_picked":["Reinforced Body","Ball Lightning"],"picked":"FTL","floor":11},{"not_picked":["Rebound","Glacier"],"picked":"White Noise","floor":14},{"not_picked":["All For One","Rainbow"],"picked":"Meteor Strike","floor":16},{"not_picked":["Sweeping Beam+1","Gash"],"picked":"Coolheaded+1","floor":18},{"not_picked":["Hologram","Redo"],"picked":"Capacitor","floor":22},{"not_picked":["Sweeping Beam+1","Gash+1","Streamline"],"picked":"SKIP","floor":23}],"player_experience":313047,"relics_obtained":[{"floor":23,"key":"Smiling Mask"}],"event_choices":[{"damage_healed":0,"gold_gain":0,"player_choice":"Cursed","damage_taken":0,"max_hp_gain":0,"max_hp_loss":0,"event_name":"Wheel of Change","floor":3,"gold_loss":0,"cards_obtained":["Decay"]},{"cards_removed":["Defend_B"],"damage_healed":0,"gold_gain":0,"player_choice":"Card Removal","damage_taken":7,"max_hp_gain":0,"max_hp_loss":0,"event_name":"Golden Wing","floor":12,"gold_loss":0},{"damage_healed":0,"gold_gain":0,"player_choice":"1 cards matched","damage_taken":0,"max_hp_gain":0,"max_hp_loss":0,"event_name":"Match and Keep!","floor":20,"gold_loss":0,"cards_obtained":["Creative AI"]}],"is_beta":false,"boss_relics":[{"not_picked":["Sozu","Runic Pyramid","Pandora\u0027s Box"]}],"items_purged_floors":[4,21],"is_endless":false,"potions_floor_spawned":[1,7,10,14,16,22],"killed_by":"Book of Stabbing","ascension_level":0}