{"gold_per_floor":[112,127,146,156,81,106,106,131,157,173,188,221,221,235,235,338,338,358,358,378,395,14,76,76,109,135,152,178,197,227,243,243,340,340,353,51,51,71,21,53,53,80,80,80,80,97,113,63,63,63],"floor_reached":51,"playtime":4680,"items_purged":["Defend_G","Defend_G","Strike_G","Strike_G"],"score":823,"play_id":"17768ffa-70be-4168-b2aa-e7a83c6a06e2","local_time":"20181229164721","is_ascension_mode":true,"campfire_choices":[{"data":"Poisoned Stab","floor":7,"key":"SMITH"},{"data":"Backflip","floor":15,"key":"SMITH"},{"data":"Glass Knife","floor":24,"key":"SMITH"},{"data":"Adrenaline","floor":32,"key":"SMITH"},{"data":"Catalyst","floor":41,"key":"SMITH"},{"data":"Catalyst","floor":45,"key":"SMITH"},{"data":"Bouncing Flask","floor":49,"key":"SMITH"}],"neow_cost":"NONE","seed_source_timestamp":666355460963404,"circlet_count":0,"master_deck":["Defend_G","Defend_G+1","Defend_G","Strike_G","Survivor","Neutralize+1","PiercingWail","Backflip+1","Poisoned Stab+1","Bane","Bouncing Flask+1","Glass Knife+1","Poisoned Stab+1","Catalyst+1","Adrenaline+1","Bane+1","Bane+1","Corpse Explosion","Catalyst+1","Escape Plan","Glass Knife","Tools of the Trade","Escape Plan+1","Catalyst+1"],"relics":["Ring of the Snake","Dream Catcher","Blood Vial","Orichalcum","Empty Cage","Nloth\u0027s Gift","TwistedFunnel","Tiny Chest","Meat on the Bone","Snake Skull","Smiling Mask","Anchor","Orrery","War Paint","Vajra","Molten Egg 2","Centennial Puzzle","Mummified Hand"],"potions_floor_usage":[12,16,16,16,16,28,33,33,42,42,50,50,50],"damage_taken":[{"damage":0,"enemies":"Cultist","floor":1,"turns":4},{"damage":0,"enemies":"Jaw Worm","floor":2,"turns":4},{"damage":5,"enemies":"2 Louse","floor":3,"turns":4},{"damage":3,"enemies":"Large Slime","floor":4,"turns":9},{"damage":25,"enemies":"Lagavulin","floor":6,"turns":9},{"damage":21,"enemies":"Gremlin Nob","floor":8,"turns":5},{"damage":0,"enemies":"3 Louse","floor":10,"turns":3},{"damage":0,"enemies":"Blue Slaver","floor":11,"turns":4},{"damage":15,"enemies":"3 Sentries","floor":12,"turns":9},{"damage":0,"enemies":"Looter","floor":14,"turns":3},{"damage":15,"enemies":"Slime Boss","floor":16,"turns":16},{"damage":5,"enemies":"Spheric Guardian","floor":18,"turns":5},{"damage":4,"enemies":"2 Thieves","floor":20,"turns":4},{"damage":19,"enemies":"Centurion and Healer","floor":21,"turns":7},{"damage":10,"enemies":"Book of Stabbing","floor":23,"turns":4},{"damage":17,"enemies":"Slavers","floor":25,"turns":5},{"damage":4,"enemies":"Cultist and Chosen","floor":27,"turns":4},{"damage":13,"enemies":"Book of Stabbing","floor":28,"turns":4},{"damage":0,"enemies":"Snake Plant","floor":29,"turns":2},{"damage":5,"enemies":"Gremlin Leader","floor":30,"turns":5},{"damage":7,"enemies":"Snecko","floor":31,"turns":3},{"damage":33,"enemies":"Automaton","floor":33,"turns":7},{"damage":0,"enemies":"Orb Walker","floor":35,"turns":2},{"damage":0,"enemies":"3 Shapes","floor":38,"turns":2},{"damage":22,"enemies":"Giant Head","floor":40,"turns":6},{"damage":43,"enemies":"Nemesis","floor":42,"turns":5},{"damage":0,"enemies":"Jaw Worm Horde","floor":46,"turns":2},{"damage":0,"enemies":"Maw","floor":47,"turns":4},{"damage":68,"enemies":"Awakened One","floor":50,"turns":10}],"seed_played":"8039901111165381673","potions_obtained":[{"floor":1,"key":"SpeedPotion"},{"floor":3,"key":"Block Potion"},{"floor":4,"key":"Explosive Potion"},{"floor":10,"key":"GhostInAJar"},{"floor":11,"key":"Swift Potion"},{"floor":20,"key":"AttackPotion"},{"floor":21,"key":"Dexterity Potion"},{"floor":27,"key":"Fire Potion"},{"floor":28,"key":"LiquidBronze"},{"floor":31,"key":"SkillPotion"},{"floor":40,"key":"SkillPotion"},{"floor":42,"key":"Weak Potion"},{"floor":47,"key":"Regen Potion"}],"is_trial":false,"path_per_floor":["M","M","M","M","$","E","R","E","T","M","M","E","?","M","R","B",null,"M","?","M","M","$","E","R","E","T","M","E","M","E","M","R","B",null,"M","$","?","M","$","E","R","E","T","?","R","M","M","$","R","B",null],"character_chosen":"THE_SILENT","items_purchased":["TwistedFunnel","Catalyst","War Paint","Vajra"],"campfire_rested":0,"item_purchase_floors":[22,22,36,36],"current_hp_per_floor":[70,70,65,62,62,37,37,16,16,18,20,7,12,14,14,1,75,70,70,68,51,51,43,43,28,28,38,39,41,38,45,45,26,75,75,75,71,71,71,49,49,20,20,62,62,62,62,62,62,21],"gold":63,"neow_bonus":"UPGRADE_CARD","is_prod":false,"is_daily":false,"chose_seed":false,"campfire_upgraded":7,"win_rate":0,"timestamp":1546114641,"path_taken":["M","M","?","M","?","E","R","E","T","M","?","E","?","M","R","BOSS","M","?","M","?","$","E","R","E","T","M","E","M","E","M","R","BOSS","M","$","?","M","$","E","R","E","T","?","R","M","M","$","R","BOSS"],"build_version":"2018-12-20","purchased_purges":4,"victory":true,"max_hp_per_floor":[70,70,70,70,70,70,70,70,70,70,70,70,75,75,75,75,75,75,75,75,75,75,75,75,75,75,75,75,75,75,75,75,75,75,75,75,71,71,71,71,71,71,71,62,62,62,62,62,62,62],"card_choices":[{"not_picked":["Catalyst","Underhanded Strike"],"picked":"PiercingWail","floor":1},{"not_picked":["Dodge and Roll","Bouncing Flask","Distraction"],"picked":"SKIP","floor":2},{"not_picked":["Masterful Stab","Catalyst"],"picked":"Backflip","floor":3},{"not_picked":["Riddle With Holes","Bouncing Flask"],"picked":"Poisoned Stab","floor":4},{"not_picked":["Malaise","Dodge and Roll","Dagger Spray"],"picked":"SKIP","floor":6},{"not_picked":["Outmaneuver","Backflip","Doppelganger"],"picked":"SKIP","floor":8},{"not_picked":["Choke","Dash","Acrobatics"],"picked":"SKIP","floor":10},{"not_picked":["Finisher","Deflect"],"picked":"Bane","floor":11},{"not_picked":["Cloak And Dagger","Slice"],"picked":"Bouncing Flask","floor":12},{"not_picked":["Tactician","Malaise","Slice"],"picked":"SKIP","floor":14},{"not_picked":["Venomology","Doppelganger"],"picked":"Glass Knife","floor":16},{"not_picked":["Choke","Backflip","Slice"],"picked":"SKIP","floor":18},{"not_picked":["Underhanded Strike","Deflect","Dodge and Roll"],"picked":"SKIP","floor":20},{"not_picked":["Backstab","Storm of Steel"],"picked":"Poisoned Stab+1","floor":21},{"not_picked":["Venomology","Accuracy"],"picked":"Adrenaline","floor":23},{"not_picked":["Underhanded Strike","Sucker Punch"],"picked":"Bane+1","floor":25},{"not_picked":["Acrobatics","Malaise"],"picked":"Bane+1","floor":27},{"not_picked":["Unload","Deflect+1"],"picked":"Corpse Explosion","floor":28},{"not_picked":["Backstab","Blur","Accuracy"],"picked":"SKIP","floor":29},{"not_picked":["Deflect","PiercingWail"],"picked":"Catalyst","floor":30},{"not_picked":["Deadly Poison+1","Dagger Throw+1"],"picked":"Escape Plan","floor":31},{"not_picked":["Storm of Steel","Burst"],"picked":"Glass Knife","floor":33},{"not_picked":["Expertise","Blade Dance+1"],"picked":"Tools of the Trade","floor":34},{"not_picked":["Quick Slash","Leg Sweep"],"picked":"Escape Plan","floor":34},{"not_picked":["PiercingWail","Prepared"],"picked":"Catalyst+1","floor":34},{"not_picked":["After Image","Backflip+1","Cloak And Dagger+1"],"picked":"SKIP","floor":35},{"not_picked":["Quick Slash","Reflex+1","Distraction"],"picked":"SKIP","floor":38},{"not_picked":["Slice","Quick Slash","Dagger Spray+1"],"picked":"SKIP","floor":40},{"not_picked":["Dagger Throw+1","Acrobatics","Bane+1"],"picked":"SKIP","floor":42},{"not_picked":["Dodge and Roll","Dagger Throw+1","Heel Hook+1"],"picked":"SKIP","floor":46},{"not_picked":["Bane+1","Flechettes+1","Infinite Blades+1"],"picked":"SKIP","floor":47}],"player_experience":105163,"relics_obtained":[{"floor":6,"key":"Potion Belt"},{"floor":8,"key":"Dream Catcher"},{"floor":9,"key":"Blood Vial"},{"floor":12,"key":"Orichalcum"},{"floor":23,"key":"Tiny Chest"},{"floor":25,"key":"Meat on the Bone"},{"floor":26,"key":"Snake Skull"},{"floor":28,"key":"Smiling Mask"},{"floor":30,"key":"Anchor"},{"floor":40,"key":"Molten Egg 2"},{"floor":42,"key":"Centennial Puzzle"},{"floor":43,"key":"Mummified Hand"}],"event_choices":[{"damage_healed":0,"gold_gain":0,"player_choice":"Donut","damage_taken":0,"max_hp_gain":5,"max_hp_loss":0,"event_name":"Big Fish","floor":13,"gold_loss":0},{"damage_healed":0,"gold_gain":0,"player_choice":"Traded Relic","damage_taken":0,"relics_obtained":["Nloth\u0027s Gift"],"max_hp_gain":0,"max_hp_loss":0,"event_name":"N\u0027loth","floor":19,"relics_lost":["Potion Belt"],"gold_loss":0},{"damage_healed":0,"gold_gain":0,"player_choice":"Max HP","damage_taken":0,"max_hp_gain":0,"max_hp_loss":4,"event_name":"Winding Halls","floor":37,"gold_loss":0},{"damage_healed":62,"gold_gain":0,"player_choice":"Heal","damage_taken":0,"max_hp_gain":0,"max_hp_loss":9,"event_name":"The Moai Head","floor":44,"gold_loss":0}],"is_beta":false,"boss_relics":[{"not_picked":["Ring of the Serpent","HoveringKite"],"picked":"Empty Cage"},{"not_picked":["Black Star","Cursed Key"],"picked":"Orrery"}],"items_purged_floors":[5,22,39,48],"is_endless":false,"potions_floor_spawned":[1,3,4,10,11,20,21,27,28,31,40,42,47],"ascension_level":1}