{"gold_per_floor":[111,129,54,129,142,169,181,200,200,200,200,239,47,70,70,194,194,134,134,152,166,66,66],"floor_reached":23,"playtime":2738,"items_purged":["Strike_B","Strike_B"],"score":201,"play_id":"69e7f4e5-a013-4d74-9eac-d41b6017f5e8","local_time":"20190121094330","is_ascension_mode":false,"campfire_choices":[{"data":"Consume","floor":11,"key":"SMITH"},{"data":"Capacitor","floor":15,"key":"SMITH"}],"neow_cost":"NONE","seed_source_timestamp":577096996376457,"circlet_count":0,"master_deck":["Strike_B","Strike_B","Defend_B","Defend_B","Defend_B","Defend_B","Zap","Dualcast","Self Repair","Capacitor+1","Hologram","White Noise","Coolheaded","Consume+1","Multi-Cast","Go for the Eyes+1","Fission","Static Discharge","Necronomicurse","Loop","Storm"],"relics":["Cracked Core","Gremlin Horn","Molten Egg 2","Golden Idol","PreservedInsect","Lee\u0027s Waffle","Nuclear Battery","Necronomicon"],"potions_floor_usage":[6,12,16],"damage_taken":[{"damage":3,"enemies":"Jaw Worm","floor":1,"turns":4},{"damage":2,"enemies":"2 Louse","floor":2,"turns":3},{"damage":2,"enemies":"Small Slimes","floor":5,"turns":4},{"damage":36,"enemies":"Gremlin Nob","floor":6,"turns":5},{"damage":4,"enemies":"Blue Slaver","floor":7,"turns":4},{"damage":0,"enemies":"Large Slime","floor":8,"turns":7},{"damage":27,"enemies":"3 Sentries","floor":12,"turns":7},{"damage":39,"enemies":"Lots of Slimes","floor":14,"turns":5},{"damage":27,"enemies":"Slime Boss","floor":16,"turns":8},{"damage":7,"enemies":"2 Thieves","floor":18,"turns":4},{"damage":26,"enemies":"Spheric Guardian","floor":20,"turns":6},{"damage":57,"enemies":"3 Cultists","floor":21,"turns":5},{"damage":18,"enemies":"Gremlin Leader","floor":23,"turns":2}],"seed_played":"-2918090201071438626","potions_obtained":[{"floor":2,"key":"PowerPotion"},{"floor":5,"key":"FocusPotion"},{"floor":6,"key":"FairyPotion"},{"floor":12,"key":"PowerPotion"}],"is_trial":false,"path_per_floor":["M","M","$","?","M","E","M","M","T","?","R","E","$","M","R","B",null,"M","?","M","M","$","E"],"character_chosen":"DEFECT","items_purchased":["Lee\u0027s Waffle"],"campfire_rested":0,"item_purchase_floors":[13],"current_hp_per_floor":[79,82,82,71,76,47,50,57,57,37,37,17,89,57,57,37,89,89,73,54,15,15,0],"gold":66,"neow_bonus":"TEN_PERCENT_HP_BONUS","is_prod":false,"is_daily":false,"chose_seed":false,"campfire_upgraded":2,"win_rate":0.0,"timestamp":1548031410,"path_taken":["M","M","$","?","M","E","M","M","T","?","R","E","?","M","R","BOSS","M","?","M","M","$","E"],"build_version":"2019-01-17v2","purchased_purges":2,"victory":false,"max_hp_per_floor":[82,82,82,82,82,82,82,82,82,82,82,82,89,89,89,89,89,89,89,89,89,89,89],"card_choices":[{"not_picked":["Gash","Compile Driver"],"picked":"Self Repair","floor":1},{"not_picked":["Loop","Heatsinks"],"picked":"Capacitor","floor":2},{"not_picked":["Scrape","Gash"],"picked":"Hologram","floor":5},{"not_picked":["Rip and Tear","Conserve Battery"],"picked":"White Noise","floor":6},{"not_picked":["Stack","Ball Lightning"],"picked":"Coolheaded","floor":7},{"not_picked":["Leap","Loop"],"picked":"Consume","floor":8},{"not_picked":["Stack","Streamline+1"],"picked":"Multi-Cast","floor":12},{"not_picked":["Leap","Streamline+1"],"picked":"Go for the Eyes+1","floor":14},{"not_picked":["Biased Cognition","Buffer"],"picked":"Fission","floor":16},{"not_picked":["Cold Snap+1","Rebound+1"],"picked":"Static Discharge","floor":18},{"not_picked":["Hello World","Chill"],"picked":"Loop","floor":20},{"not_picked":["Double Energy","Redo"],"picked":"Storm","floor":21}],"player_experience":11920,"relics_obtained":[{"floor":6,"key":"Gremlin Horn"},{"floor":9,"key":"Molten Egg 2"},{"floor":12,"key":"PreservedInsect"},{"floor":19,"key":"Necronomicon"}],"event_choices":[{"damage_healed":0,"gold_gain":75,"player_choice":"Gather Gold","damage_taken":11,"max_hp_gain":0,"max_hp_loss":0,"event_name":"World of Goop","floor":4,"gold_loss":0},{"damage_healed":0,"gold_gain":0,"player_choice":"Take Damage","damage_taken":20,"relics_obtained":["Golden Idol"],"max_hp_gain":0,"max_hp_loss":0,"event_name":"Golden Idol","floor":10,"gold_loss":0},{"damage_healed":0,"gold_gain":0,"player_choice":"Obtained Book","damage_taken":16,"max_hp_gain":0,"max_hp_loss":0,"event_name":"Cursed Tome","floor":19,"gold_loss":0}],"is_beta":false,"boss_relics":[{"not_picked":["Tiny House","FrozenCore"],"picked":"Nuclear Battery"}],"items_purged_floors":[3,22],"is_endless":false,"potions_floor_spawned":[2,5,6,12],"killed_by":"Gremlin Leader","ascension_level":0}