{"gold_per_floor":[111,111,111,111,36,66,66,81,81,100,113,13,13,13,13,117,117,132,7,27,27,43,43,63,81,108,108,122,122,122,122,122,226,226,244,154,4,17,27,27,59,0,70,70,70,70],"floor_reached":46,"playtime":1289,"items_purged":["Decay","Strike_R","Strike_R+1","Exhume"],"score":546,"play_id":"5a54c33b-2ecb-45a9-a598-1e5df13e3b32","local_time":"20190130212422","is_ascension_mode":false,"campfire_choices":[{"data":"Bash","floor":7,"key":"SMITH"},{"data":"Carnage","floor":13,"key":"SMITH"},{"data":"Strike_R","floor":15,"key":"SMITH"},{"data":"Feed","floor":23,"key":"SMITH"},{"floor":27,"key":"REST"},{"floor":30,"key":"REST"},{"floor":32,"key":"REST"},{"floor":40,"key":"REST"},{"floor":44,"key":"REST"}],"neow_cost":"TEN_PERCENT_HP_LOSS","seed_source_timestamp":88166483785060,"circlet_count":0,"master_deck":["Bash+1","Carnage+1","Feed+1","Feel No Pain+1","Hemokinesis+1","Shrug It Off+1","Flame Barrier+1","Rampage+1"],"relics":["Burning Blood","Charon\u0027s Ashes","Lantern","Bag of Marbles","Astrolabe","Omamori","Pandora\u0027s Box","Bag of Preparation","Red Mask","Toxic Egg 2","Happy Flower"],"potions_floor_usage":[20,33,33,33,41],"damage_taken":[{"damage":1,"enemies":"Jaw Worm","floor":1,"turns":6},{"damage":21,"enemies":"3 Sentries","floor":6,"turns":6},{"damage":0,"enemies":"Small Slimes","floor":8,"turns":4},{"damage":0,"enemies":"2 Louse","floor":10,"turns":1},{"damage":8,"enemies":"Gremlin Gang","floor":11,"turns":4},{"damage":0,"enemies":"Slime Boss","floor":16,"turns":7},{"damage":29,"enemies":"Shell Parasite","floor":18,"turns":3},{"damage":14,"enemies":"3 Byrds","floor":20,"turns":4},{"damage":18,"enemies":"Cultist and Chosen","floor":22,"turns":4},{"damage":18,"enemies":"Shelled Parasite and Fungi","floor":24,"turns":4},{"damage":23,"enemies":"Sentry and Sphere","floor":25,"turns":4},{"damage":23,"enemies":"Snake Plant","floor":28,"turns":2},{"damage":97,"enemies":"Automaton","floor":33,"turns":10},{"damage":14,"enemies":"Orb Walker","floor":35,"turns":3},{"damage":10,"enemies":"3 Shapes","floor":38,"turns":3},{"damage":28,"enemies":"3 Darklings","floor":39,"turns":6},{"damage":58,"enemies":"Nemesis","floor":41,"turns":7},{"damage":79,"enemies":"Reptomancer","floor":46,"turns":7}],"seed_played":"-8772228768288156907","potions_obtained":[{"floor":6,"key":"LiquidBronze"},{"floor":8,"key":"Swift Potion"},{"floor":10,"key":"Poison Potion"},{"floor":16,"key":"GamblersBrew"},{"floor":24,"key":"BloodPotion"},{"floor":25,"key":"PowerPotion"},{"floor":33,"key":"SpeedPotion"},{"floor":35,"key":"Block Potion"},{"floor":41,"key":"Ancient Potion"}],"is_trial":false,"path_per_floor":["M","?","?","?","$","E","R","M","T","M","M","$","R","?","R","B",null,"M","$","M","?","M","R","M","M","T","R","M","$","R","?","R","B",null,"M","?","$","M","M","R","E","?","T","R","T","E"],"character_chosen":"IRONCLAD","items_purchased":[],"campfire_rested":5,"item_purchase_floors":[],"current_hp_per_floor":[72,65,62,62,62,47,47,53,53,59,57,57,57,62,62,68,77,57,57,52,52,46,46,42,29,29,59,46,46,77,56,89,9,110,106,106,106,106,84,118,70,70,70,106,106,27],"gold":70,"neow_bonus":"REMOVE_TWO","is_prod":false,"is_daily":false,"chose_seed":false,"campfire_upgraded":4,"win_rate":0,"timestamp":1548896062,"path_taken":["M","?","?","?","$","E","R","?","T","M","M","$","R","?","R","BOSS","M","$","M","?","M","R","?","M","T","R","M","$","R","?","R","BOSS","M","?","$","?","M","R","E","?","T","R","?","E"],"build_version":"2019-01-23","purchased_purges":4,"victory":false,"max_hp_per_floor":[72,72,72,72,72,72,72,72,72,72,72,72,72,77,77,77,77,80,80,83,83,89,89,97,101,101,101,105,105,105,110,110,110,110,114,114,114,118,118,118,122,122,122,122,122,122],"card_choices":[{"not_picked":["Body Slam","True Grit","Armaments"],"picked":"SKIP","floor":1},{"not_picked":["Sever Soul","Battle Trance","Twin Strike"],"picked":"SKIP","floor":6},{"not_picked":["Pommel Strike","Clash","Thunderclap"],"picked":"SKIP","floor":8},{"not_picked":["Cleave","Spot Weakness"],"picked":"Carnage","floor":10},{"not_picked":["Perfected Strike","Shockwave","Headbutt"],"picked":"SKIP","floor":11},{"not_picked":["Fiend Fire","Exhume"],"picked":"Feed","floor":16},{"not_picked":["Iron Wave","Battle Trance","Sword Boomerang+1"],"picked":"SKIP","floor":18},{"not_picked":["Combust","Havoc","True Grit+1"],"picked":"SKIP","floor":20},{"not_picked":["Havoc+1","Pommel Strike","Entrench"],"picked":"SKIP","floor":22},{"not_picked":["Offering","Sword Boomerang","Evolve"],"picked":"SKIP","floor":24},{"not_picked":["Twin Strike+1","Whirlwind"],"picked":"Shrug It Off","floor":25},{"not_picked":["Bloodletting","Havoc"],"picked":"Flame Barrier+1","floor":28},{"not_picked":["Iron Wave","Anger+1"],"picked":"Rampage+1","floor":35},{"not_picked":["Havoc","Body Slam+1","Ghostly Armor"],"picked":"SKIP","floor":38},{"not_picked":["Bloodletting","Rage","Flex+1"],"picked":"SKIP","floor":39},{"not_picked":["Cleave","Dropkick","Perfected Strike+1"],"picked":"SKIP","floor":41}],"player_experience":278901,"relics_obtained":[{"floor":6,"key":"Lantern"},{"floor":9,"key":"Bag of Marbles"},{"floor":26,"key":"Omamori"},{"floor":41,"key":"Bag of Preparation"},{"floor":43,"key":"Toxic Egg 2"},{"floor":45,"key":"Happy Flower"}],"event_choices":[{"cards_removed":["Strike_R"],"damage_healed":0,"gold_gain":0,"player_choice":"Card Removal","damage_taken":7,"max_hp_gain":0,"max_hp_loss":0,"event_name":"Golden Wing","floor":2,"gold_loss":0},{"damage_healed":0,"gold_gain":0,"player_choice":"Success","damage_taken":3,"relics_obtained":["Charon\u0027s Ashes"],"max_hp_gain":0,"max_hp_loss":0,"event_name":"Scrap Ooze","floor":3,"gold_loss":0},{"damage_healed":0,"gold_gain":0,"player_choice":"Cursed","damage_taken":0,"max_hp_gain":0,"max_hp_loss":0,"event_name":"Wheel of Change","floor":4,"gold_loss":0,"cards_obtained":["Decay"]},{"damage_healed":0,"gold_gain":0,"player_choice":"Donut","damage_taken":0,"max_hp_gain":5,"max_hp_loss":0,"event_name":"Big Fish","floor":14,"gold_loss":0},{"damage_healed":0,"gold_gain":0,"cards_transformed":["Dark Embrace"],"player_choice":"Transformed","damage_taken":0,"max_hp_gain":0,"max_hp_loss":0,"event_name":"Transmorgrifier","floor":21,"gold_loss":0,"cards_obtained":["Exhume"]},{"damage_healed":0,"gold_gain":0,"player_choice":"Shed Blood","damage_taken":26,"max_hp_gain":5,"max_hp_loss":0,"event_name":"Forgotten Altar","floor":31,"gold_loss":0},{"cards_removed":["Limit Break"],"damage_healed":0,"gold_gain":0,"player_choice":"Upgrade and Remove","damage_taken":0,"max_hp_gain":0,"max_hp_loss":0,"event_name":"Designer","floor":36,"gold_loss":90,"cards_upgraded":["Shrug It Off"]},{"damage_healed":0,"gold_gain":0,"player_choice":"Paid","damage_taken":0,"relics_obtained":["Red Mask"],"max_hp_gain":0,"max_hp_loss":0,"event_name":"Tomb of Lord Red Mask","floor":42,"gold_loss":59}],"is_beta":false,"boss_relics":[{"not_picked":["Snecko Eye","Lizard Tail"],"picked":"Astrolabe"},{"not_picked":["Mark of Pain","Eternal Feather"],"picked":"Pandora\u0027s Box"}],"items_purged_floors":[5,12,19,37],"is_endless":false,"potions_floor_spawned":[6,8,10,16,24,25,33,35,41],"killed_by":"Reptomancer","ascension_level":0}