{"gold_per_floor":[116,116,131,131,142,142,112,31,76,140,189,189,189,215,215,313,363,378,179,197,217,233,265,265,346,371,20,38,65,65,82,82,82],"floor_reached":33,"playtime":1806,"items_purged":["Defend_R","Defend_R"],"score":318,"play_id":"8f0e6559-c57a-4aee-b0d7-d05bc26d4ee5","local_time":"20181229011241","is_ascension_mode":false,"campfire_choices":[{"data":"Flame Barrier","floor":6,"key":"SMITH"},{"data":"Cleave","floor":12,"key":"SMITH"},{"floor":15,"key":"REST"},{"floor":24,"key":"REST"},{"data":"Feed","floor":32,"key":"SMITH"}],"neow_cost":"NONE","seed_source_timestamp":51705035446889,"circlet_count":0,"master_deck":["Defend_R","Bash","Flame Barrier+1","Ghostly Armor","Body Slam","Cleave+1","Swift Strike","Pommel Strike+1","Thunderclap","Immolate","Seeing Red","Heavy Blade+1","Bandage Up","Fire Breathing","Shrug It Off+1","Uppercut","Flame Barrier+1","Feed+1","Wild Strike+1","Bite","Bite","Bite","Bite","Bite","Pommel Strike"],"relics":["Burning Blood","Orichalcum","Tiny Chest","Bag of Marbles","Pen Nib","Tiny House","Pear","Bottled Lightning","Happy Flower","Paper Frog","Dream Catcher"],"potions_floor_usage":[14,21,23,33,33],"damage_taken":[{"damage":4,"enemies":"Small Slimes","floor":1,"turns":6},{"damage":1,"enemies":"Cultist","floor":3,"turns":4},{"damage":5,"enemies":"Jaw Worm","floor":5,"turns":4},{"damage":0,"enemies":"Looter","floor":7,"turns":4},{"damage":13,"enemies":"3 Sentries","floor":10,"turns":8},{"damage":25,"enemies":"Lagavulin","floor":14,"turns":5},{"damage":38,"enemies":"Slime Boss","floor":16,"turns":10},{"damage":20,"enemies":"3 Byrds","floor":18,"turns":5},{"damage":14,"enemies":"2 Thieves","floor":20,"turns":4},{"damage":19,"enemies":"Snake Plant","floor":21,"turns":5},{"damage":15,"enemies":"Shelled Parasite and Fungi","floor":22,"turns":8},{"damage":27,"enemies":"Slavers","floor":23,"turns":6},{"damage":0,"enemies":"Cultist and Chosen","floor":28,"turns":3},{"damage":17,"enemies":"Gremlin Leader","floor":29,"turns":5},{"damage":5,"enemies":"Sentry and Sphere","floor":31,"turns":4},{"damage":103,"enemies":"Automaton","floor":33,"turns":10}],"seed_played":"3506088243365190821","potions_obtained":[{"floor":5,"key":"Strength Potion"},{"floor":10,"key":"PowerPotion"},{"floor":16,"key":"Poison Potion"},{"floor":17,"key":"Swift Potion"},{"floor":22,"key":"EssenceOfSteel"},{"floor":23,"key":"Energy Potion"}],"is_trial":false,"path_per_floor":["M","?","M","?","M","R","M","$","T","E","T","R","?","E","R","B",null,"M","$","M","M","M","E","R","T","T","$","M","E","?","M","R","B"],"character_chosen":"IRONCLAD","items_purchased":["Swift Strike","Bandage Up","Fire Breathing","Paper Frog"],"campfire_rested":2,"item_purchase_floors":[8,19,19,27],"current_hp_per_floor":[88,88,88,88,88,88,88,88,88,81,81,81,81,62,88,56,93,79,79,75,66,61,54,84,84,84,84,97,93,76,76,76,0],"gold":82,"neow_bonus":"TEN_PERCENT_HP_BONUS","is_prod":false,"is_daily":false,"chose_seed":false,"campfire_upgraded":3,"win_rate":0,"timestamp":1546042361,"path_taken":["M","?","M","?","?","R","M","$","T","E","?","R","?","E","R","BOSS","M","$","M","?","M","E","R","?","T","$","M","E","?","M","R","BOSS"],"build_version":"2018-12-20","purchased_purges":2,"victory":false,"max_hp_per_floor":[88,88,88,88,88,88,88,88,88,88,88,88,88,88,88,88,93,93,93,93,93,93,103,103,103,103,103,106,109,76,76,76,76],"card_choices":[{"not_picked":["True Grit","Blood for Blood"],"picked":"Flame Barrier","floor":1},{"not_picked":["Armaments","Sword Boomerang"],"picked":"Ghostly Armor","floor":3},{"not_picked":["Wild Strike","Reckless Charge"],"picked":"Body Slam","floor":5},{"not_picked":["Pommel Strike","Sword Boomerang"],"picked":"Cleave","floor":7},{"not_picked":["Twin Strike","Iron Wave"],"picked":"Pommel Strike","floor":10},{"not_picked":["Clothesline","Feel No Pain"],"picked":"Thunderclap","floor":14},{"not_picked":["Juggernaut","Bludgeon"],"picked":"Immolate","floor":16},{"not_picked":["Clothesline","Burning Pact"],"picked":"Seeing Red","floor":17},{"not_picked":["Sword Boomerang+1","True Grit"],"picked":"Heavy Blade+1","floor":18},{"not_picked":["Clash","Heavy Blade+1"],"picked":"Shrug It Off+1","floor":20},{"not_picked":["Sword Boomerang","Searing Blow"],"picked":"Uppercut","floor":21},{"not_picked":["Perfected Strike","Cleave"],"picked":"Flame Barrier+1","floor":22},{"not_picked":["Warcry","Rupture"],"picked":"Feed","floor":23},{"not_picked":["Warcry","Body Slam"],"picked":"Wild Strike+1","floor":28},{"not_picked":["Warcry","Rupture","Heavy Blade"],"picked":"SKIP","floor":29},{"not_picked":["Twin Strike","Rupture+1"],"picked":"Pommel Strike","floor":31}],"player_experience":52306,"relics_obtained":[{"floor":9,"key":"Orichalcum"},{"floor":10,"key":"Tiny Chest"},{"floor":11,"key":"Bag of Marbles"},{"floor":14,"key":"Pen Nib"},{"floor":23,"key":"Pear"},{"floor":25,"key":"Bottled Lightning"},{"floor":26,"key":"Happy Flower"},{"floor":29,"key":"Dream Catcher"}],"event_choices":[{"damage_healed":0,"gold_gain":0,"player_choice":"Ignored","damage_taken":0,"max_hp_gain":0,"max_hp_loss":0,"event_name":"Golden Idol","floor":2,"gold_loss":0},{"cards_removed":["Defend_R"],"damage_healed":0,"gold_gain":0,"player_choice":"Took Card","damage_taken":0,"max_hp_gain":0,"max_hp_loss":0,"event_name":"NoteForYourself","floor":4,"gold_loss":0,"cards_obtained":["Strike_G"]},{"damage_healed":0,"gold_gain":0,"player_choice":"Leave","damage_taken":0,"max_hp_gain":0,"max_hp_loss":0,"event_name":"FaceTrader","floor":13,"gold_loss":0},{"damage_healed":0,"gold_gain":0,"player_choice":"Became a vampire","damage_taken":0,"max_hp_gain":0,"max_hp_loss":33,"event_name":"Vampires","floor":30,"gold_loss":0,"cards_obtained":["Bite","Bite","Bite","Bite","Bite"]}],"is_beta":false,"boss_relics":[{"not_picked":["Fusion Hammer","Lizard Tail"],"picked":"Tiny House"}],"items_purged_floors":[19,27],"is_endless":false,"potions_floor_spawned":[5,10,16,22,23,29],"killed_by":"Automaton","ascension_level":0}