{"gold_per_floor":[114,134,150,225,239,259,278,333,333,333,367,367,398,418,418,515,515,529,548,548,18,118,152,152,179,179,179,179,205,225,237,237,341,341,358,358,11,31,46,71,33,33,33,44,74,74,88,99,99,99],"floor_reached":51,"playtime":5709,"items_purged":["Strike_G"],"score":804,"play_id":"e9297a83-88a8-4b53-a670-a392227e51b0","local_time":"20181225231453","is_ascension_mode":false,"campfire_choices":[{"data":"Noxious Fumes","floor":10,"key":"SMITH"},{"floor":15,"key":"REST"},{"floor":24,"key":"REST"},{"floor":28,"key":"REST"},{"floor":32,"key":"REST"},{"data":"Burst","floor":42,"key":"SMITH"},{"data":"Neutralize","floor":46,"key":"SMITH"},{"data":"Corpse Explosion","floor":49,"key":"SMITH"}],"neow_cost":"PERCENT_DAMAGE","seed_source_timestamp":342959054231244,"circlet_count":0,"master_deck":["Defend_G","Defend_G","Defend_G","Defend_G","Defend_G","Strike_G","Strike_G","Strike_G","Survivor","Neutralize+1","Burst+1","Poisoned Stab","Bane","Corpse Explosion+1","Noxious Fumes+1","Dodge and Roll","Flying Knee","Blade Dance+1","Dash","PiercingWail+1","Leg Sweep+1","Bullet Time+1","Catalyst+1","Footwork+1","Backflip+1","Prepared+1","Bouncing Flask+1","Malaise+1","Transmutation+1","Bandage Up+1","Prepared+1","Catalyst+1","Distraction+1","Flying Knee+1","Caltrops+1","Bullet Time+1","Burst+1","Thinking Ahead+1","All Out Attack+1","Escape Plan+1","Acrobatics+1"],"relics":["Ring of the Snake","Toxic Egg 2","Boot","Bronze Scales","Frozen Egg 2","Orrery","Mercury Hourglass","The Specimen","Bottled Tornado","Oddly Smooth Stone","Torii","Bag of Preparation","Tough Bandages","Molten Egg 2","Busted Crown","Membership Card","Pear","PreservedInsect","Strawberry"],"potions_floor_usage":[5,8,8,16,22,45,50],"damage_taken":[{"damage":0,"enemies":"Cultist","floor":1,"turns":5},{"damage":0,"enemies":"2 Louse","floor":2,"turns":3},{"damage":0,"enemies":"Small Slimes","floor":3,"turns":3},{"damage":4,"enemies":"2 Fungi Beasts","floor":5,"turns":4},{"damage":12,"enemies":"Large Slime","floor":6,"turns":3},{"damage":0,"enemies":"Exordium Wildlife","floor":7,"turns":2},{"damage":2,"enemies":"Gremlin Nob","floor":8,"turns":5},{"damage":7,"enemies":"3 Sentries","floor":11,"turns":3},{"damage":17,"enemies":"Lagavulin","floor":13,"turns":5},{"damage":0,"enemies":"3 Louse","floor":14,"turns":1},{"damage":18,"enemies":"Slime Boss","floor":16,"turns":9},{"damage":0,"enemies":"Spheric Guardian","floor":18,"turns":5},{"damage":0,"enemies":"Chosen","floor":19,"turns":4},{"damage":20,"enemies":"Colosseum Slavers","floor":22,"turns":4},{"damage":0,"enemies":"Colosseum Nobs","floor":22,"turns":4},{"damage":33,"enemies":"Gremlin Leader","floor":23,"turns":4},{"damage":37,"enemies":"Slavers","floor":25,"turns":5},{"damage":6,"enemies":"Book of Stabbing","floor":29,"turns":5},{"damage":0,"enemies":"Centurion and Healer","floor":30,"turns":5},{"damage":0,"enemies":"Snecko","floor":31,"turns":3},{"damage":1,"enemies":"Collector","floor":33,"turns":3},{"damage":2,"enemies":"3 Darklings","floor":35,"turns":4},{"damage":7,"enemies":"3 Shapes","floor":38,"turns":2},{"damage":0,"enemies":"Jaw Worm Horde","floor":39,"turns":3},{"damage":7,"enemies":"Reptomancer","floor":40,"turns":4},{"damage":6,"enemies":"Spire Growth","floor":44,"turns":3},{"damage":14,"enemies":"Giant Head","floor":45,"turns":6},{"damage":0,"enemies":"3 Darklings","floor":47,"turns":2},{"damage":8,"enemies":"4 Shapes","floor":48,"turns":2},{"damage":49,"enemies":"Awakened One","floor":50,"turns":10}],"seed_played":"594455799015586821","potions_obtained":[{"floor":1,"key":"Block Potion"},{"floor":2,"key":"GamblersBrew"},{"floor":5,"key":"Fruit Juice"},{"floor":7,"key":"SpeedPotion"},{"floor":13,"key":"Fire Potion"},{"floor":19,"key":"GhostInAJar"},{"floor":25,"key":"EntropicBrew"},{"floor":29,"key":"Explosive Potion"},{"floor":33,"key":"GhostInAJar"},{"floor":35,"key":"PowerPotion"},{"floor":47,"key":"GamblersBrew"},{"floor":48,"key":"Swift Potion"}],"is_trial":false,"path_per_floor":["M","M","M","?","M","M","M","?","T","R","E","?","E","M","R","B",null,"M","M","?","$","?","E","R","E","T","?","R","E","M","M","R","B",null,"M","?","$","M","M","E","$","R","T","M","E","R","M","M","R","B",null],"character_chosen":"THE_SILENT","items_purchased":["Transmutation+1","Mercury Hourglass","Bandage Up+1","Membership Card","Burst+1","Thinking Ahead+1"],"campfire_rested":4,"item_purchase_floors":[21,21,21,37,37,37],"current_hp_per_floor":[49,49,49,38,39,27,27,25,25,25,18,18,1,1,23,5,75,75,75,61,61,47,14,38,7,7,7,31,31,37,43,67,72,80,80,80,80,73,79,82,82,82,82,82,81,81,81,79,79,36],"gold":99,"neow_bonus":"THREE_RARE_CARDS","is_prod":false,"is_daily":false,"chose_seed":false,"campfire_upgraded":4,"win_rate":0.0,"timestamp":1545792293,"path_taken":["M","M","?","?","M","M","M","?","T","R","E","?","E","M","R","BOSS","M","M","?","$","?","E","R","E","T","?","R","E","M","?","R","BOSS","M","?","$","M","M","E","?","R","T","M","E","R","?","M","R","BOSS"],"build_version":"2018-12-20","purchased_purges":1,"victory":true,"max_hp_per_floor":[70,70,70,70,75,75,75,75,75,75,75,75,75,75,75,75,75,75,75,80,80,80,80,80,80,80,80,80,80,80,80,80,80,80,80,80,80,80,80,90,90,90,90,90,97,97,97,97,97,97],"card_choices":[{"not_picked":["Bullet Time","Envenom"],"picked":"Burst","floor":0},{"not_picked":["Skewer","Prepared"],"picked":"Poisoned Stab","floor":1},{"not_picked":["Deflect","Blade Dance"],"picked":"Bane","floor":2},{"not_picked":["Dodge and Roll","Underhanded Strike"],"picked":"Corpse Explosion","floor":3},{"not_picked":["Crippling Poison","Flying Knee"],"picked":"Noxious Fumes","floor":5},{"not_picked":["Slice","Skewer"],"picked":"Dodge and Roll","floor":6},{"not_picked":["Poisoned Stab","Calculated Gamble"],"picked":"Flying Knee","floor":7},{"not_picked":["Quick Slash","Unload"],"picked":"Blade Dance+1","floor":8},{"not_picked":["Underhanded Strike","Dagger Throw"],"picked":"Dash","floor":11},{"not_picked":["Outmaneuver+1","Underhanded Strike"],"picked":"PiercingWail+1","floor":13},{"not_picked":["Caltrops+1","Reflex+1"],"picked":"Leg Sweep+1","floor":14},{"not_picked":["Tools of the Trade+1","Burst+1"],"picked":"Bullet Time+1","floor":16},{"not_picked":["Outmaneuver+1","All Out Attack"],"picked":"Catalyst+1","floor":17},{"not_picked":["Outmaneuver+1","Skewer"],"picked":"Footwork+1","floor":17},{"not_picked":["Deflect+1","Acrobatics+1"],"picked":"Backflip+1","floor":17},{"not_picked":["Flying Knee","Deflect+1"],"picked":"Prepared+1","floor":17},{"not_picked":["Terror+1","All Out Attack"],"picked":"Bouncing Flask+1","floor":18},{"not_picked":["Sucker Punch","Underhanded Strike"],"picked":"Malaise+1","floor":19},{"not_picked":["Deflect+1","Dagger Spray"],"picked":"Prepared+1","floor":22},{"not_picked":["Bane","Calculated Gamble+1"],"picked":"Catalyst+1","floor":23},{"not_picked":["Terror+1","Deadly Poison+1"],"picked":"Distraction+1","floor":25},{"not_picked":["All Out Attack","Underhanded Strike","Sucker Punch"],"picked":"SKIP","floor":29},{"not_picked":["Outmaneuver+1","Flechettes+1"],"picked":"Flying Knee+1","floor":30},{"not_picked":["Skewer+1","Slice+1"],"picked":"Caltrops+1","floor":31},{"not_picked":["Envenom+1","Glass Knife+1"],"picked":"Bullet Time+1","floor":33},{"not_picked":["Poisoned Stab+1"],"picked":"SKIP","floor":35},{"not_picked":[],"picked":"All Out Attack+1","floor":38},{"not_picked":["Deadly Poison+1"],"picked":"SKIP","floor":39},{"not_picked":[],"picked":"Escape Plan+1","floor":40},{"not_picked":["Blade Dance+1"],"picked":"SKIP","floor":44},{"not_picked":[],"picked":"Acrobatics+1","floor":45},{"not_picked":["Deflect+1"],"picked":"SKIP","floor":47},{"not_picked":["Sucker Punch+1"],"picked":"SKIP","floor":48}],"player_experience":12060,"relics_obtained":[{"floor":9,"key":"Boot"},{"floor":11,"key":"Bronze Scales"},{"floor":13,"key":"Frozen Egg 2"},{"floor":22,"key":"The Specimen"},{"floor":22,"key":"Bottled Tornado"},{"floor":23,"key":"Oddly Smooth Stone"},{"floor":25,"key":"Torii"},{"floor":26,"key":"Bag of Preparation"},{"floor":29,"key":"Molten Egg 2"},{"floor":40,"key":"Pear"},{"floor":43,"key":"PreservedInsect"},{"floor":45,"key":"Strawberry"}],"event_choices":[{"damage_healed":0,"gold_gain":75,"player_choice":"Gather Gold","damage_taken":11,"max_hp_gain":0,"max_hp_loss":0,"event_name":"World of Goop","floor":4,"gold_loss":0},{"damage_healed":0,"gold_gain":0,"player_choice":"Searched \u00272\u0027 times","damage_taken":0,"relics_obtained":["Toxic Egg 2"],"max_hp_gain":0,"max_hp_loss":0,"event_name":"Dead Adventurer","floor":8,"gold_loss":0},{"damage_healed":0,"gold_gain":0,"player_choice":"Ignored","damage_taken":0,"max_hp_gain":0,"max_hp_loss":0,"event_name":"Liars Game","floor":12,"gold_loss":0},{"damage_healed":0,"gold_gain":0,"player_choice":"Shed Blood","damage_taken":19,"max_hp_gain":5,"max_hp_loss":0,"event_name":"Forgotten Altar","floor":20,"gold_loss":0},{"damage_healed":0,"gold_gain":0,"player_choice":"Fight","damage_taken":0,"max_hp_gain":0,"max_hp_loss":0,"event_name":"Colosseum","floor":22,"gold_loss":0},{"damage_healed":0,"gold_gain":0,"player_choice":"Fought Nobs","damage_taken":0,"max_hp_gain":0,"max_hp_loss":0,"event_name":"Colosseum","floor":22,"gold_loss":0},{"damage_healed":0,"gold_gain":0,"player_choice":"Opened","damage_taken":0,"relics_obtained":["Tough Bandages"],"max_hp_gain":0,"max_hp_loss":0,"event_name":"The Mausoleum","floor":27,"gold_loss":0},{"cards_removed":["Strike_G"],"damage_healed":0,"gold_gain":0,"player_choice":"Card Removal","damage_taken":0,"max_hp_gain":0,"max_hp_loss":0,"event_name":"Wheel of Change","floor":36,"gold_loss":0}],"is_beta":false,"boss_relics":[{"not_picked":["Calling Bell","Snecko Eye"],"picked":"Orrery"},{"not_picked":["Ring of the Serpent","Empty Cage"],"picked":"Busted Crown"}],"items_purged_floors":[41],"is_endless":false,"potions_floor_spawned":[1,2,5,7,13,19,22,25,29,33,35,38,44,47,48],"ascension_level":0}