{"gold_per_floor":[116,129,149,165,176,176,194,224,250,250,250,285,285,285,285,416,416,430,96,96,96,120,160,160,85,167,167,180,205,229,328,328,459,459,473,473,33,54,78,78,97,128,128,128,151,151,172,172,172,172,172,172,47,85,85],"floor_reached":55,"playtime":3099,"items_purged":["Pain"],"score":729,"play_id":"64e069fe-26e2-4690-8996-e62a4fbf0bba","local_time":"20190110041440","is_ascension_mode":false,"campfire_choices":[{"data":"Uppercut","floor":6,"key":"SMITH"},{"data":"Metallicize","floor":15,"key":"SMITH"},{"data":"Metallicize","floor":24,"key":"SMITH"},{"floor":27,"key":"REST"},{"floor":32,"key":"REST"},{"data":"Discovery","floor":40,"key":"SMITH"},{"floor":44,"key":"RECALL"},{"data":"Barricade","floor":46,"key":"SMITH"},{"data":"Limit Break","floor":49,"key":"SMITH"},{"data":"Battle Trance","floor":52,"key":"SMITH"}],"neow_cost":"NONE","seed_source_timestamp":50869654385273,"circlet_count":0,"master_deck":["Strike_R","Strike_R","Strike_R","Defend_R","Defend_R+1","Defend_R","Bash","Inflame+1","Shrug It Off","Metallicize+1","Uppercut+1","Metallicize+1","Flame Barrier","Demon Form","Rage","Pommel Strike","Battle Trance+1","Armaments+1","Searing Blow+1","Sword Boomerang","Limit Break+1","Heavy Blade+1","Discovery+1","Decay","Barricade+1","Jack Of All Trades","Limit Break"],"relics":["Burning Blood","PreservedInsect","Oddly Smooth Stone","Golden Idol","The Courier","Cursed Key","Ginger","MutagenicStrength","Centennial Puzzle","Tiny Chest","Sozu","Dream Catcher","Bird Faced Urn","Lantern","Question Card","Blood Vial"],"potions_floor_usage":[8,23,29,33,55],"damage_taken":[{"damage":4,"enemies":"Cultist","floor":1,"turns":4},{"damage":6,"enemies":"Jaw Worm","floor":2,"turns":4},{"damage":10,"enemies":"Small Slimes","floor":3,"turns":3},{"damage":14,"enemies":"3 Louse","floor":4,"turns":5},{"damage":8,"enemies":"Red Slaver","floor":5,"turns":4},{"damage":5,"enemies":"2 Fungi Beasts","floor":7,"turns":5},{"damage":14,"enemies":"3 Sentries","floor":8,"turns":8},{"damage":1,"enemies":"Gremlin Nob","floor":12,"turns":5},{"damage":16,"enemies":"The Guardian","floor":16,"turns":16},{"damage":13,"enemies":"Shell Parasite","floor":18,"turns":6},{"damage":24,"enemies":"3 Byrds","floor":22,"turns":6},{"damage":27,"enemies":"Slavers","floor":23,"turns":6},{"damage":10,"enemies":"Centurion and Healer","floor":28,"turns":7},{"damage":7,"enemies":"Snecko","floor":29,"turns":6},{"damage":34,"enemies":"Chosen and Byrds","floor":30,"turns":9},{"damage":57,"enemies":"Champ","floor":33,"turns":9},{"damage":13,"enemies":"3 Shapes","floor":35,"turns":5},{"damage":12,"enemies":"Orb Walker","floor":38,"turns":3},{"damage":21,"enemies":"Writhing Mass","floor":39,"turns":6},{"damage":21,"enemies":"3 Darklings","floor":41,"turns":8},{"damage":2,"enemies":"Giant Head","floor":42,"turns":5},{"damage":7,"enemies":"Sphere and 2 Shapes","floor":45,"turns":5},{"damage":28,"enemies":"Maw","floor":47,"turns":6},{"damage":44,"enemies":"Time Eater","floor":50,"turns":9},{"damage":59,"enemies":"Shield and Spear","floor":54,"turns":5},{"damage":32,"enemies":"The Heart","floor":55,"turns":3}],"seed_played":"-9080603605767069368","potions_obtained":[{"floor":1,"key":"PowerPotion"},{"floor":4,"key":"Ancient Potion"},{"floor":5,"key":"Swift Potion"},{"floor":18,"key":"Regen Potion"},{"floor":22,"key":"LiquidBronze"},{"floor":30,"key":"Ancient Potion"}],"is_trial":false,"path_per_floor":["M","M","M","M","M","R","M","E","T","?","?","E","?","?","R","B",null,"M","$","?","?","M","E","R","?","T","R","M","M","M","?","R","B",null,"M","?","$","M","M","R","M","E","T","R","M","R","M","?","R","B",null,"R","$","E","B"],"character_chosen":"IRONCLAD","items_purchased":["Ginger","Rage","Pommel Strike","Discovery","Dream Catcher","Bird Faced Urn","Jack Of All Trades"],"campfire_rested":2,"item_purchase_floors":[19,19,19,37,37,37,53],"current_hp_per_floor":[80,80,76,68,66,66,67,59,59,43,43,48,53,53,53,43,79,72,72,72,72,54,48,48,48,48,71,67,66,38,38,61,10,79,72,72,72,70,63,63,54,64,64,64,73,73,63,63,63,37,79,79,79,28,0],"gold":85,"neow_bonus":"RANDOM_COMMON_RELIC","is_prod":false,"is_daily":false,"chose_seed":false,"campfire_upgraded":7,"win_rate":0,"timestamp":1547086480,"path_taken":["M","M","M","M","M","R","M","E","T","?","?","E","?","?","R","BOSS","M","$","?","?","M","E","R","?","T","R","M","?","M","?","R","BOSS","M","?","$","M","M","R","M","E","T","R","M","R","M","?","R","BOSS","R","$","E","BOSS"],"build_version":"2019-01-03v4","purchased_purges":1,"victory":false,"max_hp_per_floor":[80,80,80,80,80,80,80,80,80,80,74,74,79,79,79,79,79,79,79,79,79,79,79,79,79,79,79,79,79,79,79,79,79,79,79,79,79,79,79,79,79,79,79,79,79,79,79,79,79,79,79,79,79,79,79],"card_choices":[{"not_picked":["Flex","True Grit"],"picked":"Inflame","floor":1},{"not_picked":["Pommel Strike","Clash"],"picked":"Shrug It Off","floor":2},{"not_picked":["Carnage","Spot Weakness","Wild Strike"],"picked":"SKIP","floor":3},{"not_picked":["Headbutt","Anger"],"picked":"Metallicize","floor":4},{"not_picked":["Body Slam","Dual Wield"],"picked":"Uppercut","floor":5},{"not_picked":["Flex","Sentinel"],"picked":"Metallicize","floor":7},{"not_picked":["Bloodletting","Thunderclap","Brutality"],"picked":"SKIP","floor":8},{"not_picked":["Infernal Blade","Impervious"],"picked":"Flame Barrier","floor":12},{"not_picked":["Limit Break","Berserk"],"picked":"Demon Form","floor":16},{"not_picked":["Corruption","Inflame","Perfected Strike"],"picked":"SKIP","floor":18},{"not_picked":["Rupture","Headbutt","Clash+1"],"picked":"SKIP","floor":22},{"not_picked":["Blood for Blood","Anger"],"picked":"Armaments+1","floor":23},{"not_picked":["Rampage","True Grit","Clothesline"],"picked":"SKIP","floor":28},{"not_picked":["Havoc+1","True Grit"],"picked":"Searing Blow+1","floor":29},{"not_picked":["Intimidate+1","True Grit"],"picked":"Sword Boomerang","floor":30},{"not_picked":["Dark Embrace","Juggernaut"],"picked":"Limit Break","floor":33},{"not_picked":["Clothesline","Pommel Strike+1"],"picked":"Heavy Blade+1","floor":35},{"not_picked":["Armaments","Perfected Strike+1","Warcry"],"picked":"SKIP","floor":38},{"not_picked":["Havoc","Hemokinesis","Intimidate+1"],"picked":"SKIP","floor":39},{"not_picked":["True Grit+1","Thunderclap+1","Clash"],"picked":"SKIP","floor":41},{"not_picked":["Armaments","Flex+1","Heavy Blade"],"picked":"SKIP","floor":42},{"not_picked":["Thunderclap+1","Sword Boomerang","Iron Wave+1"],"picked":"Barricade","floor":45},{"not_picked":["Infernal Blade+1","Second Wind+1","Whirlwind","Clothesline+1"],"picked":"SKIP","floor":47},{"not_picked":["Uppercut","Armaments+1","Evolve+1"],"picked":"Limit Break","floor":54}],"player_experience":176475,"relics_obtained":[{"floor":8,"key":"Oddly Smooth Stone"},{"floor":12,"key":"The Courier"},{"floor":23,"key":"Centennial Puzzle"},{"floor":26,"key":"Tiny Chest"},{"floor":42,"key":"Lantern"},{"floor":43,"key":"Question Card"},{"floor":54,"key":"Blood Vial"}],"event_choices":[{"damage_healed":0,"gold_gain":0,"player_choice":"Entered Light","damage_taken":16,"max_hp_gain":0,"max_hp_loss":0,"event_name":"Shining Light","floor":10,"gold_loss":0,"cards_upgraded":["Defend_R","Inflame"]},{"damage_healed":0,"gold_gain":0,"player_choice":"Lose Max HP","damage_taken":0,"relics_obtained":["Golden Idol"],"max_hp_gain":0,"max_hp_loss":6,"event_name":"Golden Idol","floor":11,"gold_loss":0},{"damage_healed":0,"gold_gain":0,"player_choice":"Donut","damage_taken":0,"max_hp_gain":5,"max_hp_loss":0,"event_name":"Big Fish","floor":13,"gold_loss":0},{"cards_removed":["Strike_R"],"damage_healed":0,"gold_gain":0,"player_choice":"Offered Basic","damage_taken":0,"max_hp_gain":0,"max_hp_loss":0,"event_name":"Bonfire Elementals","floor":14,"gold_loss":0},{"damage_healed":0,"gold_gain":0,"player_choice":"Read","damage_taken":0,"max_hp_gain":0,"max_hp_loss":0,"event_name":"The Library","floor":20,"gold_loss":0,"cards_obtained":["Battle Trance"]},{"damage_healed":0,"gold_gain":0,"player_choice":"Inject Mutagens","damage_taken":0,"relics_obtained":["MutagenicStrength"],"max_hp_gain":0,"max_hp_loss":0,"event_name":"Drug Dealer","floor":21,"gold_loss":0},{"cards_removed":["Strike_R"],"damage_healed":0,"gold_gain":0,"player_choice":"Gave Gold","damage_taken":0,"max_hp_gain":0,"max_hp_loss":0,"event_name":"Beggar","floor":25,"gold_loss":75},{"damage_healed":0,"gold_gain":99,"player_choice":"Stole From Cult","damage_taken":0,"max_hp_gain":0,"max_hp_loss":0,"event_name":"Nest","floor":31,"gold_loss":0},{"damage_healed":0,"gold_gain":0,"player_choice":"Ignored","damage_taken":0,"max_hp_gain":0,"max_hp_loss":0,"event_name":"Mysterious Sphere","floor":36,"gold_loss":0},{"cards_removed":["Defend_R"],"damage_healed":0,"gold_gain":0,"player_choice":"Removed Skill","damage_taken":0,"max_hp_gain":0,"max_hp_loss":0,"event_name":"Falling","floor":48,"gold_loss":0}],"is_beta":false,"boss_relics":[{"not_picked":["Black Star","Orrery"],"picked":"Cursed Key"},{"not_picked":["Mark of Pain","Velvet Choker"],"picked":"Sozu"}],"items_purged_floors":[53],"is_endless":false,"potions_floor_spawned":[1,4,5,18,22,30,38,39,45,47],"killed_by":"The Heart","ascension_level":0}