{"gold_per_floor":[115,135,153,153,153,153,188,188,263,302,302,302],"floor_reached":12,"playtime":390,"items_purged":[],"score":95,"play_id":"bbe0d410-6012-4310-9fcc-305e5158534c","local_time":"20190119210230","is_ascension_mode":true,"campfire_choices":[{"data":"Defragment","floor":6,"key":"SMITH"},{"data":"Sweeping Beam","floor":8,"key":"SMITH"},{"floor":11,"key":"REST"}],"neow_cost":"NONE","seed_source_timestamp":263241215594400,"circlet_count":0,"master_deck":["Strike_B","Strike_B+1","Strike_B","Defend_B","Defend_B","Defend_B","Defend_B","Zap","Dualcast+1","Sweeping Beam+1","Heatsinks","Defragment+1","Defragment","Biased Cognition+1"],"relics":["Cracked Core","Golden Idol","Centennial Puzzle","Frozen Egg 2","Pen Nib"],"potions_floor_usage":[7],"damage_taken":[{"damage":7,"enemies":"Small Slimes","floor":1,"turns":3},{"damage":3,"enemies":"2 Louse","floor":2,"turns":2},{"damage":7,"enemies":"Jaw Worm","floor":3,"turns":3},{"damage":8,"enemies":"Gremlin Nob","floor":7,"turns":3},{"damage":16,"enemies":"Lagavulin","floor":10,"turns":5},{"damage":46,"enemies":"Exordium Thugs","floor":12,"turns":4}],"seed_played":"1377285503815777867","potions_obtained":[{"floor":3,"key":"Poison Potion"},{"floor":7,"key":"LiquidBronze"}],"is_trial":false,"path_per_floor":["M","M","M","?","?","R","E","R","T","E","R","M"],"character_chosen":"DEFECT","items_purchased":[],"campfire_rested":1,"item_purchase_floors":[],"current_hp_per_floor":[68,65,58,43,43,43,35,35,35,19,39,0],"gold":302,"neow_bonus":"REMOVE_CARD","is_prod":false,"is_daily":false,"chose_seed":false,"campfire_upgraded":2,"win_rate":0,"timestamp":1547931750,"path_taken":["M","M","M","?","?","R","E","R","T","E","R","M"],"build_version":"2019-01-17v2","purchased_purges":0,"victory":false,"max_hp_per_floor":[75,75,75,75,69,69,69,69,69,69,69,69],"card_choices":[{"not_picked":["Rip and Tear","Gash"],"picked":"Sweeping Beam","floor":1},{"not_picked":["Undo","Sunder"],"picked":"Heatsinks","floor":2},{"not_picked":["Aggregate","White Noise"],"picked":"Defragment","floor":3},{"not_picked":["Force Field","Static Discharge"],"picked":"Defragment","floor":7},{"not_picked":["Cold Snap","Genetic Algorithm"],"picked":"Biased Cognition+1","floor":10}],"player_experience":133818,"relics_obtained":[{"floor":7,"key":"Centennial Puzzle"},{"floor":9,"key":"Frozen Egg 2"},{"floor":10,"key":"Pen Nib"}],"event_choices":[{"damage_healed":0,"gold_gain":0,"player_choice":"Entered Light","damage_taken":15,"max_hp_gain":0,"max_hp_loss":0,"event_name":"Shining Light","floor":4,"gold_loss":0,"cards_upgraded":["Dualcast","Strike_B"]},{"damage_healed":0,"gold_gain":0,"player_choice":"Lose Max HP","damage_taken":0,"relics_obtained":["Golden Idol"],"max_hp_gain":0,"max_hp_loss":6,"event_name":"Golden Idol","floor":5,"gold_loss":0}],"is_beta":false,"boss_relics":[],"items_purged_floors":[],"is_endless":false,"potions_floor_spawned":[3,7],"killed_by":"Exordium Thugs","ascension_level":2}