{"gold_per_floor":[115,126,7,17,33,33,46,46,98,115,115,115,115,128,128,223,223,236,254,267,280,280,280,292,307,307,307,307,170,181,134,134,229,229,246,226,239,339,266,266,276,307,307,307,307,307,307,317,317,317],"floor_reached":50,"playtime":4387,"items_purged":[],"score":493,"play_id":"c5234756-7c25-4533-8ed6-1e7815896f4d","local_time":"20181214015518","is_ascension_mode":false,"campfire_choices":[{"data":"Concentrate","floor":6.0,"key":"SMITH"},{"data":"Choke","floor":11.0,"key":"SMITH"},{"data":"Neutralize","floor":13.0,"key":"SMITH"},{"data":"Terror","floor":15.0,"key":"SMITH"},{"data":"Cloak And Dagger","floor":23.0,"key":"SMITH"},{"floor":27.0,"key":"REST"},{"floor":32.0,"key":"REST"},{"data":"Envenom","floor":40.0,"key":"SMITH"},{"floor":45.0,"key":"REST"},{"floor":49,"key":"REST"}],"neow_cost":"NONE","seed_source_timestamp":522781935104820,"circlet_count":0,"master_deck":["Defend_G+1","Defend_G+1","Defend_G+1","Defend_G+1","Defend_G+1","Strike_G+1","Strike_G+1","Strike_G+1","Strike_G+1","Survivor","Neutralize+1","Choke+1","Heel Hook","Concentrate+1","Jack Of All Trades","Terror+1","All Out Attack","Backflip","Infinite Blades","Cloak And Dagger+1","Heel Hook","Corpse Explosion","Blade Dance","PiercingWail","Deflect","Cloak And Dagger+1","Acrobatics","PanicButton","Acrobatics","Envenom+1","Finisher+1","Dash+1","Backstab+1","Finesse"],"special_seed":0,"relics":["Ring of the Serpent"],"potions_floor_usage":[50,50,50],"damage_taken":[{"damage":1.0,"enemies":"Cultist","floor":1.0,"turns":3.0},{"damage":6.0,"enemies":"Jaw Worm","floor":2.0,"turns":3.0},{"damage":1.0,"enemies":"2 Louse","floor":4.0,"turns":3.0},{"damage":6.0,"enemies":"Gremlin Gang","floor":5.0,"turns":3.0},{"damage":8.0,"enemies":"Blue Slaver","floor":7.0,"turns":3.0},{"damage":0.0,"enemies":"Large Slime","floor":10.0,"turns":4.0},{"damage":11.0,"enemies":"Exordium Wildlife","floor":14.0,"turns":5.0},{"damage":36.0,"enemies":"The Guardian","floor":16.0,"turns":10.0},{"damage":3.0,"enemies":"2 Thieves","floor":18.0,"turns":4.0},{"damage":7.0,"enemies":"Shell Parasite","floor":19.0,"turns":4.0},{"damage":3.0,"enemies":"3 Cultists","floor":20.0,"turns":3.0},{"damage":21.0,"enemies":"Centurion and Healer","floor":21.0,"turns":5.0},{"damage":37.0,"enemies":"Cultist and Chosen","floor":24.0,"turns":10.0},{"damage":0.0,"enemies":"Snake Plant","floor":25.0,"turns":4.0},{"damage":6.0,"enemies":"Centurion and Healer","floor":30.0,"turns":3.0},{"damage":36.0,"enemies":"Champ","floor":33.0,"turns":17.0},{"damage":1.0,"enemies":"3 Shapes","floor":35.0,"turns":4.0},{"damage":10.0,"enemies":"Orb Walker","floor":37.0,"turns":6.0},{"damage":4.0,"enemies":"Mind Bloom Boss Battle","floor":38.0,"turns":9.0},{"damage":21.0,"enemies":"Transient","floor":41.0,"turns":5.0},{"damage":15.0,"enemies":"Reptomancer","floor":42.0,"turns":8.0},{"damage":0.0,"enemies":"Sphere and 2 Shapes","floor":46.0,"turns":1.0},{"damage":17,"enemies":"Maw","floor":48,"turns":8},{"damage":94,"enemies":"Time Eater","floor":50,"turns":12}],"seed_played":"2848448422228562751","potions_obtained":[{"floor":1.0,"key":"Swift Potion"},{"floor":5.0,"key":"Explosive Potion"},{"floor":7.0,"key":"Regen Potion"},{"floor":10.0,"key":"Fruit Juice"},{"floor":19.0,"key":"EssenceOfSteel"},{"floor":20.0,"key":"PowerPotion"},{"floor":21.0,"key":"SpeedPotion"},{"floor":24.0,"key":"SteroidPotion"},{"floor":33.0,"key":"Block Potion"},{"floor":36.0,"key":"EntropicBrew"},{"floor":38.0,"key":"SkillPotion"},{"floor":48,"key":"GamblersBrew"}],"is_trial":false,"path_per_floor":["M","M","$","M","M","R","M","?","T","M","R","?","R","M","R","B",null,"M","M","M","M","?","R","M","M","T","R","?","$","M","$","R","B",null,"M","?","M","?","$","R","M","E","T","?","R","M","?","M","R","B"],"character_chosen":"THE_SILENT","items_purchased":["Jack Of All Trades","Terror","PanicButton","Dexterity Potion","Acrobatics","Regen Potion"],"campfire_rested":4,"item_purchase_floors":[3,3,29,29,31,39],"current_hp_per_floor":[69,63,63,62,56,56,48,48,48,53,53,53,53,42,42,21,75,72,65,62,41,41,41,4,4,4,26,26,26,20,20,42,6,75,74,74,64,60,60,60,39,39,39,39,61,61,61,44,66,0],"gold":317,"neow_bonus":"TRANSFORM_CARD","is_prod":false,"is_daily":false,"chose_seed":false,"campfire_upgraded":6,"win_rate":0,"timestamp":1544748918,"path_taken":["M","?","?","M","M","R","M","?","T","M","R","?","R","?","R","BOSS","M","M","M","?","?","R","M","M","T","R","?","?","M","$","R","BOSS","M","?","?","?","$","R","M","E","T","?","R","M","?","M","R","BOSS"],"build_version":"2018-12-06","purchased_purges":0,"victory":false,"max_hp_per_floor":[70,70,70,70,70,70,70,70,70,75,75,75,75,75,75,75,75,75,75,75,75,75,75,75,75,75,75,75,75,75,75,75,75,75,75,75,75,75,75,75,75,75,75,75,75,75,75,75,75,75],"card_choices":[{"not_picked":["Leg Sweep","Deadly Poison"],"picked":"Heel Hook","floor":1.0},{"not_picked":["Tactician","Dagger Spray"],"picked":"Concentrate","floor":2.0},{"not_picked":["Deflect","Flechettes"],"picked":"All Out Attack","floor":4.0},{"not_picked":["PiercingWail","Catalyst"],"picked":"Backflip","floor":5.0},{"not_picked":["Wraith Form v2","Deadly Poison"],"picked":"Infinite Blades","floor":7.0},{"not_picked":["Backflip","Caltrops"],"picked":"Cloak And Dagger","floor":10.0},{"not_picked":["Sucker Punch","Poisoned Stab"],"picked":"Heel Hook","floor":14.0},{"not_picked":["Die Die Die","Venomology"],"picked":"Corpse Explosion","floor":16.0},{"not_picked":["Blur","Heel Hook+1"],"picked":"Blade Dance","floor":18.0},{"not_picked":["Bane","Deadly Poison"],"picked":"PiercingWail","floor":19.0},{"not_picked":["A Thousand Cuts","Underhanded Strike"],"picked":"Deflect","floor":20.0},{"not_picked":["Flying Knee","Dagger Throw","Poisoned Stab"],"picked":"SKIP","floor":21.0},{"not_picked":["Dagger Spray","Flechettes"],"picked":"Cloak And Dagger+1","floor":24.0},{"not_picked":["Quick Slash","Venomology"],"picked":"Acrobatics","floor":25.0},{"not_picked":["Eviscerate","Reflex","Cloak And Dagger"],"picked":"SKIP","floor":30.0},{"not_picked":["After Image","Venomology"],"picked":"Envenom","floor":33.0},{"not_picked":["Deflect+1","Dodge and Roll+1"],"picked":"Finisher+1","floor":35.0},{"not_picked":["Prepared+1","Poisoned Stab"],"picked":"Dash+1","floor":37.0},{"not_picked":["All Out Attack+1","Predator","Infinite Blades"],"picked":"SKIP","floor":41.0},{"not_picked":["Flying Knee+1","Riddle With Holes"],"picked":"Backstab+1","floor":42.0},{"not_picked":["Sadistic Nature","Thinking Ahead"],"picked":"Finesse","floor":44.0},{"not_picked":["Dagger Throw+1","Escape Plan+1","Slice"],"picked":"SKIP","floor":48}],"player_experience":607151,"relics_obtained":[],"event_choices":[{"damage_healed":0.0,"max_hp_gain":0.0,"max_hp_loss":0.0,"gold_gain":0.0,"event_name":"Golden Idol","player_choice":"Ignored","floor":8.0,"gold_loss":0.0,"damage_taken":0.0},{"damage_healed":0.0,"max_hp_gain":0.0,"max_hp_loss":0.0,"gold_gain":0.0,"event_name":"NoteForYourself","player_choice":"Ignored","floor":12.0,"gold_loss":0.0,"damage_taken":0.0},{"damage_healed":0.0,"max_hp_gain":0.0,"max_hp_loss":0.0,"gold_gain":0.0,"event_name":"Vampires","player_choice":"Ignored","floor":22.0,"gold_loss":0.0,"damage_taken":0.0},{"damage_healed":0.0,"max_hp_gain":0.0,"max_hp_loss":0.0,"gold_gain":0.0,"event_name":"Back to Basics","player_choice":"Simplicity","floor":28.0,"gold_loss":0.0,"damage_taken":0.0,"cards_upgraded":["Defend_G","Defend_G","Defend_G","Defend_G","Defend_G","Strike_G","Strike_G","Strike_G","Strike_G"]},{"damage_healed":0.0,"max_hp_gain":0.0,"max_hp_loss":0.0,"gold_gain":0.0,"event_name":"The Woman in Blue","player_choice":"Bought 1 Potion","floor":36.0,"gold_loss":0.0,"damage_taken":0.0},{"damage_healed":0.0,"max_hp_gain":0.0,"max_hp_loss":0.0,"gold_gain":0.0,"event_name":"MindBloom","player_choice":"Fight","floor":38.0,"gold_loss":0.0,"damage_taken":0.0},{"damage_healed":0.0,"max_hp_gain":0.0,"max_hp_loss":0.0,"gold_gain":0.0,"event_name":"SensoryStone","player_choice":"Memory 1","floor":44.0,"gold_loss":0.0,"damage_taken":0.0},{"damage_healed":0,"gold_gain":0,"player_choice":"Ignored","damage_taken":0,"max_hp_gain":0,"max_hp_loss":0,"event_name":"Tomb of Lord Red Mask","floor":47,"gold_loss":0}],"is_beta":false,"boss_relics":[{"not_picked":["White Beast Statue","Snecko Eye"],"picked":"Ring of the Serpent"},{"not_picked":["Orrery","Coffee Dripper","Black Star"]}],"items_purged_floors":[],"is_endless":false,"potions_floor_spawned":[1,5,7,10,19,20,21,24,33,38,48],"killed_by":"Time Eater","ascension_level":0}