{"gold_per_floor":[112,122,137,101,101,101,126,226,226,226,259,259,273,293,293,391,391,411,95,20,30,49,79,93,93],"floor_reached":25,"playtime":1998,"items_purged":["Regret"],"score":245,"play_id":"2bff5d5e-5c0f-435d-be8c-98d368421314","local_time":"20190201203907","is_ascension_mode":true,"campfire_choices":[{"data":"Zap","floor":6,"key":"SMITH"},{"data":"Fission","floor":10,"key":"SMITH"},{"floor":12,"key":"REST"},{"floor":15,"key":"REST"}],"neow_cost":"NONE","seed_source_timestamp":238642102047000,"circlet_count":0,"master_deck":["Strike_B","Strike_B","Strike_B","Strike_B","Defend_B","Defend_B","Defend_B","Defend_B","Zap+1","Dualcast","Ball Lightning","Coolheaded","Glacier","Defragment","Fission+1","Creative AI","Sweeping Beam","Coolheaded","Seek","Leap","Self Repair","Compile Driver+1","Meteor Strike","Conserve Battery","Stack"],"relics":["Cracked Core","Anchor","Kunai","Potion Belt","Oddly Smooth Stone","Sundial","Black Star","Cables","Smiling Mask","Bottled Flame"],"potions_floor_usage":[16,23,23,25],"damage_taken":[{"damage":0,"enemies":"Jaw Worm","floor":1,"turns":2},{"damage":0,"enemies":"Cultist","floor":2,"turns":3},{"damage":0,"enemies":"Small Slimes","floor":3,"turns":2},{"damage":39,"enemies":"Gremlin Nob","floor":7,"turns":5},{"damage":27,"enemies":"Lagavulin","floor":11,"turns":8},{"damage":2,"enemies":"Exordium Wildlife","floor":13,"turns":2},{"damage":2,"enemies":"Looter","floor":14,"turns":2},{"damage":44,"enemies":"Hexaghost","floor":16,"turns":9},{"damage":6,"enemies":"Shell Parasite","floor":18,"turns":7},{"damage":0,"enemies":"2 Thieves","floor":20,"turns":5},{"damage":8,"enemies":"Centurion and Healer","floor":21,"turns":9},{"damage":5,"enemies":"Snecko","floor":22,"turns":6},{"damage":50,"enemies":"Gremlin Leader","floor":23,"turns":7},{"damage":11,"enemies":"Shelled Parasite and Fungi","floor":24,"turns":12},{"damage":33,"enemies":"Book of Stabbing","floor":25,"turns":8}],"seed_played":"-203254635268110072","potions_obtained":[{"floor":11,"key":"SkillPotion"},{"floor":14,"key":"Ancient Potion"},{"floor":16,"key":"Energy Potion"},{"floor":22,"key":"GamblersBrew"},{"floor":24,"key":"Dexterity Potion"}],"is_trial":false,"path_per_floor":["M","M","M","$","?","R","E","?","T","R","E","R","M","M","R","B",null,"M","$","M","M","M","E","M","E"],"character_chosen":"DEFECT","items_purchased":["Defragment","Cables"],"campfire_rested":2,"item_purchase_floors":[4,19],"current_hp_per_floor":[75,75,75,75,75,75,36,36,36,36,9,31,29,27,49,5,75,69,69,69,75,75,32,28,0],"gold":93,"neow_bonus":"RANDOM_COMMON_RELIC","is_prod":false,"is_daily":false,"chose_seed":false,"campfire_upgraded":2,"win_rate":0,"timestamp":1549021147,"path_taken":["M","M","M","$","?","R","E","?","T","R","E","R","?","M","R","BOSS","M","$","M","M","M","E","M","E"],"build_version":"2019-01-23","purchased_purges":1,"victory":false,"max_hp_per_floor":[75,75,75,75,75,75,75,75,75,75,75,75,75,75,75,75,75,75,75,75,75,75,75,75,75],"card_choices":[{"not_picked":["Redo","Reprogram"],"picked":"Ball Lightning","floor":1},{"not_picked":["Gash","Hologram"],"picked":"Coolheaded","floor":2},{"not_picked":["Hologram","Go for the Eyes"],"picked":"Glacier","floor":3},{"not_picked":["Ball Lightning","Beam Cell"],"picked":"Fission","floor":7},{"not_picked":["Fission","Auto Shields"],"picked":"Creative AI","floor":11},{"not_picked":["Hello World","Skim"],"picked":"Sweeping Beam","floor":13},{"not_picked":["Go for the Eyes","Compile Driver"],"picked":"Coolheaded","floor":14},{"not_picked":["Reboot","Rainbow"],"picked":"Seek","floor":16},{"not_picked":["Go for the Eyes","Ball Lightning"],"picked":"Leap","floor":18},{"not_picked":["Barrage","Sweeping Beam"],"picked":"Self Repair","floor":20},{"not_picked":["Gash+1","Barrage"],"picked":"Compile Driver+1","floor":21},{"not_picked":["Go for the Eyes","Steam+1"],"picked":"Meteor Strike","floor":22},{"not_picked":["Turbo","Streamline"],"picked":"Conserve Battery","floor":23},{"not_picked":["Turbo","Cold Snap"],"picked":"Stack","floor":24}],"player_experience":154280,"relics_obtained":[{"floor":7,"key":"Potion Belt"},{"floor":9,"key":"Oddly Smooth Stone"},{"floor":11,"key":"Sundial"},{"floor":23,"key":"Smiling Mask"},{"floor":23,"key":"Bottled Flame"}],"event_choices":[{"damage_healed":0,"gold_gain":0,"player_choice":"Box","damage_taken":0,"relics_obtained":["Kunai"],"max_hp_gain":0,"max_hp_loss":0,"event_name":"Big Fish","floor":5,"gold_loss":0,"cards_obtained":["Regret"]},{"damage_healed":0,"gold_gain":100,"player_choice":"Gold","damage_taken":0,"max_hp_gain":0,"max_hp_loss":0,"event_name":"Wheel of Change","floor":8,"gold_loss":0}],"is_beta":false,"boss_relics":[{"not_picked":["Astrolabe","Fusion Hammer"],"picked":"Black Star"}],"items_purged_floors":[19],"is_endless":false,"potions_floor_spawned":[11,14,16,22,24],"killed_by":"Book of Stabbing","ascension_level":1}