{"gold_per_floor":[112,132,132,147,1,1,32,32,82,93,110,110,110,128,128,224,274,294,40,51,51,65,65,65,80,80,107,31,31],"floor_reached":29,"playtime":2301,"items_purged":["Bash"],"score":270,"play_id":"bc81b9ab-8891-42a2-80a2-8751c83ae652","local_time":"20181119190618","is_ascension_mode":false,"campfire_choices":[{"data":"Armaments","floor":6,"key":"SMITH"},{"data":"Demon Form","floor":8,"key":"SMITH"},{"data":"Twin Strike","floor":13,"key":"SMITH"},{"floor":15,"key":"REST"},{"data":"Twin Strike","floor":23,"key":"SMITH"}],"neow_cost":"NONE","seed_source_timestamp":422963716799269,"circlet_count":0,"master_deck":["Strike_R","Strike_R","Strike_R","Strike_R","Strike_R","Defend_R","Defend_R","Defend_R","Defend_R","Twin Strike+1","Armaments+1","Flex","Inflame","Demon Form+1","Twin Strike","Anger","Shrug It Off+1","Twin Strike+1","Shrug It Off+1","Twin Strike+1","Ghostly Armor+1","Ghostly Armor"],"relics":["Burning Blood","Smiling Mask","Orichalcum","Tiny House","Question Card","MutagenicStrength","Meat on the Bone","Gremlin Horn"],"potions_floor_usage":[7,7,20,22,25,27,27,27,27],"damage_taken":[{"damage":3,"enemies":"Jaw Worm","floor":1,"turns":6},{"damage":1,"enemies":"Cultist","floor":2,"turns":4},{"damage":5,"enemies":"Small Slimes","floor":4,"turns":3},{"damage":25,"enemies":"Gremlin Nob","floor":7,"turns":4},{"damage":6,"enemies":"Exordium Wildlife","floor":10,"turns":6},{"damage":9,"enemies":"Blue Slaver","floor":11,"turns":4},{"damage":8,"enemies":"Looter","floor":14,"turns":3},{"damage":42,"enemies":"Hexaghost","floor":16,"turns":7},{"damage":19,"enemies":"3 Byrds","floor":18,"turns":5},{"damage":8,"enemies":"2 Thieves","floor":20,"turns":4},{"damage":16,"enemies":"Centurion and Healer","floor":22,"turns":7},{"damage":25,"enemies":"Snake Plant","floor":25,"turns":4},{"damage":48,"enemies":"Gremlin Leader","floor":27,"turns":9},{"damage":29,"enemies":"Shelled Parasite and Fungi","floor":29,"turns":4}],"seed_played":"5715579759208715836","potions_obtained":[{"floor":2,"key":"PowerPotion"},{"floor":3,"key":"EntropicBrew"},{"floor":3,"key":"SteroidPotion"},{"floor":14,"key":"BloodPotion"},{"floor":17,"key":"Strength Potion"},{"floor":20,"key":"Swift Potion"}],"is_trial":false,"path_per_floor":["M","M","?","M","$","R","E","R","T","M","M","?","R","M","R","B",null,"M","$","M","?","M","R","?","M","T","E","$","M"],"character_chosen":"IRONCLAD","items_purchased":["Inflame","Question Card","Ghostly Armor"],"campfire_rested":1,"item_purchase_floors":[5,19,28],"current_hp_per_floor":[88,88,88,88,88,88,69,69,69,69,66,66,66,64,88,52,93,80,80,78,78,77,77,77,58,58,28,28,0],"gold":31,"neow_bonus":"TEN_PERCENT_HP_BONUS","is_prod":false,"is_daily":false,"chose_seed":false,"campfire_upgraded":4,"win_rate":0,"timestamp":1542650778,"path_taken":["M","M","?","M","?","R","E","R","T","M","M","?","R","M","R","BOSS","M","?","M","?","M","R","?","M","T","E","$","M"],"build_version":"2018-11-15","purchased_purges":1,"victory":false,"max_hp_per_floor":[88,88,88,88,88,88,88,88,88,88,88,88,88,88,88,88,93,93,93,93,93,93,93,93,93,93,93,93,93],"card_choices":[{"not_picked":["Warcry","Iron Wave"],"picked":"Twin Strike","floor":1},{"not_picked":["Pummel","Warcry"],"picked":"Armaments","floor":2},{"not_picked":["True Grit","Sever Soul"],"picked":"Flex","floor":4},{"not_picked":["Sever Soul","Body Slam"],"picked":"Demon Form","floor":7},{"not_picked":["Uppercut","Warcry"],"picked":"Twin Strike","floor":10},{"not_picked":["Searing Blow","Warcry"],"picked":"Anger","floor":11},{"not_picked":["Flex","Shockwave"],"picked":"Shrug It Off","floor":14},{"not_picked":["True Grit","Whirlwind"],"picked":"Twin Strike","floor":17},{"not_picked":["Shockwave","Iron Wave"],"picked":"Shrug It Off+1","floor":18},{"not_picked":["Iron Wave","Sever Soul","Pommel Strike"],"picked":"Twin Strike+1","floor":20},{"not_picked":["Cleave","Shrug It Off","Wild Strike","Brutality"],"picked":"SKIP","floor":22},{"not_picked":["Anger","Sword Boomerang","Thunderclap","Entrench"],"picked":"SKIP","floor":25},{"not_picked":["Twin Strike","Perfected Strike","Brutality"],"picked":"Ghostly Armor+1","floor":27}],"player_experience":60256,"relics_obtained":[{"floor":7,"key":"Smiling Mask"},{"floor":9,"key":"Orichalcum"},{"floor":26,"key":"Meat on the Bone"},{"floor":27,"key":"Gremlin Horn"}],"event_choices":[{"damage_healed":0,"gold_gain":0,"player_choice":"Got Potions","damage_taken":0,"max_hp_gain":0,"max_hp_loss":0,"event_name":"Lab","floor":3,"gold_loss":0},{"damage_healed":0,"gold_gain":0,"player_choice":"Ignored","damage_taken":0,"max_hp_gain":0,"max_hp_loss":0,"event_name":"Purifier","floor":12,"gold_loss":0},{"damage_healed":0,"gold_gain":0,"player_choice":"Ignored","damage_taken":0,"max_hp_gain":0,"max_hp_loss":0,"event_name":"Vampires","floor":21,"gold_loss":0},{"damage_healed":0,"gold_gain":0,"player_choice":"Inject Mutagens","damage_taken":0,"relics_obtained":["MutagenicStrength"],"max_hp_gain":0,"max_hp_loss":0,"event_name":"Drug Dealer","floor":24,"gold_loss":0}],"is_beta":false,"boss_relics":[{"not_picked":["Ectoplasm","Velvet Choker"],"picked":"Tiny House"}],"items_purged_floors":[5],"is_endless":false,"potions_floor_spawned":[2,4,14,20],"killed_by":"Shelled Parasite and Fungi","ascension_level":0}