{"gold_per_floor":[118,131,131,131,96,96,112,147,218,237,252,252,70,27,27,152,215,239,26,41,41,41,41,57,57],"floor_reached":25,"playtime":1354,"items_purged":["Strike_G"],"score":261,"play_id":"d09848e8-3b6a-4c54-8592-16ba8abcc152","local_time":"20190108213317","is_ascension_mode":true,"campfire_choices":[{"data":"Night Terror","floor":6,"key":"SMITH"},{"floor":12,"key":"REST"},{"data":"Neutralize","floor":15,"key":"SMITH"},{"data":"Apotheosis","floor":23,"key":"SMITH"}],"neow_cost":"NONE","seed_source_timestamp":2756510170320396,"circlet_count":0,"master_deck":["Defend_G","Defend_G","Defend_G","Defend_G","Defend_G","Strike_G","Strike_G+1","Strike_G","Strike_G","Survivor","Neutralize+1","Night Terror+1","Poisoned Stab","Deadly Poison","A Thousand Cuts","Distraction","Caltrops","Well Laid Plans","Backflip","Dash","Tools of the Trade","Dagger Spray+1","Apotheosis+1","Dodge and Roll","Backflip","Escape Plan"],"relics":["Ring of the Snake","Golden Idol","Orichalcum","Tiny House"],"potions_floor_usage":[11,16,24,25,25],"damage_taken":[{"damage":4,"enemies":"Small Slimes","floor":1,"turns":3},{"damage":1,"enemies":"2 Louse","floor":2,"turns":3},{"damage":1,"enemies":"Cultist","floor":7,"turns":3},{"damage":29,"enemies":"3 Sentries","floor":8,"turns":8},{"damage":11,"enemies":"Blue Slaver","floor":10,"turns":4},{"damage":10,"enemies":"Exordium Thugs","floor":11,"turns":5},{"damage":36,"enemies":"Slime Boss","floor":16,"turns":10},{"damage":16,"enemies":"Chosen","floor":18,"turns":7},{"damage":12,"enemies":"Spheric Guardian","floor":20,"turns":6},{"damage":9,"enemies":"Snecko","floor":24,"turns":6},{"damage":27,"enemies":"Book of Stabbing","floor":25,"turns":7}],"seed_played":"5605919602496904324","potions_obtained":[{"floor":2,"key":"Regen Potion"},{"floor":8,"key":"FearPotion"},{"floor":10,"key":"AttackPotion"},{"floor":11,"key":"EssenceOfSteel"},{"floor":17,"key":"SneckoOil"},{"floor":20,"key":"AttackPotion"},{"floor":22,"key":"EssenceOfSteel"},{"floor":24,"key":"Swift Potion"}],"is_trial":false,"path_per_floor":["M","M","?","?","?","R","M","E","T","M","M","R","$","?","R","B",null,"M","$","M","?","?","R","M","E"],"character_chosen":"THE_SILENT","items_purchased":["Backflip","Dash","Apotheosis","Dodge and Roll"],"campfire_rested":1,"item_purchase_floors":[13,13,19,19],"current_hp_per_floor":[59,58,58,51,68,68,67,38,38,27,17,38,38,38,38,14,61,45,45,33,33,33,33,24,0],"gold":57,"neow_bonus":"ONE_RANDOM_RARE_CARD","is_prod":false,"is_daily":false,"chose_seed":false,"campfire_upgraded":3,"win_rate":0,"timestamp":1546979597,"path_taken":["M","M","?","?","?","R","M","E","T","M","M","R","$","?","R","BOSS","M","$","M","?","?","R","M","E"],"build_version":"2019-01-03v4","purchased_purges":1,"victory":false,"max_hp_per_floor":[70,70,70,70,70,70,70,70,70,70,70,70,70,70,70,70,75,75,75,75,75,75,75,75,75],"card_choices":[{"not_picked":["Bane","Dagger Throw"],"picked":"Poisoned Stab","floor":1},{"not_picked":["Bouncing Flask","Crippling Poison"],"picked":"Deadly Poison","floor":2},{"not_picked":["Deflect","Underhanded Strike"],"picked":"A Thousand Cuts","floor":7},{"not_picked":["Masterful Stab","Deadly Poison"],"picked":"Distraction","floor":8},{"not_picked":["Outmaneuver","Endless Agony"],"picked":"Caltrops","floor":10},{"not_picked":["PiercingWail","Backstab"],"picked":"Well Laid Plans","floor":11},{"not_picked":["Storm of Steel","Grand Finale"],"picked":"Tools of the Trade","floor":16},{"not_picked":["Finisher","Flying Knee+1"],"picked":"Dagger Spray+1","floor":18},{"not_picked":["Deadly Poison","Outmaneuver+1"],"picked":"Backflip","floor":20},{"not_picked":["Caltrops","Die Die Die"],"picked":"Escape Plan","floor":24}],"player_experience":690323,"relics_obtained":[{"floor":8,"key":"Orichalcum"}],"event_choices":[{"damage_healed":0,"gold_gain":0,"player_choice":"Take Wound","damage_taken":0,"relics_obtained":["Golden Idol"],"max_hp_gain":0,"max_hp_loss":0,"event_name":"Golden Idol","floor":3,"gold_loss":0,"cards_obtained":["Injury"]},{"cards_removed":["Injury"],"damage_healed":0,"gold_gain":0,"player_choice":"Card Removal","damage_taken":7,"max_hp_gain":0,"max_hp_loss":0,"event_name":"Golden Wing","floor":4,"gold_loss":0},{"damage_healed":17,"gold_gain":0,"player_choice":"Healed","damage_taken":0,"max_hp_gain":0,"max_hp_loss":0,"event_name":"The Cleric","floor":5,"gold_loss":35},{"damage_healed":0,"gold_gain":0,"player_choice":"Left Gold","damage_taken":0,"max_hp_gain":0,"max_hp_loss":0,"event_name":"World of Goop","floor":14,"gold_loss":43},{"damage_healed":0,"gold_gain":0,"player_choice":"Ignored","damage_taken":0,"max_hp_gain":0,"max_hp_loss":0,"event_name":"Ghosts","floor":21,"gold_loss":0},{"damage_healed":0,"gold_gain":0,"player_choice":"Got Potions","damage_taken":0,"max_hp_gain":0,"max_hp_loss":0,"event_name":"Lab","floor":22,"gold_loss":0}],"is_beta":false,"boss_relics":[{"not_picked":["Busted Crown","Orrery"],"picked":"Tiny House"}],"items_purged_floors":[13],"is_endless":false,"potions_floor_spawned":[2,8,10,11,20,24],"killed_by":"Book of Stabbing","ascension_level":6}