{"gold_per_floor":[117,192,212,230,9,9,9,9,62,72,72,107,125,156,156,260,260,274,199,209,20,32,59,137,166,166,178,207,207,207,207,207,308,308,328,348,397,412,0,10,10,10,60,60,87,87,103,115,115,115],"floor_reached":51,"playtime":3810,"items_purged":["Strike_R","Strike_R"],"score":777,"play_id":"acf5f0db-c18b-42e1-871d-bfb3ec17bd66","local_time":"20180724123921","is_ascension_mode":false,"campfire_choices":[{"data":"Heavy Blade","floor":6,"key":"SMITH"},{"data":"Searing Blow","floor":11,"key":"SMITH"},{"floor":15,"key":"REST"},{"floor":29,"key":"REST"},{"floor":32,"key":"REST"},{"floor":42,"key":"REST"},{"floor":44,"key":"REST"},{"floor":49,"key":"REST"}],"neow_cost":"","seed_source_timestamp":496533384638543,"circlet_count":0,"master_deck":["Strike_R","Strike_R","Defend_R","Defend_R","Defend_R","Defend_R","Bash","Heavy Blade+1","Anger","Searing Blow+1","Anger","Panacea","Rampage","Shockwave","Thunderclap+1","Fire Breathing","Bludgeon","Impervious","Shockwave","Heavy Blade","Clash+1","Whirlwind","Cleave","Immolate","Ghostly Armor+1","Battle Trance","Power Through+1","Bludgeon","Clash+1","Body Slam+1","Clash","Master of Strategy","Warcry","Flame Barrier","Intimidate+1","Carnage+1","Twin Strike+1"],"relics":["Burning Blood","Potion Belt","Regal Pillow","Pen Nib","Matryoshka","Fusion Hammer","Pear","Whetstone","Kunai","Bronze Scales","Strawberry","Letter Opener","Omamori","Ornamental Fan","Black Star","Gambling Chip","Bag of Marbles","Calipers","Charon\u0027s Ashes"],"potions_floor_usage":[16,18,25,25,25,28,41,41,50,50,50],"damage_taken":[{"damage":1,"enemies":"Jaw Worm","floor":1,"turns":6},{"damage":6,"enemies":"Cultist","floor":3,"turns":3},{"damage":0,"enemies":"Small Slimes","floor":4,"turns":2},{"damage":14,"enemies":"Gremlin Gang","floor":10,"turns":7},{"damage":29,"enemies":"Gremlin Nob","floor":12,"turns":5},{"damage":8,"enemies":"Lots of Slimes","floor":13,"turns":4},{"damage":27,"enemies":"Lagavulin","floor":14,"turns":6},{"damage":31,"enemies":"Hexaghost","floor":16,"turns":7},{"damage":10,"enemies":"Spheric Guardian","floor":18,"turns":3},{"damage":0,"enemies":"Chosen","floor":20,"turns":4},{"damage":0,"enemies":"Snake Plant","floor":22,"turns":1},{"damage":17,"enemies":"Gremlin Leader","floor":23,"turns":6},{"damage":46,"enemies":"Book of Stabbing","floor":25,"turns":6},{"damage":11,"enemies":"Snecko","floor":27,"turns":3},{"damage":19,"enemies":"Slavers","floor":28,"turns":3},{"damage":13,"enemies":"Centurion and Healer","floor":31,"turns":5},{"damage":72,"enemies":"Automaton","floor":33,"turns":11},{"damage":0,"enemies":"Flame Bruiser 1 Orb","floor":35,"turns":5},{"damage":11,"enemies":"Orb Walker","floor":36,"turns":2},{"damage":30,"floor":37,"turns":5},{"damage":24,"enemies":"Sphere and 2 Shapes","floor":38,"turns":4},{"damage":17,"enemies":"4 Shapes","floor":40,"turns":2},{"damage":32,"enemies":"Giant Head","floor":41,"turns":6},{"damage":18,"enemies":"Nemesis","floor":45,"turns":5},{"damage":0,"enemies":"Flame Bruiser 2 Orb","floor":47,"turns":4},{"damage":16,"enemies":"Sphere and 2 Shapes","floor":48,"turns":5},{"damage":84,"enemies":"Awakened One","floor":50,"turns":14}],"seed_played":"-115362524656976037","potions_obtained":[{"floor":4,"key":"LiquidBronze"},{"floor":10,"key":"Explosive Potion"},{"floor":14,"key":"Explosive Potion"},{"floor":16,"key":"SneckoOil"},{"floor":20,"key":"AttackPotion"},{"floor":23,"key":"Explosive Potion"},{"floor":27,"key":"Regen Potion"},{"floor":33,"key":"SmokeBomb"},{"floor":36,"key":"SpeedPotion"},{"floor":40,"key":"Energy Potion"},{"floor":45,"key":"SteroidPotion"},{"floor":48,"key":"Regen Potion"}],"is_trial":false,"path_per_floor":["M","?","M","M","$","R","?","$","T","M","R","E","M","E","R","B",null,"M","?","M","$","M","E","T","E","T","M","E","R","T","M","R","B",null,"M","M","?","M","$","M","E","R","T","R","E","?","M","M","R","B"],"character_chosen":"IRONCLAD","items_purchased":["Anger","Panacea","Rampage","Clash","Whirlwind","Regen Potion","Master of Strategy","Warcry"],"campfire_rested":6,"item_purchase_floors":[5,5,5,21,21,39,39,39],"current_hp_per_floor":[80,72,72,78,78,78,78,78,78,70,70,47,45,24,63,38,80,76,76,80,80,80,79,79,39,46,41,37,81,81,74,97,31,97,97,92,68,50,50,39,28,72,72,97,85,85,91,81,97,34],"gold":115,"neow_bonus":"","is_prod":false,"is_daily":false,"chose_seed":false,"campfire_upgraded":2,"win_rate":0.0,"timestamp":1532457561,"path_taken":["M","?","?","M","$","R","?","$","T","?","R","E","?","E","R","BOSS","M","?","M","$","M","E","?","E","T","M","E","R","?","M","R","BOSS","M","M","?","M","$","?","E","R","T","R","E","?","M","M","R","BOSS"],"build_version":"2018-07-19v2","purchased_purges":2,"victory":true,"max_hp_per_floor":[80,80,80,80,80,80,80,80,80,80,80,80,80,80,80,80,80,80,80,80,80,80,90,90,90,97,97,97,97,97,97,97,97,97,97,97,97,97,97,97,97,97,97,97,97,97,97,97,97,97],"card_choices":[{"not_picked":["Rupture","Sever Soul"],"picked":"Heavy Blade","floor":1},{"not_picked":["Blood for Blood","Perfected Strike"],"picked":"Anger","floor":3},{"not_picked":["Armaments","Demon Form"],"picked":"Searing Blow","floor":4},{"not_picked":["Clothesline","Wild Strike"],"picked":"Shockwave","floor":10},{"not_picked":["Corruption","Rupture"],"picked":"Thunderclap","floor":12},{"not_picked":["Wild Strike","Armaments"],"picked":"Fire Breathing","floor":13},{"not_picked":["Barricade","True Grit"],"picked":"Bludgeon","floor":14},{"not_picked":["Demon Form","Dark Embrace"],"picked":"Impervious","floor":16},{"not_picked":["Shrug It Off","True Grit"],"picked":"Shockwave","floor":18},{"not_picked":["Iron Wave","Feel No Pain"],"picked":"Heavy Blade","floor":20},{"not_picked":["Metallicize","True Grit+1"],"picked":"Cleave","floor":22},{"not_picked":["Flex","Cleave"],"picked":"Immolate","floor":23},{"not_picked":["Perfected Strike","Burning Pact"],"picked":"Ghostly Armor+1","floor":25},{"not_picked":["Wild Strike","True Grit","Entrench"],"picked":"SKIP","floor":27},{"not_picked":["Second Wind","Twin Strike"],"picked":"Battle Trance","floor":28},{"not_picked":["Disarm","Wild Strike+1"],"picked":"Power Through+1","floor":31},{"not_picked":["Impervious","Dark Embrace"],"picked":"Bludgeon","floor":33},{"not_picked":["Perfected Strike","Uppercut","Iron Wave+1"],"picked":"SKIP","floor":35},{"not_picked":["Disarm+1","Rage"],"picked":"Clash+1","floor":36},{"not_picked":["Hemokinesis","Intimidate"],"picked":"Body Slam+1","floor":37},{"not_picked":["Uppercut+1","Heavy Blade+1"],"picked":"Clash","floor":38},{"not_picked":["Body Slam+1","Disarm"],"picked":"Flame Barrier","floor":40},{"not_picked":["Body Slam","Thunderclap"],"picked":"Intimidate+1","floor":45},{"not_picked":["Shrug It Off","Entrench+1"],"picked":"Carnage+1","floor":47},{"not_picked":["Brutality","Fire Breathing"],"picked":"Twin Strike+1","floor":48}],"player_experience":120670,"relics_obtained":[{"floor":9,"key":"Regal Pillow"},{"floor":12,"key":"Pen Nib"},{"floor":14,"key":"Matryoshka"},{"floor":23,"key":"Pear"},{"floor":24,"key":"Whetstone"},{"floor":24,"key":"Kunai"},{"floor":25,"key":"Bronze Scales"},{"floor":26,"key":"Strawberry"},{"floor":26,"key":"Letter Opener"},{"floor":28,"key":"Omamori"},{"floor":30,"key":"Ornamental Fan"},{"floor":37,"key":"Gambling Chip"},{"floor":43,"key":"Bag of Marbles"},{"floor":45,"key":"Calipers"},{"floor":45,"key":"Charon\u0027s Ashes"}],"event_choices":[{"event_name":"FaceTrader","player_choice":"Touch","floor":2,"damage_taken":0},{"event_name":"Big Fish","player_choice":"Box","floor":7,"damage_taken":0},{"event_name":"Beggar","player_choice":"Gave Gold","floor":19,"damage_taken":0},{"event_name":"Mysterious Sphere","player_choice":"Fight","floor":37,"damage_taken":0},{"event_name":"Falling","player_choice":"Removed Attack","floor":46,"damage_taken":0}],"is_beta":false,"boss_relics":[{"not_picked":["Eternal Feather","Mark of Pain"],"picked":"Fusion Hammer"},{"not_picked":["Runic Cube","Sozu"],"picked":"Black Star"}],"items_purged_floors":[21,39],"is_endless":false,"potions_floor_spawned":[4,10,14,16,20,23,27,33,36,40,45,48],"ascension_level":0}