{"gold_per_floor":[215,215,228,228,247,275,286,286,313,313,313,313,324,67,67,167,167,184,184,107,107,47,47,47],"floor_reached":24,"playtime":1550,"items_purged":[],"score":192,"play_id":"7a2571ff-3b97-46a8-862f-63e4e8df4e86","local_time":"20181130133343","is_ascension_mode":false,"campfire_choices":[{"floor":8,"key":"REST"},{"data":"Buffer","floor":10,"key":"SMITH"},{"data":"Zap","floor":12,"key":"SMITH"},{"data":"Leap","floor":15,"key":"SMITH"},{"data":"Defend_B","floor":23,"key":"SMITH"}],"neow_cost":"NONE","seed_source_timestamp":1354196968440309,"circlet_count":0,"master_deck":["Strike_B","Strike_B","Strike_B","Strike_B","Defend_B","Defend_B","Defend_B+1","Defend_B+1","Zap+1","Dualcast","Beam Cell","Conserve Battery+1","Buffer+1","Leap+1","Self Repair","Multi-Cast","Self Repair","Ball Lightning+1"],"relics":["Cracked Core","War Paint","Centennial Puzzle","Singing Bowl","Pantograph","Inserter"],"potions_floor_usage":[16],"damage_taken":[{"damage":0,"enemies":"Small Slimes","floor":1,"turns":4},{"damage":0,"enemies":"2 Louse","floor":3,"turns":3},{"damage":0,"enemies":"Jaw Worm","floor":5,"turns":4},{"damage":36,"enemies":"3 Sentries","floor":6,"turns":12},{"damage":0,"enemies":"3 Louse","floor":7,"turns":3},{"damage":16,"enemies":"Exordium Wildlife","floor":13,"turns":4},{"damage":20,"enemies":"The Guardian","floor":16,"turns":13},{"damage":17,"enemies":"Shell Parasite","floor":18,"turns":15},{"damage":10,"enemies":"2 Thieves","floor":22,"turns":4},{"damage":0,"enemies":"Shelled Parasite and Fungi","floor":24,"turns":2}],"seed_played":"8211621809542950144","potions_obtained":[{"floor":1,"key":"GamblersBrew"},{"floor":13,"key":"FocusPotion"},{"floor":18,"key":"LiquidBronze"}],"is_trial":false,"path_per_floor":["M","?","M","?","M","E","M","R","T","R","T","R","M","$","R","B",null,"M","?","$","?","M","R","M"],"character_chosen":"DEFECT","items_purchased":["Pantograph","Self Repair"],"campfire_rested":1,"item_purchase_floors":[14,20],"current_hp_per_floor":[75,75,75,75,75,39,39,61,61,61,61,61,54,54,54,64,77,69,69,69,69,73,73,73],"gold":47,"neow_bonus":"HUNDRED_GOLD","is_prod":false,"is_daily":false,"chose_seed":false,"campfire_upgraded":4,"win_rate":0.0,"timestamp":1543581223,"path_taken":["M","?","M","?","M","E","M","R","T","R","?","R","M","$","R","BOSS","M","?","$","?","M","R","M"],"build_version":"2018-11-15","purchased_purges":0,"victory":false,"max_hp_per_floor":[75,75,75,75,75,75,75,75,75,75,75,75,77,77,77,77,77,79,79,79,79,79,79,79],"card_choices":[{"not_picked":["Blizzard","Stack"],"picked":"Beam Cell","floor":1},{"not_picked":["Sweeping Beam","Rebound"],"picked":"Conserve Battery","floor":3},{"not_picked":["Go for the Eyes","Compile Driver"],"picked":"Buffer","floor":5},{"not_picked":["Redo","Storm"],"picked":"Leap","floor":6},{"not_picked":["Hello World","Conserve Battery"],"picked":"Self Repair","floor":7},{"not_picked":["Rip and Tear","Steam","Undo"],"picked":"Singing Bowl","floor":13},{"not_picked":["Fission","Machine Learning"],"picked":"Multi-Cast","floor":16},{"not_picked":["Go for the Eyes","Auto Shields","Gash"],"picked":"Singing Bowl","floor":18},{"not_picked":["Stack","Rebound"],"picked":"Ball Lightning+1","floor":22}],"player_experience":117468,"relics_obtained":[{"floor":6,"key":"War Paint"},{"floor":9,"key":"Centennial Puzzle"},{"floor":11,"key":"Singing Bowl"}],"event_choices":[{"damage_healed":0,"gold_gain":0,"player_choice":"Leave","damage_taken":0,"max_hp_gain":0,"max_hp_loss":0,"event_name":"The Cleric","floor":2,"gold_loss":0},{"damage_healed":0,"gold_gain":0,"player_choice":"Ignored","damage_taken":0,"max_hp_gain":0,"max_hp_loss":0,"event_name":"Shining Light","floor":4,"gold_loss":0},{"damage_healed":0,"gold_gain":0,"player_choice":"Ignored","damage_taken":0,"max_hp_gain":0,"max_hp_loss":0,"event_name":"Ghosts","floor":19,"gold_loss":0},{"damage_healed":0,"gold_gain":0,"player_choice":"Ignored","damage_taken":0,"max_hp_gain":0,"max_hp_loss":0,"event_name":"Beggar","floor":21,"gold_loss":0}],"is_beta":false,"boss_relics":[{"not_picked":["Fusion Hammer","White Beast Statue"],"picked":"Inserter"}],"items_purged_floors":[],"is_endless":false,"potions_floor_spawned":[1,13,18],"killed_by":"Shelled Parasite and Fungi","ascension_level":0}