{"gold_per_floor":[117,130,55,55,69,99,99,126,126,126,140,140,140,40,40,143,143,143],"floor_reached":18,"playtime":804,"items_purged":["Strike_R","Strike_R"],"score":193,"play_id":"9bd99772-313c-4d2e-91ff-ee8417f94676","local_time":"20190111214858","is_ascension_mode":true,"campfire_choices":[{"data":"Armaments","floor":7,"key":"SMITH"},{"floor":10,"key":"REST"},{"data":"Seeing Red","floor":12,"key":"SMITH"},{"floor":15,"key":"REST"}],"neow_cost":"NONE","seed_source_timestamp":41875203809217,"circlet_count":0,"master_deck":["Strike_R","Strike_R+1","Strike_R","Defend_R","Defend_R","Defend_R","Defend_R","Bash","Heavy Blade","Armaments+1","Clothesline","Impervious+1","Seeing Red+1","Iron Wave","Metallicize+1","Dual Wield","Reaper"],"relics":["Burning Blood","Letter Opener","PreservedInsect","Dream Catcher","Frozen Egg 2","Runic Pyramid"],"potions_floor_usage":[],"damage_taken":[{"damage":6,"enemies":"Cultist","floor":1,"turns":4},{"damage":0,"enemies":"Small Slimes","floor":2,"turns":3},{"damage":9,"enemies":"2 Louse","floor":5,"turns":4},{"damage":27,"enemies":"Gremlin Nob","floor":6,"turns":5},{"damage":20,"enemies":"3 Sentries","floor":8,"turns":8},{"damage":4,"enemies":"Blue Slaver","floor":11,"turns":5},{"damage":60,"enemies":"The Guardian","floor":16,"turns":23},{"damage":11,"enemies":"Shell Parasite","floor":18,"turns":10}],"seed_played":"-9134260850823226982","potions_obtained":[{"floor":2,"key":"GamblersBrew"},{"floor":6,"key":"Swift Potion"},{"floor":8,"key":"Energy Potion"},{"floor":11,"key":"Regen Potion"}],"is_trial":false,"path_per_floor":["M","M","$","?","M","E","R","E","T","R","M","R","?","$","R","B",null,"M"],"character_chosen":"IRONCLAD","items_purchased":[],"campfire_rested":2,"item_purchase_floors":[],"current_hp_per_floor":[88,88,88,81,78,57,57,43,43,69,71,71,53,53,79,25,88,77],"gold":143,"neow_bonus":"TEN_PERCENT_HP_BONUS","is_prod":false,"is_daily":false,"chose_seed":false,"campfire_upgraded":2,"win_rate":0,"timestamp":1547239738,"path_taken":["M","?","$","?","M","E","R","E","T","R","M","R","?","$","R","BOSS","M"],"build_version":"2019-01-10","purchased_purges":2,"victory":false,"max_hp_per_floor":[88,88,88,88,88,88,88,88,88,88,88,88,88,88,88,88,88,88],"card_choices":[{"not_picked":["Warcry","Body Slam"],"picked":"Heavy Blade","floor":1},{"not_picked":["Clothesline","Sentinel"],"picked":"Armaments","floor":2},{"not_picked":["Perfected Strike","Searing Blow"],"picked":"Clothesline","floor":5},{"not_picked":["Twin Strike","Feel No Pain"],"picked":"Impervious","floor":6},{"not_picked":["Intimidate","Headbutt"],"picked":"Seeing Red","floor":8},{"not_picked":["Armaments","Pommel Strike"],"picked":"Iron Wave","floor":10},{"not_picked":["Havoc","Feel No Pain+1"],"picked":"Metallicize+1","floor":11},{"not_picked":["Heavy Blade","Armaments"],"picked":"Dual Wield","floor":15},{"not_picked":["Offering","Fiend Fire"],"picked":"Reaper","floor":16}],"player_experience":184619,"relics_obtained":[{"floor":6,"key":"PreservedInsect"},{"floor":8,"key":"Dream Catcher"},{"floor":9,"key":"Frozen Egg 2"}],"event_choices":[{"damage_healed":0,"gold_gain":0,"player_choice":"Success","damage_taken":7,"relics_obtained":["Letter Opener"],"max_hp_gain":0,"max_hp_loss":0,"event_name":"Scrap Ooze","floor":4,"gold_loss":0},{"damage_healed":0,"gold_gain":0,"player_choice":"Entered Light","damage_taken":18,"max_hp_gain":0,"max_hp_loss":0,"event_name":"Shining Light","floor":13,"gold_loss":0,"cards_upgraded":["Strike_R","Impervious"]}],"is_beta":false,"boss_relics":[{"not_picked":["Runic Cube","White Beast Statue"],"picked":"Runic Pyramid"}],"items_purged_floors":[3,14],"is_endless":false,"potions_floor_spawned":[2,6,8,11,16],"killed_by":"Shell Parasite","ascension_level":3}