{"gold_per_floor":[109,6,6,6,6,32,32,47,47,78,26,26,55,69,69,69],"floor_reached":16,"playtime":875,"items_purged":[],"score":226,"play_id":"00136562-15ec-4837-affa-9eaa390937a3","local_time":"20190123032055","is_ascension_mode":true,"campfire_choices":[{"data":"Flame Barrier","floor":7,"key":"SMITH"},{"floor":12,"key":"REST"},{"floor":15,"key":"REST"}],"neow_cost":"NONE","seed_source_timestamp":3987426725460374,"circlet_count":0,"master_deck":["AscendersBane","Strike_R","Strike_R","Strike_R","Strike_R","Defend_R","Defend_R","Defend_R","Defend_R","Bash","Headbutt","Discovery+1","Flame Barrier+1","Rampage","Feel No Pain","Armaments"],"relics":["Burning Blood","Pen Nib","Sundial","Singing Bowl","Anchor","Matryoshka"],"potions_floor_usage":[6],"damage_taken":[{"damage":12,"enemies":"Small Slimes","floor":1,"turns":6},{"damage":8,"enemies":"Gremlin Nob","floor":6,"turns":3},{"damage":7,"enemies":"Jaw Worm","floor":8,"turns":3},{"damage":25,"enemies":"3 Sentries","floor":10,"turns":10},{"damage":44,"enemies":"Gremlin Nob","floor":13,"turns":5},{"damage":0,"enemies":"2 Louse","floor":14,"turns":5},{"damage":50,"enemies":"Hexaghost","floor":16,"turns":9}],"seed_played":"2941026909437442936","potions_obtained":[{"floor":1,"key":"Poison Potion"},{"floor":13,"key":"Swift Potion"},{"floor":14,"key":"Swift Potion"}],"is_trial":false,"path_per_floor":["M","$","?","$","?","E","R","M","T","E","?","R","E","M","R","B"],"character_chosen":"IRONCLAD","items_purchased":["Discovery"],"campfire_rested":2,"item_purchase_floors":[2],"current_hp_per_floor":[62,62,62,62,55,53,53,52,52,33,33,55,19,25,48,0],"gold":69,"neow_bonus":"RANDOM_COMMON_RELIC","is_prod":false,"is_daily":false,"chose_seed":false,"campfire_upgraded":1,"win_rate":0,"timestamp":1548210055,"path_taken":["M","$","?","$","?","E","R","M","T","E","?","R","E","?","R","BOSS"],"build_version":"2019-01-17v2","purchased_purges":0,"victory":false,"max_hp_per_floor":[75,75,75,75,75,75,75,75,75,75,75,75,77,77,77,77],"card_choices":[{"not_picked":["Dual Wield","Clothesline"],"picked":"Headbutt","floor":1},{"not_picked":["Pommel Strike","Second Wind"],"picked":"Flame Barrier","floor":6},{"not_picked":["Cleave","Dual Wield"],"picked":"Rampage","floor":8},{"not_picked":["Shrug It Off","Wild Strike"],"picked":"Feel No Pain","floor":10},{"not_picked":["Disarm","Body Slam","Entrench"],"picked":"Singing Bowl","floor":13},{"not_picked":["Searing Blow","Headbutt"],"picked":"Armaments","floor":14}],"player_experience":755436,"relics_obtained":[{"floor":6,"key":"Sundial"},{"floor":9,"key":"Singing Bowl"},{"floor":10,"key":"Anchor"},{"floor":13,"key":"Matryoshka"}],"event_choices":[{"damage_healed":0,"gold_gain":0,"player_choice":"Grow","damage_taken":0,"max_hp_gain":0,"max_hp_loss":0,"event_name":"Living Wall","floor":3,"gold_loss":0,"cards_upgraded":["Discovery"]},{"cards_removed":["Strike_R"],"damage_healed":0,"gold_gain":0,"player_choice":"Card Removal","damage_taken":7,"max_hp_gain":0,"max_hp_loss":0,"event_name":"Golden Wing","floor":5,"gold_loss":0},{"damage_healed":0,"gold_gain":0,"player_choice":"Left Gold","damage_taken":0,"max_hp_gain":0,"max_hp_loss":0,"event_name":"World of Goop","floor":11,"gold_loss":52}],"is_beta":false,"boss_relics":[],"items_purged_floors":[],"is_endless":false,"potions_floor_spawned":[1,13,14],"killed_by":"Hexaghost","ascension_level":19}