{"gold_per_floor":[114,33,33,53,53,53,63,138,138,150,165,165,181,195,195,300,350,370,225,243,243,243,273,273,285,312,312,328,328],"floor_reached":29,"playtime":2628,"items_purged":["Strike_G"],"score":237,"play_id":"657b2a1e-d74b-4752-a805-70edf4c28b6f","local_time":"20190103220701","is_ascension_mode":false,"campfire_choices":[{"data":"Noxious Fumes","floor":6,"key":"SMITH"},{"data":"Poisoned Stab","floor":12,"key":"SMITH"},{"floor":15,"key":"REST"},{"floor":24,"key":"REST"}],"neow_cost":"NONE","seed_source_timestamp":203873464819300,"circlet_count":0,"master_deck":["Defend_G+1","Defend_G","Defend_G","Defend_G","Defend_G","Strike_G","Strike_G+1","Survivor","Neutralize","Caltrops","Backflip+1","Escape Plan","Noxious Fumes+1","Poisoned Stab+1","Choke","Dagger Throw","Infinite Blades","Outmaneuver","Bullet Time","PiercingWail","Well Laid Plans+1","Crippling Poison","Slice+1","Deadly Poison","Prepared","Blur"],"relics":["Ring of the Snake","The Specimen","Tiny House","Nunchaku","Anchor"],"potions_floor_usage":[16,16,25,28,29],"damage_taken":[{"damage":1,"enemies":"Cultist","floor":1,"turns":5},{"damage":0,"enemies":"Small Slimes","floor":4,"turns":3},{"damage":8,"enemies":"Jaw Worm","floor":7,"turns":4},{"damage":1,"enemies":"Blue Slaver","floor":10,"turns":4},{"damage":5,"enemies":"3 Louse","floor":11,"turns":4},{"damage":2,"enemies":"Looter","floor":13,"turns":3},{"damage":5,"enemies":"Exordium Wildlife","floor":14,"turns":5},{"damage":34,"enemies":"Slime Boss","floor":16,"turns":11},{"damage":18,"enemies":"3 Byrds","floor":18,"turns":4},{"damage":7,"enemies":"Chosen","floor":20,"turns":5},{"damage":19,"enemies":"Gremlin Leader","floor":23,"turns":6},{"damage":4,"enemies":"Snecko","floor":25,"turns":5},{"damage":20,"enemies":"Centurion and Healer","floor":28,"turns":6},{"damage":25,"enemies":"Colosseum Slavers","floor":29,"turns":4}],"seed_played":"6648648270252980268","potions_obtained":[{"floor":4,"key":"Dexterity Potion"},{"floor":10,"key":"Swift Potion"},{"floor":14,"key":"GamblersBrew"},{"floor":17,"key":"Swift Potion"},{"floor":23,"key":"Fire Potion"}],"is_trial":false,"path_per_floor":["M","$","?","M","?","R","M","?","T","M","M","R","M","M","R","B",null,"M","$","M","?","?","E","R","M","T","?","M","?"],"character_chosen":"THE_SILENT","items_purchased":["Escape Plan","Crippling Poison"],"campfire_rested":2,"item_purchase_floors":[2,19],"current_hp_per_floor":[69,69,55,55,55,55,47,40,40,39,34,34,32,27,48,14,75,57,57,50,50,36,17,41,37,37,37,17,0],"gold":328,"neow_bonus":"TRANSFORM_CARD","is_prod":false,"is_daily":false,"chose_seed":false,"campfire_upgraded":2,"win_rate":0.0,"timestamp":1546553221,"path_taken":["M","$","?","M","?","R","M","?","T","M","M","R","M","M","R","BOSS","M","$","M","?","?","E","R","M","T","?","M","?"],"build_version":"2018-12-20","purchased_purges":1,"victory":false,"max_hp_per_floor":[70,70,70,70,70,70,70,70,70,70,70,70,70,70,70,70,75,75,75,75,75,80,80,80,80,80,80,80,80],"card_choices":[{"not_picked":["Acrobatics","Deadly Poison"],"picked":"Backflip","floor":1},{"not_picked":["Flying Knee","Slice"],"picked":"Noxious Fumes","floor":4},{"not_picked":["Prepared","Dagger Throw"],"picked":"Poisoned Stab","floor":7},{"not_picked":["Dagger Throw","Eviscerate"],"picked":"Choke","floor":10},{"not_picked":["Flechettes","Finisher"],"picked":"Dagger Throw","floor":11},{"not_picked":["Eviscerate","Acrobatics"],"picked":"Infinite Blades","floor":13},{"not_picked":["Dodge and Roll","Escape Plan"],"picked":"Outmaneuver","floor":14},{"not_picked":["Tools of the Trade","Phantasmal Killer"],"picked":"Bullet Time","floor":16},{"not_picked":["Backflip","Deflect"],"picked":"PiercingWail","floor":17},{"not_picked":["Heel Hook","Acrobatics"],"picked":"Well Laid Plans+1","floor":18},{"not_picked":["Sucker Punch","Blade Dance"],"picked":"Slice+1","floor":20},{"not_picked":["Tools of the Trade","Finisher"],"picked":"Prepared","floor":23},{"not_picked":["Deflect","Blade Dance","Slice"],"picked":"SKIP","floor":25},{"not_picked":["Underhanded Strike","Outmaneuver"],"picked":"Blur","floor":28}],"player_experience":15799,"relics_obtained":[{"floor":9,"key":"The Specimen"},{"floor":23,"key":"Nunchaku"},{"floor":26,"key":"Anchor"}],"event_choices":[{"damage_healed":0,"gold_gain":0,"player_choice":"Entered Light","damage_taken":14,"max_hp_gain":0,"max_hp_loss":0,"event_name":"Shining Light","floor":3,"gold_loss":0,"cards_upgraded":["Defend_G","Strike_G"]},{"cards_removed":["Strike_G"],"damage_healed":0,"gold_gain":0,"player_choice":"Forget","damage_taken":0,"max_hp_gain":0,"max_hp_loss":0,"event_name":"Living Wall","floor":5,"gold_loss":0},{"damage_healed":0,"gold_gain":75,"player_choice":"Touch","damage_taken":7,"max_hp_gain":0,"max_hp_loss":0,"event_name":"FaceTrader","floor":8,"gold_loss":0},{"damage_healed":0,"gold_gain":0,"player_choice":"Read","damage_taken":0,"max_hp_gain":0,"max_hp_loss":0,"event_name":"The Library","floor":21,"gold_loss":0,"cards_obtained":["Deadly Poison"]},{"damage_healed":0,"gold_gain":0,"player_choice":"Shed Blood","damage_taken":19,"max_hp_gain":5,"max_hp_loss":0,"event_name":"Forgotten Altar","floor":22,"gold_loss":0},{"damage_healed":0,"gold_gain":0,"player_choice":"Ignored","damage_taken":0,"max_hp_gain":0,"max_hp_loss":0,"event_name":"Ghosts","floor":27,"gold_loss":0},{"damage_healed":0,"gold_gain":0,"player_choice":"Fight","damage_taken":0,"max_hp_gain":0,"max_hp_loss":0,"event_name":"Colosseum","floor":29,"gold_loss":0}],"is_beta":false,"boss_relics":[{"not_picked":["Busted Crown","Philosopher\u0027s Stone"],"picked":"Tiny House"}],"items_purged_floors":[19],"is_endless":false,"potions_floor_spawned":[4,10,14,23],"killed_by":"Colosseum Slavers","ascension_level":0}