{"gold_per_floor":[119,44,44,57,72,72,72,72,72,89,89,106,137,155,155,155],"floor_reached":16,"playtime":664,"items_purged":["Strike_R"],"score":117,"play_id":"18d37218-a0bc-4080-aaf2-816f8d04e26d","local_time":"20180821215830","is_ascension_mode":true,"campfire_choices":[{"data":"True Grit","floor":6,"key":"SMITH"},{"data":"Shrug It Off","floor":8,"key":"SMITH"},{"floor":15,"key":"REST"}],"neow_cost":"","seed_source_timestamp":480096854378760,"circlet_count":0,"master_deck":["Strike_R","Strike_R","Strike_R","Defend_R","Defend_R","Defend_R","Defend_R","Bash","Inflame","Shrug It Off+1","True Grit+1","Cleave","Double Tap","True Grit"],"relics":["Burning Blood","Vajra","Ornamental Fan"],"potions_floor_usage":[],"damage_taken":[{"damage":13,"enemies":"Jaw Worm","floor":1,"turns":4},{"damage":5,"enemies":"Small Slimes","floor":4,"turns":4},{"damage":0,"enemies":"2 Louse","floor":5,"turns":4},{"damage":40,"enemies":"Gremlin Gang","floor":10,"turns":7},{"damage":9,"enemies":"Large Slime","floor":12,"turns":10},{"damage":17,"enemies":"3 Sentries","floor":13,"turns":8},{"damage":8,"enemies":"3 Louse","floor":14,"turns":4},{"damage":62,"enemies":"Slime Boss","floor":16,"turns":5}],"seed_played":"-3771277306099323740","potions_obtained":[{"floor":1,"key":"SkillPotion"},{"floor":4,"key":"Swift Potion"},{"floor":14,"key":"LiquidBronze"}],"is_trial":false,"path_per_floor":["M","$","?","M","M","R","?","R","T","M","?","M","E","M","R"],"character_chosen":"IRONCLAD","items_purchased":[],"campfire_rested":1,"item_purchase_floors":[],"current_hp_per_floor":[73,73,73,74,80,80,80,80,80,46,46,43,32,30,54,0],"gold":155,"neow_bonus":"","is_prod":false,"is_daily":false,"chose_seed":false,"campfire_upgraded":2,"win_rate":0,"timestamp":1534859910,"path_taken":["M","$","?","M","?","R","?","R","T","M","?","M","E","M","R","BOSS"],"build_version":"2018-08-16","purchased_purges":1,"victory":false,"max_hp_per_floor":[80,80,80,80,80,80,80,80,80,80,80,80,80,80,80,80],"card_choices":[{"not_picked":["Body Slam","Anger"],"picked":"Inflame","floor":1},{"not_picked":["Burning Pact","Wild Strike"],"picked":"Shrug It Off","floor":4},{"not_picked":["Thunderclap","Pummel"],"picked":"True Grit","floor":5},{"not_picked":["Headbutt","Heavy Blade","Pommel Strike"],"picked":"SKIP","floor":10},{"not_picked":["Flex","Warcry"],"picked":"Cleave","floor":12},{"not_picked":["Body Slam","Wild Strike"],"picked":"Double Tap","floor":13},{"not_picked":["Heavy Blade","Clothesline"],"picked":"True Grit","floor":14}],"player_experience":264918,"relics_obtained":[{"floor":9,"key":"Vajra"},{"floor":13,"key":"Ornamental Fan"}],"event_choices":[{"event_name":"The Cleric","player_choice":"Leave","floor":3,"damage_taken":0},{"event_name":"Purifier","player_choice":"One Purge","floor":7,"damage_taken":0},{"event_name":"Golden Idol","player_choice":"Ignored","floor":11,"damage_taken":0}],"is_beta":false,"boss_relics":[],"items_purged_floors":[2],"is_endless":false,"potions_floor_spawned":[1,4,14],"killed_by":"Slime Boss","ascension_level":3}