{"gold_per_floor":[117,137,154,154,167,167,182,214,288,303,303,303,331,349,349,450,450,462,473,346,361,32,58,58,73,119,153,172,172,272,291,291,396,396,412,162,185,201,188,188,218,218,218,230,230,230,230,230,230,230,230,230,9,34,34],"floor_reached":55,"playtime":3061,"items_purged":["Strike_R","Strike_R"],"score":747,"play_id":"0f11baa2-f70e-4629-9d22-92f419a1e980","local_time":"20190201195250","is_ascension_mode":false,"campfire_choices":[{"data":"Uppercut","floor":6,"key":"SMITH"},{"floor":12,"key":"REST"},{"data":"Metallicize","floor":15,"key":"SMITH"},{"data":"Armaments","floor":24,"key":"SMITH"},{"floor":29,"key":"REST"},{"data":"Inflame","floor":32,"key":"SMITH"},{"data":"Disarm","floor":40,"key":"SMITH"},{"data":"Rage","floor":42,"key":"SMITH"},{"floor":45,"key":"RECALL"},{"floor":49,"key":"REST"},{"data":"Metallicize","floor":52,"key":"SMITH"}],"neow_cost":"NONE","seed_source_timestamp":113852442310386,"circlet_count":0,"master_deck":["Strike_R","Strike_R","Defend_R","Defend_R","Defend_R","Defend_R","Bash","Uppercut+1","Battle Trance","Whirlwind+1","Metallicize+1","Feed+1","Dropkick+1","Cleave+1","Armaments+1","Ghostly Armor","Metallicize+1","Disarm+1","Inflame+1","Immolate+1","Rage+1","Iron Wave+1","Shrug It Off","Madness","Madness","Anger+1","Metallicize"],"relics":["Burning Blood","Torii","Molten Egg 2","Du-Vu Doll","Dream Catcher","Runic Pyramid","Bottled Tornado","Red Skull","Happy Flower","Meat on the Bone","Busted Crown","Membership Card","Self Forming Clay","Paper Frog","Bag of Preparation","Vajra"],"potions_floor_usage":[8,16,16,21,23,27,50,50,50,50,50,54,55,55],"damage_taken":[{"damage":10,"enemies":"Jaw Worm","floor":1,"turns":4},{"damage":7,"enemies":"2 Louse","floor":2,"turns":3},{"damage":1,"enemies":"Cultist","floor":3,"turns":3},{"damage":21,"enemies":"3 Louse","floor":5,"turns":4},{"damage":15,"enemies":"2 Fungi Beasts","floor":7,"turns":4},{"damage":33,"enemies":"3 Sentries","floor":8,"turns":11},{"damage":2,"enemies":"Blue Slaver","floor":10,"turns":3},{"damage":1,"enemies":"Gremlin Nob","floor":13,"turns":3},{"damage":0,"enemies":"3 Louse","floor":14,"turns":1},{"damage":10,"enemies":"The Guardian","floor":16,"turns":15},{"damage":15,"enemies":"Shell Parasite","floor":18,"turns":8},{"damage":19,"enemies":"Spheric Guardian","floor":19,"turns":6},{"damage":8,"enemies":"Snecko","floor":21,"turns":5},{"damage":25,"enemies":"Gremlin Leader","floor":23,"turns":8},{"damage":19,"enemies":"Sentry and Sphere","floor":25,"turns":8},{"damage":31,"enemies":"Slavers","floor":27,"turns":6},{"damage":16,"enemies":"Shelled Parasite and Fungi","floor":28,"turns":6},{"damage":2,"enemies":"Chosen and Byrds","floor":31,"turns":5},{"damage":39,"enemies":"Collector","floor":33,"turns":10},{"damage":10,"enemies":"3 Darklings","floor":35,"turns":3},{"damage":6,"enemies":"Orb Walker","floor":38,"turns":4},{"damage":66,"enemies":"Giant Head","floor":41,"turns":13},{"damage":1,"enemies":"Spire Growth","floor":44,"turns":5},{"damage":43,"enemies":"Awakened One","floor":50,"turns":13},{"damage":51,"enemies":"Shield and Spear","floor":54,"turns":8},{"damage":86,"enemies":"The Heart","floor":55,"turns":9}],"seed_played":"687859966150793762","potions_obtained":[{"floor":5,"key":"BloodPotion"},{"floor":8,"key":"FairyPotion"},{"floor":10,"key":"SpeedPotion"},{"floor":13,"key":"Strength Potion"},{"floor":16,"key":"Energy Potion"},{"floor":19,"key":"Weak Potion"},{"floor":25,"key":"SkillPotion"},{"floor":27,"key":"Swift Potion"},{"floor":33,"key":"Ancient Potion"},{"floor":44,"key":"BloodPotion"}],"is_trial":false,"path_per_floor":["M","M","M","?","M","R","M","E","T","M","?","R","E","M","R","B",null,"M","M","$","M","$","E","R","M","T","E","M","R","?","M","R","B",null,"M","$","T","M","$","R","E","R","T","M","R","?","?","?","R","B",null,"R","$","E","B"],"character_chosen":"IRONCLAD","items_purchased":["Armaments","Bottled Tornado","Metallicize","Membership Card","EntropicBrew","Shrug It Off","Bag of Preparation","EssenceOfSteel","Energy Potion","Metallicize"],"campfire_rested":3,"item_purchase_floors":[20,22,22,36,36,39,53,53,53,53],"current_hp_per_floor":[76,75,80,73,58,58,49,30,30,34,27,51,56,62,62,62,84,75,62,62,60,60,45,45,36,36,15,31,61,61,69,69,52,108,108,108,108,112,112,112,64,64,64,73,73,73,58,58,94,73,124,124,124,83,0],"gold":34,"neow_bonus":"THREE_CARDS","is_prod":false,"is_daily":false,"chose_seed":false,"campfire_upgraded":7,"win_rate":0,"timestamp":1549043570,"path_taken":["M","M","M","?","M","R","M","E","T","M","?","R","E","M","R","BOSS","M","M","$","M","$","E","R","M","T","E","M","R","?","M","R","BOSS","M","$","?","M","$","R","E","R","T","M","R","?","?","?","R","BOSS","R","$","E","BOSS"],"build_version":"2019-01-23","purchased_purges":2,"victory":false,"max_hp_per_floor":[80,80,80,80,80,80,80,80,80,80,80,80,80,80,80,84,84,84,84,84,84,84,88,88,92,92,96,100,100,100,104,104,108,108,112,112,112,116,116,116,116,116,116,120,120,120,120,120,120,124,124,124,124,128,128],"card_choices":[{"not_picked":["Heavy Blade","Perfected Strike","Headbutt"],"picked":"SKIP","floor":1},{"not_picked":["Heavy Blade","Berserk"],"picked":"Uppercut","floor":2},{"not_picked":["Clash","Perfected Strike","Headbutt"],"picked":"SKIP","floor":3},{"not_picked":["Warcry","Sword Boomerang","Anger"],"picked":"SKIP","floor":5},{"not_picked":["Shrug It Off","Sword Boomerang"],"picked":"Battle Trance","floor":7},{"not_picked":["Sword Boomerang","Perfected Strike","Pommel Strike"],"picked":"SKIP","floor":8},{"not_picked":["Iron Wave+1","Corruption"],"picked":"Whirlwind+1","floor":10},{"not_picked":["Fire Breathing","Cleave+1"],"picked":"Metallicize","floor":13},{"not_picked":["Flex","Wild Strike+1"],"picked":"Feed+1","floor":14},{"not_picked":["Pommel Strike+1","Thunderclap+1"],"picked":"Dropkick+1","floor":18},{"not_picked":["Wild Strike+1","Corruption"],"picked":"Cleave+1","floor":19},{"not_picked":["Havoc+1","Warcry+1"],"picked":"Ghostly Armor","floor":21},{"not_picked":["Brutality","Pommel Strike+1"],"picked":"Disarm","floor":23},{"not_picked":["Havoc","Dual Wield+1"],"picked":"Inflame","floor":25},{"not_picked":["Armaments+1","Iron Wave+1"],"picked":"Immolate+1","floor":27},{"not_picked":["Pummel+1","True Grit"],"picked":"Rage","floor":28},{"not_picked":["Warcry","Twin Strike+1","Flex+1"],"picked":"SKIP","floor":31},{"not_picked":["Cleave+1"],"picked":"SKIP","floor":35},{"not_picked":[],"picked":"Iron Wave+1","floor":38},{"not_picked":["Clothesline+1"],"picked":"SKIP","floor":41},{"not_picked":["Wild Strike+1"],"picked":"SKIP","floor":44},{"not_picked":[],"picked":"Anger+1","floor":49},{"not_picked":["Feed+1"],"picked":"SKIP","floor":54}],"player_experience":211671,"relics_obtained":[{"floor":8,"key":"Torii"},{"floor":9,"key":"Molten Egg 2"},{"floor":13,"key":"Dream Catcher"},{"floor":23,"key":"Red Skull"},{"floor":26,"key":"Happy Flower"},{"floor":27,"key":"Meat on the Bone"},{"floor":41,"key":"Self Forming Clay"},{"floor":43,"key":"Paper Frog"},{"floor":54,"key":"Vajra"}],"event_choices":[{"cards_removed":["Strike_R"],"damage_healed":0,"gold_gain":0,"player_choice":"Card Removal","damage_taken":7,"max_hp_gain":0,"max_hp_loss":0,"event_name":"Golden Wing","floor":4,"gold_loss":0},{"damage_healed":0,"gold_gain":0,"player_choice":"Success","damage_taken":7,"relics_obtained":["Du-Vu Doll"],"max_hp_gain":0,"max_hp_loss":0,"event_name":"Scrap Ooze","floor":11,"gold_loss":0},{"damage_healed":0,"gold_gain":100,"player_choice":"Pray","damage_taken":0,"max_hp_gain":0,"max_hp_loss":0,"event_name":"Golden Shrine","floor":30,"gold_loss":0},{"damage_healed":0,"gold_gain":0,"player_choice":"Ignored","damage_taken":0,"max_hp_gain":0,"max_hp_loss":0,"event_name":"Tomb of Lord Red Mask","floor":46,"gold_loss":0},{"damage_healed":0,"gold_gain":0,"player_choice":"Embrace Madness","damage_taken":15,"max_hp_gain":0,"max_hp_loss":0,"event_name":"Winding Halls","floor":47,"gold_loss":0,"cards_obtained":["Madness","Madness"]},{"damage_healed":0,"gold_gain":0,"player_choice":"Memory 1","damage_taken":0,"max_hp_gain":0,"max_hp_loss":0,"event_name":"SensoryStone","floor":48,"gold_loss":0}],"is_beta":false,"boss_relics":[{"not_picked":["Astrolabe","Black Star"],"picked":"Runic Pyramid"},{"not_picked":["Snecko Eye","Calling Bell"],"picked":"Busted Crown"}],"items_purged_floors":[20,53],"is_endless":false,"potions_floor_spawned":[5,8,10,13,16,19,25,27,33,41,44],"killed_by":"The Heart","ascension_level":0}