{"gold_per_floor":[113,113,7,7,20,54,54,71,97,109,109,64,77,104,104,199,199,213,226,3,14,29,61,61,81,81,94,94,124,78,78,78,183,183,194,194,194,213,57,88,88,121,133,157,195,232,262,274,286,298,310,322,33,67,67],"floor_reached":55,"playtime":3060,"items_purged":["Zap"],"score":897,"play_id":"7b62ed26-f046-4ef2-b2f2-220f10c26c4e","local_time":"20190113193258","is_ascension_mode":true,"campfire_choices":[{"floor":7,"key":"REST"},{"floor":11,"key":"REST"},{"data":"Blizzard","floor":15,"key":"SMITH"},{"data":"Defragment","floor":24,"key":"SMITH"},{"floor":28,"key":"RECALL"},{"data":"Defragment","floor":32,"key":"SMITH"},{"data":"Sweeping Beam","floor":41,"key":"SMITH"},{"data":"Cold Snap","floor":49,"key":"SMITH"},{"data":"Coolheaded","floor":52,"key":"SMITH"}],"neow_cost":"NONE","seed_source_timestamp":0,"circlet_count":0,"master_deck":["Strike_B+1","Strike_B+1","Strike_B+1","Defend_B+1","Defend_B+1","Defend_B+1","Defend_B+1","Defragment+1","Blizzard+1","Gash+1","Defragment+1","Conserve Battery+1","Gash+1","Coolheaded+1","Defragment+1","All For One+1","Glacier+1","Go for the Eyes+1","Cold Snap+1","Gash+1","Self Repair+1","Coolheaded+1","Cold Snap+1","Coolheaded+1","Sweeping Beam+1","Core Surge+1","Blizzard+1","Sweeping Beam+1","Streamline+1","Go for the Eyes+1","Coolheaded+1","Cold Snap+1","Creative AI"],"special_seed":0,"relics":["FrozenCore","Centennial Puzzle","Oddly Smooth Stone","Anchor","Dodecahedron","War Paint","Incense Burner","DataDisk","Black Star","Mark of the Bloom","PreservedInsect","Question Card","Matryoshka","MawBank","Turnip","Vajra","Art of War","Bottled Flame","Lantern","Dead Branch","Ancient Tea Set","Strawberry","Gremlin Horn","Bag of Marbles"],"potions_floor_usage":[6,16,50,50,50],"damage_taken":[{"damage":0,"enemies":"Small Slimes","floor":1,"turns":3},{"damage":11,"enemies":"Jaw Worm","floor":5,"turns":3},{"damage":17,"enemies":"Gremlin Nob","floor":6,"turns":4},{"damage":6,"enemies":"Cultist","floor":8,"turns":4},{"damage":17,"enemies":"Lots of Slimes","floor":10,"turns":4},{"damage":2,"enemies":"Looter","floor":13,"turns":3},{"damage":0,"enemies":"Lagavulin","floor":14,"turns":8},{"damage":13,"enemies":"The Guardian","floor":16,"turns":11},{"damage":0,"enemies":"Shell Parasite","floor":18,"turns":6},{"damage":0,"enemies":"Chosen","floor":19,"turns":7},{"damage":4,"enemies":"Snake Plant","floor":21,"turns":7},{"damage":0,"enemies":"Snecko","floor":22,"turns":9},{"damage":8,"enemies":"Book of Stabbing","floor":23,"turns":7},{"damage":0,"enemies":"Shelled Parasite and Fungi","floor":25,"turns":8},{"damage":0,"enemies":"Centurion and Healer","floor":27,"turns":9},{"damage":5,"enemies":"Gremlin Leader","floor":29,"turns":8},{"damage":5,"enemies":"Collector","floor":33,"turns":13},{"damage":0,"enemies":"Orb Walker","floor":35,"turns":6},{"damage":0,"enemies":"3 Shapes","floor":38,"turns":5},{"damage":0,"enemies":"Reptomancer","floor":40,"turns":7},{"damage":5,"enemies":"Nemesis","floor":42,"turns":11},{"damage":5,"enemies":"Sphere and 2 Shapes","floor":44,"turns":5},{"damage":0,"enemies":"Reptomancer","floor":46,"turns":8},{"damage":8,"enemies":"Maw","floor":47,"turns":9},{"damage":13,"enemies":"Awakened One","floor":50,"turns":18},{"damage":12,"enemies":"Shield and Spear","floor":54,"turns":10},{"damage":32,"enemies":"The Heart","floor":55,"turns":8}],"seed_played":"7204231540002808132","potions_obtained":[{"floor":1,"key":"Weak Potion"},{"floor":5,"key":"EssenceOfSteel"},{"floor":6,"key":"Explosive Potion"},{"floor":14,"key":"Swift Potion"},{"floor":18,"key":"LiquidBronze"},{"floor":22,"key":"Regen Potion"}],"is_trial":false,"path_per_floor":["M","?","$","?","M","E","R","M","T","M","R","$","M","E","R","B",null,"M","M","$","M","M","E","R","M","T","M","R","E","$","?","R","B",null,"M","?","?","M","$","E","R","E","T","M","T","E","M","?","R","B",null,"R","$","E","B"],"character_chosen":"DEFECT","items_purchased":["Defragment","Blizzard","Gash","War Paint","Sweeping Beam","PreservedInsect","Creative AI","Strawberry"],"campfire_rested":2,"item_purchase_floors":[3,3,12,20,30,39,53,53],"current_hp_per_floor":[75,60,60,60,49,32,54,48,48,31,53,53,51,51,51,38,75,75,75,75,71,71,63,63,70,70,75,75,75,75,75,75,75,75,75,75,71,71,71,71,71,66,66,61,61,61,53,53,53,40,40,40,40,28,0],"gold":67,"neow_bonus":"RANDOM_COMMON_RELIC","is_prod":false,"is_daily":false,"chose_seed":false,"campfire_upgraded":6,"win_rate":0,"timestamp":1547404378,"path_taken":["M","?","$","?","?","E","R","M","T","M","R","$","M","E","R","BOSS","M","?","$","M","M","E","R","M","T","M","R","E","?","?","R","BOSS","M","?","?","M","$","E","R","E","T","M","?","E","?","?","R","BOSS","R","$","E","BOSS"],"build_version":"2019-01-10","purchased_purges":1,"victory":false,"max_hp_per_floor":[75,75,75,75,75,75,75,75,75,75,75,75,75,75,75,75,75,75,75,75,75,75,75,75,75,75,75,75,75,75,75,75,75,75,75,75,71,71,71,71,71,71,71,71,71,71,71,71,71,71,71,71,78,78,78],"card_choices":[{"not_picked":["Fusion","Scrape","Chaos"],"picked":"SKIP","floor":1},{"not_picked":["Darkness","Hologram"],"picked":"Gash","floor":5},{"not_picked":["FTL","Fusion","Scrape"],"picked":"SKIP","floor":6},{"not_picked":["Auto Shields","Redo"],"picked":"Defragment","floor":8},{"not_picked":["Stack","Darkness"],"picked":"Conserve Battery","floor":10},{"not_picked":["Recycle","Turbo"],"picked":"Coolheaded","floor":13},{"not_picked":["Consume","Steam Power"],"picked":"Defragment","floor":14},{"not_picked":["Amplify","Buffer"],"picked":"All For One","floor":16},{"not_picked":["Beam Cell","Hello World+1"],"picked":"Glacier","floor":18},{"not_picked":["Skim+1","Hologram"],"picked":"Go for the Eyes+1","floor":19},{"not_picked":["Compile Driver+1","Hologram+1"],"picked":"Cold Snap","floor":21},{"not_picked":["Fusion","Coolheaded"],"picked":"Gash","floor":22},{"not_picked":["Steam Power+1","Aggregate"],"picked":"Self Repair","floor":23},{"not_picked":["Conserve Battery","Redo"],"picked":"Coolheaded","floor":25},{"not_picked":["Steam","Sweeping Beam+1"],"picked":"Cold Snap","floor":27},{"not_picked":["Recycle","Electrodynamics"],"picked":"Coolheaded+1","floor":29},{"not_picked":["Seek","Thunder Strike"],"picked":"Core Surge","floor":33},{"not_picked":["Defragment","Steam+1"],"picked":"Blizzard+1","floor":35},{"not_picked":["Compile Driver","Leap"],"picked":"Sweeping Beam","floor":38},{"not_picked":["Sweeping Beam","Storm"],"picked":"Streamline+1","floor":40},{"not_picked":["Conserve Battery","Ball Lightning","Compile Driver"],"picked":"Go for the Eyes+1","floor":42},{"not_picked":["Force Field","Redo","Ball Lightning","Steam"],"picked":"SKIP","floor":44},{"not_picked":["Go for the Eyes","Genetic Algorithm+1","Redo"],"picked":"Coolheaded","floor":46},{"not_picked":["Go for the Eyes+1","Conserve Battery+1","Ball Lightning"],"picked":"Cold Snap","floor":47},{"not_picked":["Leap","Biased Cognition","Core Surge","Darkness+1"],"picked":"SKIP","floor":54}],"player_experience":405345,"relics_obtained":[{"floor":6,"key":"Oddly Smooth Stone"},{"floor":9,"key":"Anchor"},{"floor":14,"key":"Dodecahedron"},{"floor":23,"key":"Incense Burner"},{"floor":29,"key":"DataDisk"},{"floor":40,"key":"Question Card"},{"floor":40,"key":"Matryoshka"},{"floor":42,"key":"MawBank"},{"floor":42,"key":"Turnip"},{"floor":43,"key":"Vajra"},{"floor":43,"key":"Art of War"},{"floor":45,"key":"Bottled Flame"},{"floor":45,"key":"Lantern"},{"floor":46,"key":"Dead Branch"},{"floor":46,"key":"Ancient Tea Set"},{"floor":54,"key":"Gremlin Horn"},{"floor":54,"key":"Bag of Marbles"}],"event_choices":[{"damage_healed":0,"gold_gain":0,"player_choice":"Entered Light","damage_taken":15,"max_hp_gain":0,"max_hp_loss":0,"event_name":"Shining Light","floor":2,"gold_loss":0,"cards_upgraded":["Defend_B","Defend_B"]},{"cards_removed":["Dualcast"],"damage_healed":0,"gold_gain":0,"player_choice":"Offered Basic","damage_taken":0,"max_hp_gain":0,"max_hp_loss":0,"event_name":"Bonfire Elementals","floor":4,"gold_loss":0},{"damage_healed":0,"gold_gain":0,"player_choice":"Ignored","damage_taken":0,"max_hp_gain":0,"max_hp_loss":0,"event_name":"Beggar","floor":31,"gold_loss":0},{"damage_healed":0,"gold_gain":0,"player_choice":"Upgrade","damage_taken":0,"relics_obtained":["Mark of the Bloom"],"max_hp_gain":0,"max_hp_loss":0,"event_name":"MindBloom","floor":36,"gold_loss":0,"cards_upgraded":["Strike_B","Strike_B","Strike_B","Strike_B","Defend_B","Defragment","Gash","Conserve Battery","Gash","Coolheaded","All For One","Cold Snap","Gash","Self Repair","Coolheaded","Cold Snap","Sweeping Beam","Core Surge"]},{"damage_healed":0,"gold_gain":0,"player_choice":"Max HP","damage_taken":0,"max_hp_gain":0,"max_hp_loss":4,"event_name":"Winding Halls","floor":37,"gold_loss":0},{"cards_removed":["Strike_B"],"damage_healed":0,"gold_gain":0,"player_choice":"Removed Attack","damage_taken":0,"max_hp_gain":0,"max_hp_loss":0,"event_name":"Falling","floor":48,"gold_loss":0}],"is_beta":false,"boss_relics":[{"not_picked":["Snecko Eye","Orrery"],"picked":"FrozenCore"},{"not_picked":["Nuclear Battery","Pandora\u0027s Box"],"picked":"Black Star"}],"items_purged_floors":[20],"is_endless":false,"potions_floor_spawned":[1,5,6,14,18,22,23,25,33,38,42,44,46],"killed_by":"The Heart","ascension_level":1}