{"gold_per_floor":[118,118,133,98,98,98,11,11,11,37,37,54,68,68,68,144,144,161,161,161,175,193,193,209,209],"floor_reached":25,"playtime":976,"items_purged":[],"score":363,"play_id":"d4e9afbc-6cb8-4497-8add-43a62fc93e5b","local_time":"20190201230741","is_ascension_mode":true,"campfire_choices":[{"data":"Noxious Fumes","floor":6,"key":"SMITH"},{"data":"Neutralize","floor":8,"key":"SMITH"},{"data":"Dodge and Roll","floor":11,"key":"SMITH"},{"floor":15,"key":"REST"},{"floor":23,"key":"REST"}],"neow_cost":"NONE","seed_source_timestamp":106485039780200,"circlet_count":0,"master_deck":["AscendersBane","Defend_G+1","Defend_G","Defend_G","Defend_G","Defend_G","Strike_G","Strike_G","Strike_G","Strike_G","Strike_G+1","Survivor","Neutralize+1","Slice","Noxious Fumes+1","Dodge and Roll+1","Dagger Spray","Flying Knee","Corpse Explosion","Adrenaline","Cloak And Dagger","Backstab"],"relics":["Ring of the Snake","Dodecahedron","Odd Mushroom","Sozu"],"potions_floor_usage":[16,16],"damage_taken":[{"damage":8,"enemies":"2 Louse","floor":1,"turns":4},{"damage":1,"enemies":"Small Slimes","floor":3,"turns":4},{"damage":20,"enemies":"The Mushroom Lair","floor":10,"turns":4},{"damage":1,"enemies":"Cultist","floor":12,"turns":4},{"damage":0,"enemies":"Gremlin Gang","floor":13,"turns":3},{"damage":54,"enemies":"Slime Boss","floor":16,"turns":12},{"damage":23,"enemies":"Spheric Guardian","floor":18,"turns":6},{"damage":28,"enemies":"2 Thieves","floor":21,"turns":4},{"damage":3,"enemies":"3 Cultists","floor":22,"turns":3},{"damage":40,"enemies":"Snake Plant","floor":24,"turns":6},{"damage":2,"enemies":"Cultist and Chosen","floor":25,"turns":2}],"seed_played":"-260919580645566458","potions_obtained":[{"floor":10,"key":"EssenceOfSteel"},{"floor":12,"key":"SkillPotion"}],"is_trial":false,"path_per_floor":["M","?","M","?","?","R","$","R","T","?","R","M","M","?","R","B",null,"M","?","?","M","M","R","M","M"],"character_chosen":"THE_SILENT","items_purchased":["Dodge and Roll","Dagger Spray"],"campfire_rested":2,"item_purchase_floors":[7,7],"current_hp_per_floor":[57,57,56,72,77,77,77,77,77,57,57,56,56,33,56,2,58,35,50,50,22,19,42,2,0],"gold":209,"neow_bonus":"TEN_PERCENT_HP_BONUS","is_prod":false,"is_daily":false,"chose_seed":false,"campfire_upgraded":3,"win_rate":0,"timestamp":1549080461,"path_taken":["M","?","M","?","?","R","$","R","T","?","R","M","M","?","R","BOSS","M","?","?","M","M","R","M","M"],"build_version":"2019-01-23","purchased_purges":0,"victory":false,"max_hp_per_floor":[72,72,72,72,77,77,77,77,77,77,77,77,77,77,77,77,77,77,77,77,77,77,77,77,77],"card_choices":[{"not_picked":["Bane","Masterful Stab"],"picked":"Slice","floor":1},{"not_picked":["Reflex","Heel Hook"],"picked":"Noxious Fumes","floor":3},{"not_picked":["Predator","Deadly Poison"],"picked":"Flying Knee","floor":12},{"not_picked":["Dodge and Roll","Bane","Flying Knee"],"picked":"SKIP","floor":13},{"not_picked":["Venomology","Wraith Form v2"],"picked":"Corpse Explosion","floor":16},{"not_picked":["Poisoned Stab","Flying Knee","Heel Hook"],"picked":"SKIP","floor":18},{"not_picked":["Terror","Dodge and Roll","Slice"],"picked":"SKIP","floor":21},{"not_picked":["Slice+1","Dagger Throw+1"],"picked":"Cloak And Dagger","floor":22},{"not_picked":["Endless Agony","Blade Dance"],"picked":"Backstab","floor":24}],"player_experience":1167122,"relics_obtained":[{"floor":9,"key":"Dodecahedron"},{"floor":10,"key":"Odd Mushroom"}],"event_choices":[{"damage_healed":0,"gold_gain":0,"player_choice":"Ignored","damage_taken":0,"max_hp_gain":0,"max_hp_loss":0,"event_name":"Golden Idol","floor":2,"gold_loss":0},{"damage_healed":18,"gold_gain":0,"player_choice":"Healed","damage_taken":0,"max_hp_gain":0,"max_hp_loss":0,"event_name":"The Cleric","floor":4,"gold_loss":35},{"damage_healed":0,"gold_gain":0,"player_choice":"Donut","damage_taken":0,"max_hp_gain":5,"max_hp_loss":0,"event_name":"Big Fish","floor":5,"gold_loss":0},{"damage_healed":0,"gold_gain":0,"player_choice":"Fought Mushrooms","damage_taken":0,"max_hp_gain":0,"max_hp_loss":0,"event_name":"Mushrooms","floor":10,"gold_loss":0},{"damage_healed":0,"gold_gain":0,"player_choice":"Entered Light","damage_taken":23,"max_hp_gain":0,"max_hp_loss":0,"event_name":"Shining Light","floor":14,"gold_loss":0,"cards_upgraded":["Defend_G","Strike_G"]},{"damage_healed":15,"gold_gain":0,"player_choice":"Heal","damage_taken":0,"max_hp_gain":0,"max_hp_loss":0,"event_name":"The Library","floor":19,"gold_loss":0},{"damage_healed":0,"gold_gain":0,"player_choice":"1 cards matched","damage_taken":0,"max_hp_gain":0,"max_hp_loss":0,"event_name":"Match and Keep!","floor":20,"gold_loss":0,"cards_obtained":["Adrenaline"]}],"is_beta":false,"boss_relics":[{"not_picked":["Ectoplasm","Cursed Key"],"picked":"Sozu"}],"items_purged_floors":[],"is_endless":false,"potions_floor_spawned":[10,12,13,21,24],"killed_by":"Cultist and Chosen","ascension_level":18}