{"gold_per_floor":[115,40,50,62,81,81,155,183,195,207,219,245,257,280,292,400,412,438,365,277,295,306,306,320,320,320,320,320,195,195,214,214,314,314,327,338,338,117,133,145,145],"floor_reached":41,"playtime":3614,"items_purged":["Strike_R","Strike_R","Strike_R","Strike_R"],"score":435,"play_id":"8a1aaa8e-377b-4343-8703-593e6e8c3a58","local_time":"20180809122733","is_ascension_mode":true,"campfire_choices":[{"data":"Whirlwind","floor":6,"key":"SMITH"},{"data":"Shrug It Off","floor":11,"key":"SMITH"},{"data":"Body Slam","floor":13,"key":"SMITH"},{"floor":15,"key":"REST"},{"floor":23,"key":"REST"},{"data":"Shockwave","floor":25,"key":"SMITH"},{"data":"Battle Trance","floor":28,"key":"SMITH"},{"floor":32,"key":"REST"}],"neow_cost":"NONE","seed_source_timestamp":869036887916469,"circlet_count":0,"master_deck":["Strike_R","Defend_R","Defend_R","Defend_R","Defend_R","Bash","Headbutt","Disarm","Shrug It Off+1","Whirlwind+1","Shrug It Off","Body Slam+1","Offering","Juggernaut","Battle Trance+1","Shockwave+1","Offering","Spot Weakness","Barricade","Pommel Strike+1","Evolve"],"relics":["Burning Blood","Question Card","MawBank","Pear","Runic Cube","Ornamental Fan","Mummified Hand","Mark of Pain"],"potions_floor_usage":[31,33,33,33],"damage_taken":[{"damage":6,"enemies":"Cultist","floor":1,"turns":3},{"damage":0,"enemies":"2 Louse","floor":3,"turns":3},{"damage":5,"enemies":"Small Slimes","floor":4,"turns":4},{"damage":14,"enemies":"Exordium Thugs","floor":5,"turns":7},{"damage":36,"enemies":"Lagavulin","floor":8,"turns":10},{"damage":0,"enemies":"3 Louse","floor":12,"turns":1},{"damage":1,"enemies":"Blue Slaver","floor":14,"turns":5},{"damage":42,"enemies":"Slime Boss","floor":16,"turns":9},{"damage":17,"enemies":"3 Byrds","floor":18,"turns":3},{"damage":25,"enemies":"2 Thieves","floor":21,"turns":3},{"damage":21,"enemies":"Centurion and Healer","floor":22,"turns":8},{"damage":25,"enemies":"Cultist and Chosen","floor":24,"turns":7},{"damage":15,"enemies":"Snake Plant","floor":31,"turns":5},{"damage":71,"enemies":"Automaton","floor":33,"turns":12},{"damage":27,"enemies":"Flame Bruiser 1 Orb","floor":35,"turns":5},{"damage":10,"enemies":"Orb Walker","floor":36,"turns":3},{"damage":10,"enemies":"Maw","floor":39,"turns":6},{"damage":31,"enemies":"Flame Bruiser 2 Orb","floor":40,"turns":6},{"damage":46,"enemies":"Spire Growth","floor":41,"turns":3}],"seed_played":"-3753887494925413772","potions_obtained":[{"floor":3,"key":"Block Potion"},{"floor":5,"key":"Explosive Potion"},{"floor":12,"key":"Regen Potion"},{"floor":16,"key":"PowerPotion"},{"floor":31,"key":"Weak Potion"},{"floor":33,"key":"GamblersBrew"},{"floor":39,"key":"LiquidBronze"},{"floor":40,"key":"Dexterity Potion"}],"is_trial":false,"path_per_floor":["M","$","M","M","M","R","T","E","T","?","R","M","R","M","R","B",null,"M","?","$","M","M","R","M","R","T","?","R","$","?","M","R","B",null,"M","M","?","$","M","M"],"character_chosen":"IRONCLAD","items_purchased":["Evolve"],"campfire_rested":3,"item_purchase_floors":[38],"current_hp_per_floor":[80,80,80,80,72,72,72,42,52,45,45,51,51,56,83,47,90,79,79,79,60,45,72,53,53,53,53,53,53,53,44,71,21,90,69,65,65,65,61,36,0],"gold":145,"neow_bonus":"THREE_CARDS","is_prod":false,"is_daily":false,"chose_seed":false,"campfire_upgraded":5,"win_rate":0,"timestamp":1533788853,"path_taken":["M","$","M","M","M","R","?","E","T","?","R","M","R","?","R","BOSS","M","?","$","M","M","R","M","R","T","?","R","$","?","M","R","BOSS","M","M","?","$","M","M","?"],"build_version":"2018-08-02","purchased_purges":4,"victory":false,"max_hp_per_floor":[80,80,80,80,80,80,80,80,90,90,90,90,90,90,90,90,90,90,90,90,90,90,90,90,90,90,90,90,90,90,90,90,90,90,90,90,90,90,90,90,90],"card_choices":[{"not_picked":["Sword Boomerang","Iron Wave"],"picked":"Headbutt","floor":1},{"not_picked":["Rupture","Burning Pact"],"picked":"Disarm","floor":3},{"not_picked":["Sword Boomerang","Clothesline"],"picked":"Shrug It Off","floor":4},{"not_picked":["Headbutt","Body Slam"],"picked":"Whirlwind","floor":5},{"not_picked":["Rupture","Headbutt","Second Wind"],"picked":"Shrug It Off","floor":8},{"not_picked":["Thunderclap","Anger","Perfected Strike"],"picked":"Body Slam","floor":12},{"not_picked":["Blood for Blood","Heavy Blade","Fire Breathing"],"picked":"Offering","floor":14},{"not_picked":["Fiend Fire","Impervious","Immolate"],"picked":"Juggernaut","floor":16},{"not_picked":["Anger+1","Clothesline","Armaments","Searing Blow"],"picked":"SKIP","floor":18},{"not_picked":["Cleave","Corruption+1","Rage"],"picked":"Battle Trance","floor":21},{"not_picked":["Armaments","Headbutt","Pummel","Intimidate"],"picked":"SKIP","floor":22},{"not_picked":["Clash","Sentinel","Headbutt"],"picked":"Shockwave","floor":24},{"not_picked":["Carnage","Rage","Thunderclap+1","Blood for Blood"],"picked":"SKIP","floor":31},{"not_picked":["Feed","Limit Break","Dark Embrace"],"picked":"Barricade","floor":33},{"not_picked":["Iron Wave","Anger+1","Clothesline+1","Flex"],"picked":"SKIP","floor":35},{"not_picked":["Havoc+1","Thunderclap+1","Shrug It Off"],"picked":"Pommel Strike+1","floor":36},{"not_picked":["Cleave","Reckless Charge","Havoc+1","Disarm"],"picked":"SKIP","floor":39},{"not_picked":["Clothesline","Warcry+1","Shrug It Off+1","Brutality"],"picked":"SKIP","floor":40}],"player_experience":212564,"relics_obtained":[{"floor":7,"key":"Question Card"},{"floor":8,"key":"MawBank"},{"floor":9,"key":"Pear"},{"floor":26,"key":"Mummified Hand"}],"event_choices":[{"event_name":"Scrap Ooze","player_choice":"unsuccessful","floor":10,"damage_taken":7},{"event_name":"Addict","player_choice":"Obtained Relic","floor":19,"damage_taken":0},{"event_name":"Duplicator","player_choice":"One dupe","floor":27,"damage_taken":0},{"event_name":"The Library","player_choice":"Read","floor":30,"damage_taken":0},{"event_name":"Tomb of Lord Red Mask","player_choice":"Ignored","floor":37,"damage_taken":0}],"is_beta":false,"boss_relics":[{"not_picked":["Orrery","Runic Pyramid"],"picked":"Runic Cube"},{"not_picked":["Sozu","Calling Bell"],"picked":"Mark of Pain"}],"items_purged_floors":[2,20,29,38],"is_endless":false,"potions_floor_spawned":[3,5,12,16,31,33,39,40],"killed_by":"Spire Growth","ascension_level":2}