{"gold_per_floor":[115,130,106,124,51,51,84,108,108,108,108,141,141,156,156,251,251,268,282,57,74,74,74,93,93,93,126,142,142,170,190,190,285,285,299,22,122,140,159,193,193,207,207,235,235,245,269,34,34,34],"floor_reached":51,"playtime":2893,"items_purged":["Strike_G","Strike_G","Injury"],"score":817,"play_id":"609be39f-8bc8-46b7-bcf1-d286290f6d89","local_time":"20190112182601","is_ascension_mode":true,"campfire_choices":[{"data":"Dagger Spray","floor":6,"key":"SMITH"},{"data":"Footwork","floor":10,"key":"SMITH"},{"data":"Footwork","floor":13,"key":"SMITH"},{"data":"Crippling Poison","floor":15,"key":"SMITH"},{"data":"Catalyst","floor":23,"key":"SMITH"},{"data":"Poisoned Stab","floor":25,"key":"SMITH"},{"data":"Malaise","floor":29,"key":"SMITH"},{"floor":32,"key":"REST"},{"data":"Apotheosis","floor":41,"key":"SMITH"},{"data":"Acrobatics","floor":45,"key":"SMITH"},{"floor":49,"key":"REST"}],"neow_cost":"NONE","seed_source_timestamp":93774780465700,"circlet_count":0,"master_deck":["Defend_G","Defend_G","Defend_G","Defend_G","Defend_G+1","Strike_G","Strike_G","Strike_G+1","Survivor+1","Neutralize+1","Backflip","Dagger Spray+1","Flying Knee","Catalyst+1","Footwork+1","Footwork+1","Dagger Throw","Crippling Poison+1","After Image","Acrobatics+1","Poisoned Stab+1","Prepared+1","Malaise+1","Deadly Poison","Night Terror","Deadly Poison+1","Apotheosis+1","Blur+1","Outmaneuver","Prepared+1","Acrobatics","Injury","Acrobatics+1","Backstab","Noxious Fumes+1","Catalyst"],"relics":["Ring of the Snake","Whetstone","Gremlin Horn","Odd Mushroom","Paper Crane","Torii","Orichalcum","Runic Pyramid","Anchor","Vajra","Letter Opener","Cursed Key","Prayer Wheel","Kunai","Frozen Egg 2","Bronze Scales","War Paint"],"potions_floor_usage":[33,33],"damage_taken":[{"damage":5,"enemies":"Cultist","floor":1,"turns":4},{"damage":0,"enemies":"Jaw Worm","floor":2,"turns":4},{"damage":0,"enemies":"Small Slimes","floor":4,"turns":3},{"damage":16,"enemies":"Lagavulin","floor":7,"turns":8},{"damage":0,"enemies":"The Mushroom Lair","floor":8,"turns":3},{"damage":18,"enemies":"3 Sentries","floor":12,"turns":7},{"damage":7,"enemies":"2 Fungi Beasts","floor":14,"turns":3},{"damage":22,"enemies":"The Guardian","floor":16,"turns":13},{"damage":11,"enemies":"Shell Parasite","floor":18,"turns":7},{"damage":1,"enemies":"3 Byrds","floor":19,"turns":5},{"damage":3,"enemies":"3 Cultists","floor":21,"turns":6},{"damage":8,"enemies":"Snake Plant","floor":24,"turns":4},{"damage":1,"enemies":"Gremlin Leader","floor":27,"turns":5},{"damage":3,"enemies":"Sentry and Sphere","floor":28,"turns":6},{"damage":21,"enemies":"Slavers","floor":30,"turns":6},{"damage":3,"enemies":"3 Cultists","floor":31,"turns":6},{"damage":3,"enemies":"Automaton","floor":33,"turns":10},{"damage":0,"enemies":"Orb Walker","floor":35,"turns":3},{"damage":0,"enemies":"Mind Bloom Boss Battle","floor":37,"turns":7},{"damage":7,"enemies":"3 Shapes","floor":38,"turns":3},{"damage":6,"enemies":"Sphere and 2 Shapes","floor":39,"turns":4},{"damage":1,"enemies":"Giant Head","floor":40,"turns":8},{"damage":0,"enemies":"Maw","floor":42,"turns":3},{"damage":8,"enemies":"Nemesis","floor":44,"turns":7},{"damage":0,"enemies":"Jaw Worm Horde","floor":46,"turns":4},{"damage":3,"enemies":"Time Eater","floor":50,"turns":6}],"seed_played":"-7066935655718140806","potions_obtained":[{"floor":8,"key":"Regen Potion"},{"floor":12,"key":"GhostInAJar"},{"floor":14,"key":"Weak Potion"},{"floor":16,"key":"Dexterity Potion"},{"floor":38,"key":"Swift Potion"},{"floor":39,"key":"SkillPotion"},{"floor":46,"key":"Energy Potion"}],"is_trial":false,"path_per_floor":["M","M","$","M","$","R","E","?","T","R","?","E","R","M","R","B",null,"M","M","$","M","?","R","M","R","T","E","M","R","E","M","R","B",null,"M","$","?","M","M","E","R","M","T","E","R","M","T","$","R","B",null],"character_chosen":"THE_SILENT","items_purchased":["Flying Knee","Footwork","Anchor","Apotheosis","Noxious Fumes+1","Catalyst"],"campfire_rested":2,"item_purchase_floors":[3,5,20,36,48,48],"current_hp_per_floor":[65,65,65,65,65,65,49,49,49,49,49,31,31,24,24,2,70,59,58,58,55,55,55,47,47,47,46,43,43,22,19,40,37,70,70,70,70,63,57,56,56,56,56,48,48,48,48,48,69,66],"gold":34,"neow_bonus":"RANDOM_COMMON_RELIC","is_prod":false,"is_daily":false,"chose_seed":false,"campfire_upgraded":9,"win_rate":0,"timestamp":1547317561,"path_taken":["M","?","$","M","$","R","E","?","T","R","?","E","R","M","R","BOSS","M","M","$","?","?","R","M","R","T","E","M","R","E","M","R","BOSS","M","$","?","M","M","E","R","M","T","E","R","M","?","?","R","BOSS"],"build_version":"2019-01-10","purchased_purges":3,"victory":true,"max_hp_per_floor":[70,70,70,70,70,70,70,70,70,70,70,70,70,70,70,70,70,70,70,70,70,70,70,70,70,70,70,70,70,70,70,70,70,70,70,70,70,70,70,70,70,70,70,70,70,70,70,70,70,70],"card_choices":[{"not_picked":["Bane","Outmaneuver"],"picked":"Backflip","floor":1},{"not_picked":["Crippling Poison","Acrobatics"],"picked":"Dagger Spray","floor":2},{"not_picked":["Riddle With Holes","Acrobatics"],"picked":"Catalyst","floor":4},{"not_picked":["Bane","Reflex","Acrobatics"],"picked":"SKIP","floor":7},{"not_picked":["Acrobatics","Backflip"],"picked":"Footwork","floor":8},{"not_picked":["Dodge and Roll","Die Die Die"],"picked":"Dagger Throw","floor":12},{"not_picked":["Footwork","Quick Slash"],"picked":"Crippling Poison","floor":14},{"not_picked":["Glass Knife","Phantasmal Killer"],"picked":"After Image","floor":16},{"not_picked":["Dodge and Roll","Cloak And Dagger"],"picked":"Acrobatics","floor":18},{"not_picked":["Bane","Masterful Stab"],"picked":"Poisoned Stab","floor":19},{"not_picked":["Die Die Die","Quick Slash"],"picked":"Prepared+1","floor":21},{"not_picked":["Sucker Punch","Caltrops","Accuracy"],"picked":"SKIP","floor":24},{"not_picked":["Quick Slash","Masterful Stab+1","Dash"],"picked":"SKIP","floor":27},{"not_picked":["Flying Knee","Calculated Gamble"],"picked":"Malaise","floor":28},{"not_picked":["Deflect","Dodge and Roll","Accuracy"],"picked":"SKIP","floor":30},{"not_picked":["Endless Agony+1","Outmaneuver"],"picked":"Deadly Poison","floor":31},{"not_picked":["Malaise","After Image"],"picked":"Night Terror","floor":33},{"not_picked":["Cloak And Dagger","Poisoned Stab+1"],"picked":"Deadly Poison+1","floor":35},{"not_picked":["Dodge and Roll+1","All Out Attack"],"picked":"Blur+1","floor":38},{"not_picked":["Leg Sweep","PiercingWail"],"picked":"Outmaneuver","floor":38},{"not_picked":["Deflect","Flechettes+1"],"picked":"Prepared+1","floor":39},{"not_picked":["Dagger Spray+1","Skewer+1","Caltrops+1"],"picked":"SKIP","floor":39},{"not_picked":["Underhanded Strike","All Out Attack+1"],"picked":"Acrobatics","floor":40},{"not_picked":["Expertise","Choke+1","Underhanded Strike+1"],"picked":"SKIP","floor":42},{"not_picked":["Footwork","Malaise","Dagger Spray"],"picked":"SKIP","floor":42},{"not_picked":["Dodge and Roll+1","Terror+1","Adrenaline"],"picked":"SKIP","floor":44},{"not_picked":["Skewer+1","Blade Dance+1"],"picked":"Acrobatics+1","floor":46},{"not_picked":["Flying Knee","Cloak And Dagger"],"picked":"Backstab","floor":46}],"player_experience":100121,"relics_obtained":[{"floor":7,"key":"Gremlin Horn"},{"floor":8,"key":"Odd Mushroom"},{"floor":9,"key":"Paper Crane"},{"floor":12,"key":"Orichalcum"},{"floor":27,"key":"Vajra"},{"floor":30,"key":"Letter Opener"},{"floor":37,"key":"Prayer Wheel"},{"floor":40,"key":"Kunai"},{"floor":43,"key":"Frozen Egg 2"},{"floor":44,"key":"Bronze Scales"},{"floor":47,"key":"War Paint"}],"event_choices":[{"damage_healed":0,"gold_gain":0,"player_choice":"Fought Mushrooms","damage_taken":0,"max_hp_gain":0,"max_hp_loss":0,"event_name":"Mushrooms","floor":8,"gold_loss":0},{"damage_healed":0,"gold_gain":0,"player_choice":"Gave Potion","damage_taken":0,"relics_obtained":["Torii"],"max_hp_gain":0,"max_hp_loss":0,"event_name":"WeMeetAgain","floor":11,"gold_loss":0},{"damage_healed":0,"gold_gain":0,"player_choice":"Ignored","damage_taken":0,"max_hp_gain":0,"max_hp_loss":0,"event_name":"Beggar","floor":22,"gold_loss":0},{"damage_healed":0,"gold_gain":0,"player_choice":"Fight","damage_taken":0,"max_hp_gain":0,"max_hp_loss":0,"event_name":"MindBloom","floor":37,"gold_loss":0}],"is_beta":false,"boss_relics":[{"not_picked":["Lizard Tail","Black Star"],"picked":"Runic Pyramid"},{"not_picked":["Orrery","Calling Bell"],"picked":"Cursed Key"}],"items_purged_floors":[20,36,48],"is_endless":false,"potions_floor_spawned":[8,12,14,16,18,24,27,31,38,39,40,42,46],"ascension_level":1}