{"gold_per_floor":[211,211,67,77,77,77,29,29,29,47,63,79,90,56,56,160,160,177,177,177,26,42,42,60,60,86,102,118,118],"floor_reached":29,"playtime":802,"items_purged":["Dualcast"],"score":217,"play_id":"0e1ea5a1-4bdc-40a7-b18a-a39b6395eb1e","local_time":"20180729173504","is_ascension_mode":false,"campfire_choices":[{"data":"Zap","floor":6,"key":"SMITH"},{"data":"Defragment","floor":8,"key":"SMITH"},{"floor":15,"key":"REST"},{"data":"Electrodynamics","floor":23,"key":"SMITH"}],"neow_cost":"NONE","seed_source_timestamp":666474133081819,"circlet_count":0,"master_deck":["Strike_B+1","Strike_B","Strike_B","Strike_B","Defend_B","Defend_B","Defend_B","Defend_B+1","Zap+1","Leap","Defragment+1","Loop+1","Leap","Beam Cell","Genetic Algorithm","Genetic Algorithm","Electrodynamics+1","Steam+1","Zap+1","Beam Cell","Normality","Beam Cell","Ball Lightning"],"relics":["Cracked Core","Ginger","Cursed Key","Bronze Scales","Potion Belt"],"potions_floor_usage":[13,16],"damage_taken":[{"damage":1,"enemies":"Jaw Worm","floor":1,"turns":4},{"damage":1,"enemies":"2 Louse","floor":4,"turns":3},{"damage":1,"enemies":"Cultist","floor":10,"turns":3},{"damage":0,"enemies":"Blue Slaver","floor":11,"turns":4},{"damage":2,"enemies":"Exordium Wildlife","floor":12,"turns":4},{"damage":8,"enemies":"3 Louse","floor":13,"turns":3},{"damage":62,"enemies":"Slime Boss","floor":16,"turns":10},{"damage":19,"enemies":"3 Byrds","floor":18,"turns":4},{"damage":5,"enemies":"Shell Parasite","floor":22,"turns":4},{"damage":8,"enemies":"Snecko","floor":24,"turns":5},{"damage":15,"enemies":"Slaver and Parasite","floor":27,"turns":6},{"damage":27,"enemies":"Cultist and Chosen","floor":28,"turns":5},{"damage":1,"enemies":"Snake Plant","floor":29,"turns":1}],"seed_played":"4727112676875365080","potions_obtained":[{"floor":12,"key":"Energy Potion"},{"floor":13,"key":"AttackPotion"},{"floor":16,"key":"SteroidPotion"},{"floor":18,"key":"PowerPotion"},{"floor":27,"key":"Fire Potion"}],"is_trial":false,"path_per_floor":["M","?","$","M","?","R","$","R","T","M","M","M","M","?","R","B",null,"M","?","?","$","M","R","M","$","T","M","M"],"character_chosen":"DEFECT","items_purchased":["Defragment","Leap","Bronze Scales"],"campfire_rested":1,"item_purchase_floors":[3,7,21],"current_hp_per_floor":[74,59,59,58,58,58,58,58,58,57,57,55,47,47,69,7,75,56,56,56,56,51,51,43,43,43,28,1,0],"gold":118,"neow_bonus":"HUNDRED_GOLD","is_prod":false,"is_daily":false,"chose_seed":false,"campfire_upgraded":3,"win_rate":0.0,"timestamp":1532878504,"path_taken":["M","?","$","M","?","R","?","R","T","M","M","M","M","?","R","BOSS","M","?","?","$","M","R","M","$","T","M","?","M"],"build_version":"2018-07-26","purchased_purges":1,"victory":false,"max_hp_per_floor":[75,75,75,75,75,75,75,75,75,75,75,75,75,75,75,75,75,75,75,75,75,75,75,75,75,75,75,75,75],"card_choices":[{"not_picked":["Compile Driver","Stack"],"picked":"Leap","floor":1},{"not_picked":["Stack","Aggregate"],"picked":"Loop","floor":4},{"not_picked":["Chaos","Cold Snap","Glacier"],"picked":"SKIP","floor":10},{"not_picked":["Cold Snap","Rebound"],"picked":"Beam Cell","floor":11},{"not_picked":["Barrage","Force Field"],"picked":"Genetic Algorithm","floor":12},{"not_picked":["Cold Snap","Sweeping Beam"],"picked":"Genetic Algorithm","floor":13},{"not_picked":["Machine Learning","Seek"],"picked":"Electrodynamics","floor":16},{"not_picked":["Barrage+1","Compile Driver+1"],"picked":"Steam+1","floor":18},{"not_picked":["Chaos","Doom and Gloom+1","Streamline"],"picked":"SKIP","floor":22},{"not_picked":["Consume","Streamline"],"picked":"Beam Cell","floor":24},{"not_picked":["Go for the Eyes","Stack+1"],"picked":"Beam Cell","floor":27},{"not_picked":["Steam","Leap"],"picked":"Ball Lightning","floor":28}],"player_experience":217150,"relics_obtained":[{"floor":9,"key":"Ginger"},{"floor":26,"key":"Potion Belt"}],"event_choices":[{"event_name":"Shining Light","player_choice":"Entered Light","floor":2,"damage_taken":0},{"event_name":"Upgrade Shrine","player_choice":"Upgraded","floor":5,"damage_taken":0},{"event_name":"World of Goop","player_choice":"Left","floor":14,"damage_taken":0},{"event_name":"Duplicator","player_choice":"One dupe","floor":19,"damage_taken":0},{"event_name":"Vampires","player_choice":"Ignored","floor":20,"damage_taken":0}],"is_beta":false,"boss_relics":[{"not_picked":["Snecko Eye","White Beast Statue"],"picked":"Cursed Key"}],"items_purged_floors":[3],"is_endless":false,"potions_floor_spawned":[12,13,16,18,27],"killed_by":"Snake Plant","ascension_level":0}