{"gold_per_floor":[114,114,129,144,159,189,114,114,114,144,144,174,189,204,204,304,304,319,334,259,259,59,89,104,134,134,34,64,64,79,94,94,194,194,209,209,224,239,39,39,69,69,119,134,149,179,179,179,179,179],"floor_reached":51,"playtime":2519,"items_purged":["Gash","Rebound"],"score":1012,"play_id":"fb0e70c1-a0de-4df2-afa1-a9095e61efa8","local_time":"20190107221340","daily_mods":["Draft","Red Cards","Elite Swarm"],"is_ascension_mode":false,"campfire_choices":[{"data":"Metallicize","floor":11,"key":"SMITH"},{"floor":15,"key":"REST"},{"floor":29,"key":"REST"},{"data":"Storm","floor":32,"key":"SMITH"},{"floor":40,"key":"REST"},{"floor":47,"key":"REST"},{"data":"1","floor":49,"key":"LIFT"}],"neow_cost":"","seed_source_timestamp":34683567613339,"circlet_count":0,"master_deck":["Sweeping Beam+1","Steam+1","Anger+1","Armaments+1","Scrape+1","Leap+1","Flame Barrier+1","Pommel Strike+1","Thunderclap+1","Glacier+1","Go for the Eyes+1","Rage+1","Consume+1","Metallicize+1","Intimidate+1","Stack+1","Buffer+1","Juggernaut+1","Tempest+1","Beam Cell+1","Immolate+1","Intimidate+1","Go for the Eyes+1","Rupture+1","Berserk+1","Beam Cell+1","Electrodynamics+1","Clumsy","All For One+1","Storm+1","Immolate+1","Normality","Pain","Pain","Hemokinesis+1","Recycle+1","Self Repair+1","Armaments+1","Creative AI+1","Clumsy","Redo+1","Battle Trance+1","True Grit+1","Dropkick+1","Dark Embrace+1"],"special_seed":17903,"relics":["Cracked Core","Cables","Darkstone Periapt","Bottled Tornado","Mummified Hand","Potion Belt","Cursed Key","OrangePellets","Du-Vu Doll","Gambling Chip","Pantograph","Vajra","Calling Bell","Regal Pillow","Meat on the Bone","Prayer Wheel","Chemical X","The Courier","Smiling Mask","Girya","Mark of the Bloom"],"potions_floor_usage":[50,50,50,50],"damage_taken":[{"damage":0,"enemies":"2 Louse","floor":1,"turns":3},{"damage":0,"enemies":"Cultist","floor":3,"turns":3},{"damage":0,"enemies":"Jaw Worm","floor":4,"turns":2},{"damage":11,"enemies":"Looter","floor":5,"turns":3},{"damage":5,"enemies":"Lagavulin","floor":6,"turns":10},{"damage":6,"enemies":"Gremlin Nob","floor":10,"turns":6},{"damage":0,"enemies":"Lagavulin","floor":12,"turns":9},{"damage":0,"enemies":"Large Slime","floor":13,"turns":4},{"damage":5,"enemies":"Exordium Thugs","floor":14,"turns":4},{"damage":12,"enemies":"Hexaghost","floor":16,"turns":9},{"damage":0,"enemies":"Spheric Guardian","floor":18,"turns":3},{"damage":10,"enemies":"2 Thieves","floor":19,"turns":3},{"damage":24,"enemies":"Slavers","floor":23,"turns":4},{"damage":0,"enemies":"Shelled Parasite and Fungi","floor":24,"turns":4},{"damage":5,"enemies":"Gremlin Leader","floor":25,"turns":5},{"damage":0,"enemies":"Book of Stabbing","floor":28,"turns":4},{"damage":0,"enemies":"Cultist and Chosen","floor":30,"turns":4},{"damage":0,"enemies":"3 Cultists","floor":31,"turns":3},{"damage":37,"enemies":"Champ","floor":33,"turns":8},{"damage":28,"enemies":"3 Shapes","floor":35,"turns":3},{"damage":0,"enemies":"Orb Walker","floor":37,"turns":2},{"damage":46,"enemies":"4 Shapes","floor":38,"turns":3},{"damage":43,"enemies":"Nemesis","floor":41,"turns":7},{"damage":4,"enemies":"Jaw Worm Horde","floor":44,"turns":2},{"damage":0,"enemies":"Transient","floor":45,"turns":5},{"damage":4,"enemies":"Reptomancer","floor":46,"turns":3},{"damage":37,"enemies":"Donu and Deca","floor":50,"turns":5}],"seed_played":"8694291460791302925","potions_obtained":[{"floor":4,"key":"Poison Potion"},{"floor":5,"key":"SkillPotion"},{"floor":12,"key":"AttackPotion"},{"floor":13,"key":"PowerPotion"},{"floor":16,"key":"Strength Potion"},{"floor":23,"key":"Dexterity Potion"},{"floor":28,"key":"Explosive Potion"}],"is_trial":false,"path_per_floor":["M","?","M","M","M","E","$","T","T","E","R","E","M","M","R","B",null,"M","M","?","?","$","E","M","E","T","$","E","R","M","M","R","B",null,"M","?","M","M","$","R","E","$","T","M","M","E","R","?","R","B",null],"character_chosen":"DEFECT","items_purchased":["OrangePellets","Chemical X"],"campfire_rested":4,"item_purchase_floors":[22,39],"current_hp_per_floor":[75,75,75,75,64,59,59,59,59,53,53,53,53,48,70,58,75,75,65,65,65,65,41,41,36,42,42,42,66,66,66,66,44,99,71,71,71,37,37,80,56,56,62,58,65,61,100,100,100,63],"gold":179,"neow_bonus":"","is_prod":false,"is_daily":true,"chose_seed":false,"campfire_upgraded":2,"win_rate":0,"timestamp":1546895620,"path_taken":["M","?","M","M","?","E","$","?","T","E","R","E","M","M","R","BOSS","M","?","?","?","$","E","?","E","T","?","E","R","M","M","R","BOSS","M","?","M","M","$","R","E","$","T","M","M","E","R","?","R","BOSS"],"build_version":"2019-01-03v4","purchased_purges":2,"victory":true,"max_hp_per_floor":[75,75,75,75,75,75,75,75,75,75,75,75,75,75,75,75,75,75,75,75,75,75,75,75,75,81,81,81,81,81,81,81,81,99,99,94,94,94,94,94,94,94,100,100,100,100,100,100,100,100],"card_choices":[{"not_picked":["Beam Cell","Flex"],"picked":"Sweeping Beam","floor":0},{"not_picked":["Ball Lightning","Clothesline"],"picked":"Steam","floor":0},{"not_picked":["Headbutt","Whirlwind"],"picked":"Anger","floor":0},{"not_picked":["Compile Driver","Sentinel"],"picked":"Armaments","floor":0},{"not_picked":["Warcry","True Grit"],"picked":"Scrape","floor":0},{"not_picked":["Tempest","Sever Soul"],"picked":"Rebound","floor":0},{"not_picked":["Headbutt","True Grit"],"picked":"Leap","floor":0},{"not_picked":["Rebound","Perfected Strike"],"picked":"Flame Barrier","floor":0},{"not_picked":["Cleave","Turbo"],"picked":"Pommel Strike","floor":0},{"not_picked":["Burning Pact","Body Slam"],"picked":"Gash","floor":0},{"not_picked":["Hello World","Pommel Strike"],"picked":"Thunderclap","floor":0},{"not_picked":["Turbo","Armaments"],"picked":"Glacier","floor":0},{"not_picked":["Twin Strike","Turbo"],"picked":"Go for the Eyes","floor":0},{"not_picked":["Disarm","Thunderclap"],"picked":"Rage","floor":0},{"not_picked":["Perfected Strike","Rampage"],"picked":"Consume","floor":0},{"not_picked":["Twin Strike","Wild Strike"],"picked":"Metallicize","floor":1},{"not_picked":["Clothesline","Clash"],"picked":"Intimidate","floor":3},{"not_picked":["Fusion","Feel No Pain"],"picked":"Go for the Eyes","floor":4},{"not_picked":["Steam","Barrage"],"picked":"Stack","floor":5},{"not_picked":["Meteor Strike","Multi-Cast"],"picked":"Feed","floor":6},{"not_picked":["Limit Break","Biased Cognition"],"picked":"Buffer","floor":10},{"not_picked":["Bludgeon","Reaper"],"picked":"Juggernaut","floor":12},{"not_picked":["Ball Lightning","Body Slam"],"picked":"Tempest","floor":13},{"not_picked":["Tempest","Clash"],"picked":"Beam Cell","floor":14},{"not_picked":["Offering","Machine Learning"],"picked":"Immolate","floor":16},{"not_picked":["Flex","Stack"],"picked":"Intimidate+1","floor":18},{"not_picked":["FTL","Leap"],"picked":"Go for the Eyes+1","floor":19},{"not_picked":["Fission","Machine Learning"],"picked":"Berserk","floor":23},{"not_picked":["Hello World","Bloodletting"],"picked":"Beam Cell+1","floor":24},{"not_picked":["Seek","Creative AI"],"picked":"Electrodynamics","floor":25},{"not_picked":["Berserk","Juggernaut"],"picked":"All For One","floor":28},{"not_picked":["Defragment","Seeing Red"],"picked":"Storm","floor":30},{"not_picked":["Gash","Barrage","Headbutt"],"picked":"SKIP","floor":31},{"not_picked":["Limit Break","Feed"],"picked":"Immolate","floor":33},{"not_picked":["Warcry+1","Whirlwind"],"picked":"Hemokinesis+1","floor":35},{"not_picked":["Twin Strike+1","True Grit"],"picked":"Recycle+1","floor":35},{"not_picked":["Gash+1","Uppercut+1"],"picked":"Self Repair","floor":37},{"not_picked":["Conserve Battery","Rage+1"],"picked":"Armaments+1","floor":37},{"not_picked":["Conserve Battery","Darkness+1","Hologram+1"],"picked":"SKIP","floor":38},{"not_picked":["Flex+1","Reckless Charge+1","Chaos"],"picked":"SKIP","floor":38},{"not_picked":["Buffer","Machine Learning"],"picked":"Creative AI","floor":41},{"not_picked":["Doom and Gloom+1","Clothesline+1"],"picked":"Redo+1","floor":44},{"not_picked":["Stack+1","Hologram"],"picked":"Battle Trance+1","floor":44},{"not_picked":["Wild Strike+1","Reprogram"],"picked":"True Grit+1","floor":45},{"not_picked":["Clothesline","Compile Driver"],"picked":"Dropkick+1","floor":45},{"not_picked":["Hyperbeam","Reaper"],"picked":"Dark Embrace","floor":46}],"player_experience":141409,"relics_obtained":[{"floor":6,"key":"Cables"},{"floor":8,"key":"Darkstone Periapt"},{"floor":9,"key":"Bottled Tornado"},{"floor":10,"key":"Mummified Hand"},{"floor":12,"key":"Potion Belt"},{"floor":23,"key":"Du-Vu Doll"},{"floor":25,"key":"Gambling Chip"},{"floor":26,"key":"Pantograph"},{"floor":28,"key":"Vajra"},{"floor":34,"key":"Regal Pillow"},{"floor":34,"key":"Meat on the Bone"},{"floor":34,"key":"Prayer Wheel"},{"floor":41,"key":"The Courier"},{"floor":43,"key":"Smiling Mask"},{"floor":46,"key":"Girya"}],"event_choices":[{"damage_healed":0,"gold_gain":0,"player_choice":"Forge","damage_taken":0,"max_hp_gain":0,"max_hp_loss":0,"event_name":"Accursed Blacksmith","floor":2,"gold_loss":0,"cards_upgraded":["Go for the Eyes"]},{"cards_removed":["Go for the Eyes"],"damage_healed":0,"gold_gain":0,"player_choice":"Gave Gold","damage_taken":0,"max_hp_gain":0,"max_hp_loss":0,"event_name":"Beggar","floor":20,"gold_loss":75},{"damage_healed":0,"gold_gain":0,"cards_transformed":["Feed"],"player_choice":"Transformed","damage_taken":0,"max_hp_gain":0,"max_hp_loss":0,"event_name":"Transmorgrifier","floor":21,"gold_loss":0,"cards_obtained":["Rupture"]},{"damage_healed":0,"gold_gain":0,"player_choice":"Max HP","damage_taken":0,"max_hp_gain":0,"max_hp_loss":5,"event_name":"Winding Halls","floor":36,"gold_loss":0},{"damage_healed":0,"gold_gain":0,"player_choice":"Upgrade","damage_taken":0,"relics_obtained":["Mark of the Bloom"],"max_hp_gain":0,"max_hp_loss":0,"event_name":"MindBloom","floor":48,"gold_loss":0,"cards_upgraded":["Sweeping Beam","Steam","Anger","Armaments","Scrape","Leap","Flame Barrier","Pommel Strike","Thunderclap","Glacier","Rage","Consume","Intimidate","Stack","Buffer","Juggernaut","Tempest","Beam Cell","Immolate","Rupture","Berserk","Electrodynamics","All For One","Immolate","Self Repair","Creative AI","Dark Embrace"]}],"is_beta":false,"boss_relics":[{"not_picked":["Velvet Choker","Runic Pyramid"],"picked":"Cursed Key"},{"not_picked":["Inserter","Fusion Hammer"],"picked":"Calling Bell"}],"items_purged_floors":[7,27],"is_endless":false,"potions_floor_spawned":[4,5,12,13,16,19,23,24,28,30,37,46],"ascension_level":0}