{"gold_per_floor":[118,69,69,3,22,49,61,61,61,61,96,107,142,153,153,256,256,275,292,17,17,35,83,83,108,131,242,179,191,203,225,237,344,356,385,1396,1419,931,931,329,360,375,375,375,375,405,425,440,440,440],"floor_reached":50,"playtime":2451,"items_purged":["Normality","Normality"],"score":860,"play_id":"8625bb3b-f626-44b3-a5b8-3cb0ee4c1824","local_time":"20190101232740","is_ascension_mode":true,"campfire_choices":[{"data":"Neutralize","floor":8.0,"key":"SMITH"},{"floor":15.0,"key":"REST"},{"floor":24.0,"key":"REST"},{"floor":30.0,"key":"REST"},{"data":"Leg Sweep","floor":32.0,"key":"SMITH"},{"floor":44.0,"key":"REST"},{"floor":49.0,"key":"REST"}],"neow_cost":"NONE","seed_source_timestamp":0,"circlet_count":0,"master_deck":["Survivor","Neutralize+1","Backflip","Cloak And Dagger","Poisoned Stab+1","Caltrops","Riddle With Holes+1","Deadly Poison","Bane+1","Bouncing Flask","Adrenaline","Crippling Poison","Cloak And Dagger","Quick Slash+1","Heel Hook+1","Glass Knife+1","Escape Plan","Blur","Poisoned Stab+1","Leg Sweep+1","Acrobatics+1","Bane+1","Cloak And Dagger","After Image","Blur+1","Underhanded Strike+1","Masterful Stab+1","Dodge and Roll","Backflip+1","Backflip","Backflip","Leg Sweep","Quick Slash+1","Dramatic Entrance+1","Footwork","Dagger Throw+1","Cloak And Dagger","Catalyst+1","Backstab+1","Deadly Poison","Deadly Poison","Dash+1","Corpse Explosion"],"special_seed":0,"relics":["Ring of the Snake","NeowsBlessing","Mercury Hourglass","Pen Nib","Molten Egg 2","Whetstone","Vajra","Pandora\u0027s Box","Shuriken","Dream Catcher","Snake Skull","MawBank","Prayer Wheel","Astrolabe","Anchor","Strawberry","Orichalcum","Pear","Mummified Hand","Bag of Preparation"],"potions_floor_usage":[],"damage_taken":[{"damage":0.0,"enemies":"Small Slimes","floor":1.0,"turns":1.0},{"damage":0.0,"enemies":"Jaw Worm","floor":5.0,"turns":1.0},{"damage":0.0,"enemies":"3 Sentries","floor":6.0,"turns":1.0},{"damage":0.0,"enemies":"Cultist","floor":7.0,"turns":3.0},{"damage":17.0,"enemies":"Lagavulin","floor":11.0,"turns":7.0},{"damage":0.0,"enemies":"Large Slime","floor":12.0,"turns":4.0},{"damage":18.0,"enemies":"Gremlin Nob","floor":13.0,"turns":4.0},{"damage":9.0,"enemies":"Red Slaver","floor":14.0,"turns":2.0},{"damage":13.0,"enemies":"The Guardian","floor":16.0,"turns":7.0},{"damage":21.0,"enemies":"2 Thieves","floor":18.0,"turns":3.0},{"damage":0.0,"enemies":"3 Byrds","floor":19.0,"turns":2.0},{"damage":20.0,"enemies":"Shelled Parasite and Fungi","floor":22.0,"turns":4.0},{"damage":11.0,"enemies":"Slavers","floor":25.0,"turns":5.0},{"damage":2.0,"enemies":"3 Cultists","floor":31.0,"turns":4.0},{"damage":46.0,"enemies":"Champ","floor":33.0,"turns":12.0},{"damage":11.0,"enemies":"3 Shapes","floor":35.0,"turns":3.0},{"damage":17.0,"enemies":"3 Darklings","floor":37.0,"turns":5.0},{"damage":31.0,"enemies":"Reptomancer","floor":41.0,"turns":7.0},{"damage":41.0,"enemies":"4 Shapes","floor":42.0,"turns":6.0},{"damage":7.0,"enemies":"Giant Head","floor":46.0,"turns":7.0},{"damage":9.0,"enemies":"Spire Growth","floor":47.0,"turns":4.0},{"damage":7.0,"enemies":"Writhing Mass","floor":48.0,"turns":7.0},{"damage":25,"enemies":"Awakened One","floor":50,"turns":7}],"seed_played":"-7916915930694550847","potions_obtained":[{"floor":5.0,"key":"Weak Potion"},{"floor":11.0,"key":"GhostInAJar"},{"floor":13.0,"key":"Swift Potion"},{"floor":14.0,"key":"PowerPotion"},{"floor":18.0,"key":"GhostInAJar"},{"floor":25.0,"key":"LiquidBronze"},{"floor":31.0,"key":"EssenceOfSteel"},{"floor":33.0,"key":"GhostInAJar"},{"floor":37.0,"key":"GhostInAJar"},{"floor":41.0,"key":"Ancient Potion"},{"floor":46.0,"key":"LiquidBronze"}],"is_trial":false,"path_per_floor":["M","$","?","?","M","E","M","R","T","?","E","M","E","M","R","B",null,"M","M","$","?","M","T","R","E","T","?","?","T","R","M","R","B",null,"M","?","M","$","?","$","E","M","T","R","?","E","M","M","R","B"],"character_chosen":"THE_SILENT","items_purchased":["Block Potion","Poisoned Stab+1","Shuriken","Anchor","Dexterity Potion","Leg Sweep","Quick Slash+1","Dramatic Entrance+1","Strawberry","Footwork","Dagger Throw+1","GhostInAJar","Orichalcum"],"campfire_rested":5,"item_purchase_floors":[2,20,20,38,38,38,38,38,40,40,40,40,40],"current_hp_per_floor":[63,63,68,68,68,68,68,68,68,68,51,51,33,24,46,33,65,44,44,44,44,24,24,46,35,35,35,35,35,57,55,55,9,59,48,48,31,31,66,73,52,11,11,35,35,28,19,12,36,11],"gold":440,"neow_bonus":"THREE_ENEMY_KILL","is_prod":false,"is_daily":false,"chose_seed":false,"campfire_upgraded":2,"win_rate":0,"timestamp":1546414060,"path_taken":["M","$","?","?","?","E","M","R","T","?","E","M","E","M","R","BOSS","M","M","$","?","M","?","R","E","T","?","?","?","R","M","R","BOSS","M","?","M","$","?","$","E","M","T","R","?","E","?","M","R","BOSS"],"build_version":"2018-12-20","purchased_purges":2,"victory":false,"max_hp_per_floor":[70,70,75,75,75,75,75,75,75,75,75,75,75,75,75,75,75,75,75,75,75,75,75,75,75,75,75,75,75,75,75,75,75,75,75,75,75,75,66,73,83,83,83,83,83,83,83,83,83,83],"card_choices":[{"not_picked":["Escape Plan","Quick Slash"],"picked":"Backflip","floor":1.0},{"not_picked":["Backstab","Masterful Stab"],"picked":"Cloak And Dagger","floor":5.0},{"not_picked":["Quick Slash","Unload"],"picked":"Poisoned Stab","floor":6.0},{"not_picked":["Acrobatics","Prepared"],"picked":"Caltrops","floor":7.0},{"not_picked":["Dodge and Roll","Outmaneuver"],"picked":"Riddle With Holes+1","floor":11.0},{"not_picked":["Deflect","Cloak And Dagger"],"picked":"Deadly Poison","floor":12.0},{"not_picked":["Accuracy","Prepared"],"picked":"Bane+1","floor":13.0},{"not_picked":["Backstab+1","Dagger Spray+1"],"picked":"Bouncing Flask","floor":14.0},{"not_picked":["Malaise","Die Die Die+1"],"picked":"Adrenaline","floor":16.0},{"not_picked":["Slice+1","Dagger Spray+1"],"picked":"Escape Plan","floor":18.0},{"not_picked":["Dodge and Roll","Concentrate"],"picked":"Blur","floor":19.0},{"not_picked":["Slice+1","Deflect"],"picked":"Leg Sweep","floor":22.0},{"not_picked":["Sucker Punch+1","Tools of the Trade"],"picked":"Acrobatics+1","floor":25.0},{"not_picked":["Prepared+1","Flying Knee+1"],"picked":"Bane+1","floor":30.0},{"not_picked":["Escape Plan+1","Underhanded Strike+1"],"picked":"Cloak And Dagger","floor":31.0},{"not_picked":["Reflex","Underhanded Strike+1","Tactician"],"picked":"SKIP","floor":31.0},{"not_picked":["Venomology","Burst"],"picked":"After Image","floor":33.0},{"not_picked":["Acrobatics+1","Flying Knee+1"],"picked":"Dodge and Roll","floor":35.0},{"not_picked":["Prepared+1","Flying Knee+1"],"picked":"Backflip+1","floor":35.0},{"not_picked":["Dagger Spray+1","PiercingWail"],"picked":"Backflip","floor":37.0},{"not_picked":["Envenom","Underhanded Strike+1"],"picked":"Backflip","floor":37.0},{"not_picked":["Dagger Throw+1","Accuracy+1"],"picked":"Cloak And Dagger","floor":41.0},{"not_picked":["Terror+1","PiercingWail"],"picked":"Catalyst+1","floor":42.0},{"not_picked":["Well Laid Plans+1","Prepared"],"picked":"Backstab+1","floor":42.0},{"not_picked":["Storm of Steel","Terror"],"picked":"Deadly Poison","floor":46.0},{"not_picked":["Backstab+1","Masterful Stab+1"],"picked":"Deadly Poison","floor":47.0},{"not_picked":["Bouncing Flask","Deadly Poison+1"],"picked":"Dash+1","floor":47.0},{"not_picked":["Poisoned Stab+1","Eviscerate+1"],"picked":"Corpse Explosion","floor":48.0},{"not_picked":["Flechettes+1","Blade Dance","Footwork"],"picked":"SKIP","floor":48.0}],"player_experience":252372,"relics_obtained":[{"floor":6.0,"key":"Pen Nib"},{"floor":9.0,"key":"Molten Egg 2"},{"floor":11.0,"key":"Whetstone"},{"floor":13.0,"key":"Vajra"},{"floor":23.0,"key":"Dream Catcher"},{"floor":25.0,"key":"Snake Skull"},{"floor":26.0,"key":"MawBank"},{"floor":29.0,"key":"Prayer Wheel"},{"floor":41.0,"key":"Pear"},{"floor":43.0,"key":"Mummified Hand"},{"floor":46.0,"key":"Bag of Preparation"}],"event_choices":[{"damage_healed":0.0,"max_hp_gain":5.0,"max_hp_loss":0.0,"gold_gain":0.0,"event_name":"Big Fish","player_choice":"Donut","floor":3.0,"gold_loss":0.0,"damage_taken":0.0},{"damage_healed":0.0,"max_hp_gain":0.0,"max_hp_loss":0.0,"gold_gain":0.0,"event_name":"WeMeetAgain","player_choice":"Paid Gold","floor":4.0,"gold_loss":66.0,"damage_taken":0.0,"relics_obtained":["Mercury Hourglass"]},{"damage_healed":0.0,"max_hp_gain":0.0,"max_hp_loss":0.0,"gold_gain":0.0,"event_name":"Accursed Blacksmith","player_choice":"Forge","floor":10.0,"gold_loss":0.0,"damage_taken":0.0,"cards_upgraded":["Poisoned Stab"]},{"cards_removed":["Tactician"],"damage_healed":0.0,"max_hp_gain":0.0,"max_hp_loss":0.0,"gold_gain":0.0,"event_name":"Back to Basics","player_choice":"Elegance","floor":21.0,"gold_loss":0.0,"damage_taken":0.0},{"damage_healed":0.0,"max_hp_gain":0.0,"max_hp_loss":0.0,"gold_gain":99.0,"event_name":"Nest","player_choice":"Stole From Cult","floor":27.0,"gold_loss":0.0,"damage_taken":0.0},{"cards_removed":["Expertise"],"damage_healed":0.0,"max_hp_gain":0.0,"max_hp_loss":0.0,"gold_gain":0.0,"event_name":"Beggar","player_choice":"Gave Gold","floor":28.0,"gold_loss":75.0,"damage_taken":0.0},{"damage_healed":0.0,"max_hp_gain":0.0,"max_hp_loss":0.0,"gold_gain":999.0,"event_name":"MindBloom","player_choice":"Gold","floor":36.0,"gold_loss":0.0,"damage_taken":0.0,"cards_obtained":["Normality","Normality"]},{"damage_healed":66.0,"max_hp_gain":0.0,"max_hp_loss":9.0,"gold_gain":0.0,"event_name":"The Moai Head","player_choice":"Heal","floor":39.0,"gold_loss":0.0,"damage_taken":0.0},{"damage_healed":0.0,"max_hp_gain":0.0,"max_hp_loss":0.0,"gold_gain":0.0,"event_name":"SecretPortal","player_choice":"Ignored","floor":45.0,"gold_loss":0.0,"damage_taken":0.0}],"is_beta":false,"boss_relics":[{"not_picked":["Ectoplasm","Black Star"],"picked":"Pandora\u0027s Box"},{"not_picked":["Busted Crown","Runic Pyramid"],"picked":"Astrolabe"}],"items_purged_floors":[38,40],"is_endless":false,"potions_floor_spawned":[5,11,13,14,18,25,31,33,37,41,46],"killed_by":"Awakened One","ascension_level":7}