{"gold_per_floor":[116,116,132,145,145,145,174,174,174,191,223,242,269,281,281,381,381,398,323,27,40,60,60,60,60,60,60],"floor_reached":27,"playtime":1070,"items_purged":["Defend_R"],"score":270,"play_id":"059b0f8c-5132-451c-a87e-59da24daddc5","local_time":"20190105115518","is_ascension_mode":true,"campfire_choices":[{"data":"Shrug It Off","floor":6,"key":"SMITH"},{"floor":8,"key":"REST"},{"floor":15,"key":"REST"},{"floor":23,"key":"REST"},{"data":"RitualDagger","floor":25,"key":"SMITH"}],"neow_cost":"NONE","seed_source_timestamp":3135739646211,"circlet_count":0,"master_deck":["Strike_R","Strike_R","Strike_R","Strike_R","Defend_R","Defend_R","Bash","Fire Breathing","Shrug It Off+1","Flex+1","Pommel Strike","Juggernaut","Heavy Blade","Seeing Red","Armaments","Uppercut","Berserk","Whirlwind+1","Sentinel+1","Ghostly Armor","RitualDagger+1"],"relics":["Black Blood","Blue Candle","Smiling Mask","Mango","Regal Pillow","Gremlin Horn","Self Forming Clay"],"potions_floor_usage":[16],"damage_taken":[{"damage":1,"enemies":"2 Louse","floor":1,"turns":4},{"damage":0,"enemies":"Small Slimes","floor":3,"turns":4},{"damage":4,"enemies":"Cultist","floor":4,"turns":5},{"damage":41,"enemies":"Gremlin Nob","floor":7,"turns":5},{"damage":6,"enemies":"3 Louse","floor":10,"turns":3},{"damage":26,"enemies":"3 Sentries","floor":11,"turns":8},{"damage":5,"enemies":"Looter","floor":12,"turns":3},{"damage":25,"enemies":"Lagavulin","floor":13,"turns":8},{"damage":13,"enemies":"Exordium Wildlife","floor":14,"turns":7},{"damage":87,"enemies":"Hexaghost","floor":16,"turns":11},{"damage":56,"enemies":"Spheric Guardian","floor":18,"turns":6},{"damage":34,"enemies":"2 Thieves","floor":21,"turns":4},{"damage":6,"enemies":"Snecko","floor":22,"turns":5},{"damage":77,"enemies":"Slavers","floor":27,"turns":4}],"seed_played":"5076748597474321520","potions_obtained":[{"floor":1,"key":"Fire Potion"},{"floor":4,"key":"AttackPotion"},{"floor":10,"key":"LiquidBronze"},{"floor":21,"key":"SteroidPotion"}],"is_trial":false,"path_per_floor":["M","?","M","M","?","R","E","R","T","M","E","M","E","M","R","B",null,"M","?","$","M","M","R","?","R","T","E"],"character_chosen":"IRONCLAD","items_purchased":["Gremlin Horn"],"campfire_rested":3,"item_purchase_floors":[20],"current_hp_per_floor":[88,88,88,88,88,88,53,79,79,79,73,74,55,48,93,12,102,56,56,56,32,36,81,75,75,75,0],"gold":60,"neow_bonus":"TEN_PERCENT_HP_BONUS","is_prod":false,"is_daily":false,"chose_seed":false,"campfire_upgraded":2,"win_rate":0,"timestamp":1546685718,"path_taken":["M","?","M","M","?","R","E","R","T","M","E","M","E","M","R","BOSS","M","?","$","M","M","R","?","R","T","E"],"build_version":"2019-01-03v4","purchased_purges":1,"victory":false,"max_hp_per_floor":[88,88,88,88,88,88,88,88,88,88,102,102,102,102,102,102,102,102,102,102,102,102,102,102,102,102,102],"card_choices":[{"not_picked":["Burning Pact","Havoc"],"picked":"Fire Breathing","floor":1},{"not_picked":["Iron Wave","Armaments"],"picked":"Shrug It Off","floor":3},{"not_picked":["Wild Strike","Clothesline"],"picked":"Flex","floor":4},{"not_picked":["Twin Strike","Bloodletting"],"picked":"Pommel Strike","floor":7},{"not_picked":["Disarm","Perfected Strike"],"picked":"Juggernaut","floor":10},{"not_picked":["Inflame","Evolve"],"picked":"Heavy Blade","floor":11},{"not_picked":["Evolve","Iron Wave"],"picked":"Seeing Red","floor":12},{"not_picked":["True Grit","Clothesline"],"picked":"Armaments","floor":13},{"not_picked":["Power Through","Seeing Red"],"picked":"Uppercut","floor":14},{"not_picked":["Brutality","Dark Embrace"],"picked":"Berserk","floor":16},{"not_picked":["Wild Strike+1","Metallicize+1"],"picked":"Whirlwind+1","floor":18},{"not_picked":["Entrench","Iron Wave"],"picked":"Sentinel+1","floor":21},{"not_picked":["Havoc","Spot Weakness"],"picked":"Ghostly Armor","floor":22}],"player_experience":107871,"relics_obtained":[{"floor":7,"key":"Blue Candle"},{"floor":9,"key":"Smiling Mask"},{"floor":11,"key":"Mango"},{"floor":13,"key":"Regal Pillow"},{"floor":26,"key":"Self Forming Clay"}],"event_choices":[{"cards_removed":["Strike_R"],"damage_healed":0,"gold_gain":0,"player_choice":"Forget","damage_taken":0,"max_hp_gain":0,"max_hp_loss":0,"event_name":"Living Wall","floor":2,"gold_loss":0},{"damage_healed":0,"gold_gain":0,"player_choice":"Forge","damage_taken":0,"max_hp_gain":0,"max_hp_loss":0,"event_name":"Accursed Blacksmith","floor":5,"gold_loss":0,"cards_upgraded":["Flex"]},{"cards_removed":["Defend_R"],"damage_healed":0,"gold_gain":0,"player_choice":"Gave Gold","damage_taken":0,"max_hp_gain":0,"max_hp_loss":0,"event_name":"Beggar","floor":19,"gold_loss":75},{"damage_healed":0,"gold_gain":0,"player_choice":"Joined the Cult","damage_taken":6,"max_hp_gain":0,"max_hp_loss":0,"event_name":"Nest","floor":24,"gold_loss":0,"cards_obtained":["RitualDagger"]}],"is_beta":false,"boss_relics":[{"not_picked":["Empty Cage","Coffee Dripper"],"picked":"Black Blood"}],"items_purged_floors":[20],"is_endless":false,"potions_floor_spawned":[1,4,10,14,21],"killed_by":"Slavers","ascension_level":1}