{"gold_per_floor":[112,124,138,151,151,151,24,41,41,41,51,70,87,87,87,188,188,200,219,119,130,8,8,37,49,100,100,100,100,100,100,100,100],"floor_reached":33,"playtime":1141,"items_purged":["Strike_B","Strike_B"],"score":259,"play_id":"b5b60b11-a3eb-4ec2-ab17-9cde5fd5104e","local_time":"20180721165626","is_ascension_mode":false,"campfire_choices":[{"data":"Zap","floor":6,"key":"SMITH"},{"data":"Leap","floor":10,"key":"SMITH"},{"floor":15,"key":"REST"},{"data":"Thunder Strike","floor":23,"key":"SMITH"},{"floor":28,"key":"REST"},{"floor":32,"key":"REST"}],"neow_cost":"NONE","seed_source_timestamp":538279927151217,"circlet_count":0,"master_deck":["Strike_B","Defend_B","Defend_B","Defend_B","Defend_B","Zap+1","Dualcast","Go for the Eyes","Ball Lightning","Defragment","Gash","Leap+1","Gash","Electrodynamics","FTL","Thunder Strike+1","Go for the Eyes+1","Finesse","Conserve Battery","Leap","Leap+1"],"relics":["Cracked Core","Blood Vial","Sozu","Orichalcum","Boot"],"potions_floor_usage":[],"damage_taken":[{"damage":1,"enemies":"2 Louse","floor":1,"turns":3},{"damage":0,"enemies":"Small Slimes","floor":2,"turns":2},{"damage":1,"enemies":"Jaw Worm","floor":3,"turns":3},{"damage":9,"enemies":"Large Slime","floor":4,"turns":5},{"damage":16,"enemies":"3 Louse","floor":8,"turns":3},{"damage":4,"enemies":"Exordium Wildlife","floor":11,"turns":3},{"damage":6,"enemies":"Large Slime","floor":12,"turns":4},{"damage":11,"enemies":"Lots of Slimes","floor":13,"turns":3},{"damage":5,"enemies":"Slime Boss","floor":16,"turns":6},{"damage":8,"enemies":"Shell Parasite","floor":18,"turns":4},{"damage":10,"enemies":"Chosen","floor":19,"turns":4},{"damage":6,"enemies":"3 Cultists","floor":21,"turns":3},{"damage":43,"enemies":"Book of Stabbing","floor":24,"turns":7},{"damage":13,"enemies":"Snake Plant","floor":25,"turns":4},{"damage":63,"enemies":"Automaton","floor":33,"turns":6}],"seed_played":"8689478421824210153","potions_obtained":[{"floor":3,"key":"Ancient Potion"},{"floor":4,"key":"Energy Potion"},{"floor":8,"key":"SpeedPotion"}],"is_trial":false,"path_per_floor":["M","M","M","M","?","R","$","M","T","R","M","M","M","?","R","B",null,"M","M","$","M","$","R","E","M","T","?","R","?","?","?","R"],"character_chosen":"DEFECT","items_purchased":["Leap","Finesse","Conserve Battery"],"campfire_rested":3,"item_purchase_floors":[7,22,22],"current_hp_per_floor":[74,74,73,64,69,69,69,53,53,53,51,47,38,38,62,59,80,72,64,64,60,60,60,19,8,8,8,32,32,24,9,34,0],"gold":100,"neow_bonus":"THREE_CARDS","is_prod":false,"is_daily":false,"chose_seed":false,"campfire_upgraded":3,"win_rate":0.0,"timestamp":1532163386,"path_taken":["M","M","M","M","?","R","$","M","T","R","M","M","M","?","R","BOSS","M","M","$","M","$","R","E","M","T","?","R","?","?","?","R","BOSS"],"build_version":"2018-07-19v2","purchased_purges":2,"victory":false,"max_hp_per_floor":[75,75,75,75,80,80,80,80,80,80,80,80,80,80,80,80,80,80,80,80,80,80,80,80,80,80,80,80,80,80,85,85,85],"card_choices":[{"not_picked":["White Noise","Undo"],"picked":"Go for the Eyes","floor":0},{"not_picked":["Gash","BootSequence"],"picked":"Ball Lightning","floor":1},{"not_picked":["Undo","Sweeping Beam","Ball Lightning"],"picked":"SKIP","floor":2},{"not_picked":["Chaos","Cold Snap"],"picked":"Defragment","floor":3},{"not_picked":["Sunder","Recycle"],"picked":"Gash","floor":4},{"not_picked":["Cold Snap","Reinforced Body","Rip and Tear"],"picked":"SKIP","floor":8},{"not_picked":["Redo","Sweeping Beam"],"picked":"Gash","floor":11},{"not_picked":["Cold Snap","Ball Lightning"],"picked":"Electrodynamics","floor":12},{"not_picked":["Tempest","Steam Power"],"picked":"FTL","floor":13},{"not_picked":["Hyperbeam","Multi-Cast"],"picked":"Thunder Strike","floor":16},{"not_picked":["Beam Cell","Capacitor"],"picked":"Go for the Eyes+1","floor":18},{"not_picked":["Fusion","Hello World","Go for the Eyes"],"picked":"SKIP","floor":19},{"not_picked":["Compile Driver+1","Skim","Redo"],"picked":"SKIP","floor":21},{"not_picked":["Reprogram","Conserve Battery"],"picked":"Leap","floor":24},{"not_picked":["Fusion","Recycle"],"picked":"Leap+1","floor":25}],"player_experience":35715,"relics_obtained":[{"floor":9,"key":"Blood Vial"},{"floor":24,"key":"Orichalcum"},{"floor":26,"key":"Boot"}],"event_choices":[{"event_name":"Big Fish","player_choice":"Donut","floor":5,"damage_taken":0},{"event_name":"Dead Adventurer","player_choice":"Searched \u00270\u0027 times","floor":14,"damage_taken":0},{"event_name":"Ghosts","player_choice":"Ignored","floor":27,"damage_taken":0},{"event_name":"Back to Basics","player_choice":"Elegance","floor":29,"damage_taken":0},{"event_name":"Wheel of Change","player_choice":"Damage","floor":30,"damage_taken":0},{"event_name":"Forgotten Altar","player_choice":"Shed Blood","floor":31,"damage_taken":0}],"is_beta":false,"boss_relics":[{"not_picked":["Cursed Key","Calling Bell"],"picked":"Sozu"}],"items_purged_floors":[7,20],"is_endless":false,"potions_floor_spawned":[3,4,8,16,18,24,25],"killed_by":"Automaton","ascension_level":0}