{"gold_per_floor":[13,26,26,26,50,81,97,110,110,110,35,53,53,80,80,182,182,194,213,213,312,312,339,339,264,264,264,264,293,310,310,310,408,408,428,428,428,445,459,459,473,485,485,498,849,84,84,112,112,112],"floor_reached":50,"playtime":1965,"items_purged":["Defend_B","Strike_B"],"score":593,"play_id":"24749003-2477-4eab-9019-1089296dadd4","local_time":"20190127133836","is_ascension_mode":false,"campfire_choices":[{"data":"Zap","floor":10,"key":"SMITH"},{"data":"Dualcast","floor":15,"key":"SMITH"},{"data":"Reboot","floor":24,"key":"SMITH"},{"floor":27,"key":"RECALL"},{"floor":32,"key":"REST"},{"data":"Fission","floor":40,"key":"SMITH"},{"floor":47,"key":"REST"},{"data":"Enlightenment","floor":49,"key":"SMITH"}],"neow_cost":"NO_GOLD","seed_source_timestamp":675036489237930,"circlet_count":0,"master_deck":["Strike_B+1","Defend_B","Defend_B+1","Zap+1","Dualcast+1","Conserve Battery+1","FTL+1","Core Surge+1","Reboot+1","Sunder+1","Hyperbeam+1","Core Surge+1","FTL+1","Fission+1","Conserve Battery+1","Enlightenment+1","Hyperbeam+1"],"relics":["Cracked Core","Torii","Mercury Hourglass","War Paint","Orichalcum","Molten Egg 2","Kunai","Frozen Egg 2","Cables","Mummified Hand","Emotion Chip","Calipers","Nloth\u0027s Gift","Inserter","Symbiotic Virus","Old Coin","Pear","Anchor","Whetstone"],"potions_floor_usage":[14,23,23,23,23,23,23,29,33,33,33,33,39,45,50,50,50],"damage_taken":[{"damage":0,"enemies":"Cultist","floor":1,"turns":3},{"damage":0,"enemies":"Small Slimes","floor":2,"turns":4},{"damage":17,"enemies":"3 Sentries","floor":6,"turns":6},{"damage":0,"enemies":"Jaw Worm","floor":7,"turns":3},{"damage":0,"enemies":"2 Fungi Beasts","floor":8,"turns":3},{"damage":0,"enemies":"Exordium Wildlife","floor":12,"turns":2},{"damage":9,"enemies":"Lagavulin","floor":14,"turns":5},{"damage":11,"enemies":"The Guardian","floor":16,"turns":12},{"damage":0,"enemies":"Spheric Guardian","floor":18,"turns":3},{"damage":0,"enemies":"3 Byrds","floor":19,"turns":3},{"damage":18,"enemies":"Book of Stabbing","floor":23,"turns":3},{"damage":11,"enemies":"Slavers","floor":29,"turns":4},{"damage":1,"enemies":"Cultist and Chosen","floor":30,"turns":3},{"damage":33,"enemies":"Collector","floor":33,"turns":7},{"damage":1,"enemies":"3 Darklings","floor":35,"turns":2},{"damage":1,"enemies":"Orb Walker","floor":38,"turns":2},{"damage":12,"enemies":"Transient","floor":39,"turns":5},{"damage":1,"enemies":"4 Shapes","floor":41,"turns":2},{"damage":7,"enemies":"3 Darklings","floor":42,"turns":3},{"damage":5,"enemies":"Sphere and 2 Shapes","floor":44,"turns":3},{"damage":50,"enemies":"2 Orb Walkers","floor":45,"turns":5},{"damage":0,"enemies":"Reptomancer","floor":48,"turns":2},{"damage":40,"enemies":"Awakened One","floor":50,"turns":6}],"seed_played":"-5226690663532694538","potions_obtained":[{"floor":2,"key":"Swift Potion"},{"floor":8,"key":"EntropicBrew"},{"floor":12,"key":"Energy Potion"},{"floor":18,"key":"SteroidPotion"},{"floor":30,"key":"Energy Potion"},{"floor":39,"key":"SpeedPotion"},{"floor":45,"key":"Dexterity Potion"},{"floor":48,"key":"PowerPotion"}],"is_trial":false,"path_per_floor":["M","M","$","?","T","E","M","M","T","R","$","M","?","E","R","B",null,"M","M","?","?","?","E","R","?","T","R","T","E","M","?","R","B",null,"M","T","?","M","M","R","M","M","T","M","?","$","R","E","R","B"],"character_chosen":"DEFECT","items_purchased":["Pear","AttackPotion","Enlightenment","Hyperbeam+1","Anchor"],"campfire_rested":2,"item_purchase_floors":[46,46,46,46,46],"current_hp_per_floor":[75,75,75,68,68,51,51,51,51,51,51,51,51,42,42,31,75,75,75,61,61,61,43,43,43,43,43,43,32,31,31,55,22,80,79,79,79,78,66,66,65,58,58,53,3,13,40,40,40,0],"gold":112,"neow_bonus":"ONE_RARE_RELIC","is_prod":false,"is_daily":false,"chose_seed":false,"campfire_upgraded":5,"win_rate":0,"timestamp":1548608916,"path_taken":["M","M","?","?","?","E","M","M","T","R","$","M","?","E","R","BOSS","M","M","?","?","?","E","R","?","T","R","?","E","M","?","R","BOSS","M","?","?","?","M","R","M","M","T","M","?","$","R","E","R","BOSS"],"build_version":"2019-01-23","purchased_purges":2,"victory":false,"max_hp_per_floor":[75,75,75,75,75,75,75,75,75,75,75,75,75,75,75,75,75,75,75,80,80,80,80,80,80,80,80,80,80,80,80,80,80,80,80,80,80,80,80,80,80,80,80,80,80,90,90,90,90,90],"card_choices":[{"not_picked":["Reinforced Body","Heatsinks"],"picked":"Conserve Battery","floor":1},{"not_picked":["Leap","Turbo","Compile Driver"],"picked":"SKIP","floor":2},{"not_picked":["Genetic Algorithm","Hologram"],"picked":"FTL","floor":6},{"not_picked":["Redo","Barrage","Streamline"],"picked":"SKIP","floor":7},{"not_picked":["Streamline","Lockon","Steam Power"],"picked":"SKIP","floor":8},{"not_picked":["Go for the Eyes+1","Ball Lightning+1","Barrage+1"],"picked":"SKIP","floor":12},{"not_picked":["Barrage+1","Doom and Gloom+1"],"picked":"Core Surge+1","floor":14},{"not_picked":["Electrodynamics","Thunder Strike+1"],"picked":"Reboot","floor":16},{"not_picked":["Hologram","Heatsinks","BootSequence+1"],"picked":"SKIP","floor":18},{"not_picked":["Turbo","Hologram"],"picked":"Sunder+1","floor":19},{"not_picked":["Gash+1","Skim","Compile Driver+1"],"picked":"SKIP","floor":23},{"not_picked":["Rip and Tear+1","Ball Lightning+1","Heatsinks+1"],"picked":"SKIP","floor":29},{"not_picked":["Cold Snap+1","Genetic Algorithm","Go for the Eyes+1"],"picked":"SKIP","floor":30},{"not_picked":["All For One+1","Machine Learning+1"],"picked":"Hyperbeam+1","floor":33},{"not_picked":["Biased Cognition+1","Streamline+1","Rip and Tear+1"],"picked":"SKIP","floor":35},{"not_picked":["Hologram+1","Ball Lightning+1"],"picked":"FTL+1","floor":38},{"not_picked":["Streamline+1","Cold Snap+1"],"picked":"Fission","floor":39},{"not_picked":["Tempest","Storm+1","Gash+1"],"picked":"SKIP","floor":41},{"not_picked":["Sweeping Beam+1","Undo","Barrage+1"],"picked":"SKIP","floor":42},{"not_picked":["Cold Snap+1","Tempest"],"picked":"Conserve Battery+1","floor":44},{"not_picked":["Barrage+1","Stack","Turbo+1"],"picked":"SKIP","floor":48}],"player_experience":247118,"relics_obtained":[{"floor":5,"key":"War Paint"},{"floor":6,"key":"Orichalcum"},{"floor":9,"key":"Molten Egg 2"},{"floor":14,"key":"Kunai"},{"floor":23,"key":"Cables"},{"floor":26,"key":"Mummified Hand"},{"floor":28,"key":"Emotion Chip"},{"floor":29,"key":"Calipers"},{"floor":43,"key":"Symbiotic Virus"},{"floor":45,"key":"Old Coin"},{"floor":48,"key":"Whetstone"}],"event_choices":[{"damage_healed":0,"gold_gain":0,"player_choice":"Success","damage_taken":7,"relics_obtained":["Mercury Hourglass"],"max_hp_gain":0,"max_hp_loss":0,"event_name":"Scrap Ooze","floor":4,"gold_loss":0},{"cards_removed":["Strike_B"],"damage_healed":0,"gold_gain":0,"player_choice":"Forget","damage_taken":0,"max_hp_gain":0,"max_hp_loss":0,"event_name":"Living Wall","floor":13,"gold_loss":0},{"damage_healed":0,"gold_gain":0,"player_choice":"Shed Blood","damage_taken":19,"max_hp_gain":5,"max_hp_loss":0,"event_name":"Forgotten Altar","floor":20,"gold_loss":0},{"damage_healed":0,"gold_gain":99,"player_choice":"Stole From Cult","damage_taken":0,"max_hp_gain":0,"max_hp_loss":0,"event_name":"Nest","floor":21,"gold_loss":0},{"damage_healed":0,"gold_gain":0,"player_choice":"Opened","damage_taken":0,"relics_obtained":["Frozen Egg 2"],"max_hp_gain":0,"max_hp_loss":0,"event_name":"The Mausoleum","floor":22,"gold_loss":0,"cards_obtained":["Writhe"]},{"cards_removed":["Writhe"],"damage_healed":0,"gold_gain":0,"player_choice":"Gave Gold","damage_taken":0,"max_hp_gain":0,"max_hp_loss":0,"event_name":"Beggar","floor":25,"gold_loss":75},{"damage_healed":0,"gold_gain":0,"player_choice":"Traded Relic","damage_taken":0,"relics_obtained":["Nloth\u0027s Gift"],"max_hp_gain":0,"max_hp_loss":0,"event_name":"N\u0027loth","floor":31,"relics_lost":["Empty Cage"],"gold_loss":0},{"damage_healed":0,"gold_gain":0,"player_choice":"Copied","damage_taken":0,"max_hp_gain":0,"max_hp_loss":0,"event_name":"Duplicator","floor":37,"gold_loss":0,"cards_obtained":["Core Surge"]},{"damage_healed":0,"gold_gain":0,"player_choice":"Fight","damage_taken":0,"max_hp_gain":0,"max_hp_loss":0,"event_name":"Mysterious Sphere","floor":45,"gold_loss":0}],"is_beta":false,"boss_relics":[{"not_picked":["Pandora\u0027s Box","Velvet Choker"],"picked":"Empty Cage"},{"not_picked":["Eternal Feather","Cursed Key"],"picked":"Inserter"}],"items_purged_floors":[11,46],"is_endless":false,"potions_floor_spawned":[2,8,12,18,30,39,45,48],"killed_by":"Awakened One","ascension_level":0}