{"gold_per_floor":[114,60,75,75,90,90,105,120,195,195,210,261,261,276,276,376,376,391,16,31,31,31,61,61,61,136,136,151,166,181,196,196,296,296,311,271,111,126,73,73,88,488,543,543,558,658,673,688,700,712],"floor_reached":51,"playtime":2577,"items_purged":[],"score":763,"play_id":"321dc7f6-1e7d-4d9e-87f3-2106f84fe4e4","local_time":"20181129190913","daily_mods":["Heirloom","Vintage","Lethality"],"is_ascension_mode":false,"campfire_choices":[{"data":"Perfected Strike","floor":6,"key":"SMITH"},{"floor":15,"key":"REST"},{"floor":24,"key":"REST"},{"data":"Perfected Strike","floor":27,"key":"SMITH"},{"floor":32,"key":"REST"},{"data":"Strike_R","floor":40,"key":"SMITH"},{"data":"Bash","floor":49,"key":"SMITH"}],"neow_cost":"","seed_source_timestamp":0,"circlet_count":0,"master_deck":["Strike_R+1","Strike_R+1","Strike_R+1","Strike_R","Defend_R","Defend_R","Defend_R","Defend_R","Bash+1","Perfected Strike+1","Pommel Strike+1","Bludgeon+1","Perfected Strike+1","Perfected Strike+1","Limit Break+1","Metallicize+1","Blind+1","Flex+1","Pommel Strike+1","Parasite"],"special_seed":17864,"relics":["Burning Blood","Champion Belt","Juzu Bracelet","Art of War","PreservedInsect","Sundial","Letter Opener","Question Card","Regal Pillow","Toxic Egg 2","Self Forming Clay","Runic Pyramid","Pantograph","Thread and Needle","Whetstone","Nloth\u0027s Gift","Ancient Tea Set","Pear","Blood Vial","Bag of Marbles","Centennial Puzzle","Frozen Egg 2","Lizard Tail","Happy Flower","Strawberry","Ornamental Fan","Old Coin","Tiny Chest","Dodecahedron","Ice Cream","MawBank"],"potions_floor_usage":[7,11,23,23,33,33,33,33,33,33,50,50,50],"damage_taken":[{"damage":0,"enemies":"Small Slimes","floor":1,"turns":2},{"damage":10,"enemies":"Jaw Worm","floor":3,"turns":2},{"damage":0,"enemies":"Cultist","floor":5,"turns":2},{"damage":2,"enemies":"Gremlin Gang","floor":7,"turns":3},{"damage":22,"enemies":"Large Slime","floor":8,"turns":7},{"damage":22,"enemies":"Lots of Slimes","floor":11,"turns":3},{"damage":24,"enemies":"3 Sentries","floor":12,"turns":4},{"damage":0,"enemies":"2 Fungi Beasts","floor":14,"turns":2},{"damage":19,"enemies":"Slime Boss","floor":16,"turns":6},{"damage":0,"enemies":"Spheric Guardian","floor":18,"turns":3},{"damage":22,"enemies":"2 Thieves","floor":20,"turns":3},{"damage":19,"enemies":"Book of Stabbing","floor":23,"turns":3},{"damage":22,"enemies":"Sentry and Sphere","floor":28,"turns":4},{"damage":26,"enemies":"Snake Plant","floor":29,"turns":2},{"damage":8,"enemies":"Chosen and Byrds","floor":30,"turns":4},{"damage":11,"enemies":"Centurion and Healer","floor":31,"turns":5},{"damage":52,"enemies":"Champ","floor":33,"turns":7},{"damage":2,"enemies":"3 Shapes","floor":35,"turns":5},{"damage":4,"enemies":"Orb Walker","floor":38,"turns":2},{"damage":31,"enemies":"Maw","floor":41,"turns":5},{"damage":8,"enemies":"Mind Bloom Boss Battle","floor":42,"turns":6},{"damage":15,"enemies":"Writhing Mass","floor":45,"turns":5},{"damage":21,"enemies":"Sphere and 2 Shapes","floor":47,"turns":5},{"damage":12,"enemies":"3 Darklings","floor":48,"turns":4},{"damage":92,"enemies":"Donu and Deca","floor":50,"turns":9}],"seed_played":"-1070048214907055713","potions_obtained":[{"floor":3,"key":"Energy Potion"},{"floor":8,"key":"Regen Potion"},{"floor":12,"key":"Block Potion"},{"floor":20,"key":"Swift Potion"},{"floor":29,"key":"SteroidPotion"},{"floor":31,"key":"EntropicBrew"},{"floor":36,"key":"SpeedPotion"},{"floor":36,"key":"GamblersBrew"},{"floor":36,"key":"SneckoOil"},{"floor":42,"key":"Weak Potion"},{"floor":45,"key":"EssenceOfSteel"},{"floor":48,"key":"AttackPotion"}],"is_trial":false,"path_per_floor":["M","$","M","$","M","R","M","M","T","?","M","?","T","M","R","B",null,"M","$","M","?","?","E","R","?","T","R","M","M","M","M","R","B",null,"M","?","$","M","$","R","M","?","T","?","M","?","M","M","R","B",null],"character_chosen":"IRONCLAD","items_purchased":["Perfected Strike","Thread and Needle","EssenceOfSteel","Metallicize+1","Blind+1","Flex+1"],"campfire_rested":3,"item_purchase_floors":[2,19,19,37,37,39],"current_hp_per_floor":[80,80,76,76,80,80,80,64,64,64,57,39,39,45,80,67,80,80,80,64,64,64,51,80,80,90,90,74,56,56,53,90,44,90,90,90,90,97,97,97,72,95,95,95,88,88,75,71,71,11],"gold":724,"neow_bonus":"","is_prod":false,"is_daily":true,"chose_seed":false,"campfire_upgraded":4,"win_rate":0,"timestamp":1543514953,"path_taken":["M","$","M","$","M","R","M","M","T","?","M","?","?","M","R","BOSS","M","$","M","?","?","E","R","?","T","R","M","M","M","M","R","BOSS","M","?","$","M","$","R","M","?","T","?","M","?","M","M","R","BOSS"],"build_version":"2018-11-15","purchased_purges":0,"victory":true,"max_hp_per_floor":[80,80,80,80,80,80,80,80,80,80,80,80,80,80,80,80,80,80,80,80,80,80,80,80,80,90,90,90,90,90,90,90,90,90,90,90,90,97,97,97,97,97,97,97,97,97,97,97,97,97],"card_choices":[{"not_picked":["Body Slam","Iron Wave","Havoc"],"picked":"Pommel Strike","floor":12},{"not_picked":["Exhume+1","Berserk","Fiend Fire"],"picked":"Bludgeon","floor":16},{"not_picked":["Second Wind+1","Reaper","Sword Boomerang"],"picked":"Perfected Strike+1","floor":23},{"not_picked":["Feed","Dark Embrace+1","Juggernaut+1"],"picked":"Limit Break+1","floor":33},{"not_picked":["True Grit+1","Reckless Charge+1","Clothesline+1"],"picked":"Pommel Strike+1","floor":42}],"player_experience":110351,"relics_obtained":[{"floor":1,"key":"Juzu Bracelet"},{"floor":3,"key":"Art of War"},{"floor":5,"key":"Smiling Mask"},{"floor":7,"key":"PreservedInsect"},{"floor":8,"key":"Sundial"},{"floor":9,"key":"Letter Opener"},{"floor":11,"key":"Question Card"},{"floor":12,"key":"Regal Pillow"},{"floor":13,"key":"Toxic Egg 2"},{"floor":14,"key":"Self Forming Clay"},{"floor":18,"key":"Pantograph"},{"floor":20,"key":"Whetstone"},{"floor":23,"key":"Ancient Tea Set"},{"floor":26,"key":"Pear"},{"floor":28,"key":"Blood Vial"},{"floor":29,"key":"Bag of Marbles"},{"floor":30,"key":"Centennial Puzzle"},{"floor":31,"key":"Frozen Egg 2"},{"floor":35,"key":"Happy Flower"},{"floor":38,"key":"Strawberry"},{"floor":41,"key":"Ornamental Fan"},{"floor":42,"key":"Old Coin"},{"floor":43,"key":"Tiny Chest"},{"floor":45,"key":"Dodecahedron"},{"floor":47,"key":"Ice Cream"},{"floor":48,"key":"MawBank"}],"event_choices":[{"damage_healed":0,"gold_gain":0,"player_choice":"Grow","damage_taken":0,"max_hp_gain":0,"max_hp_loss":0,"event_name":"Living Wall","floor":10,"gold_loss":0,"cards_upgraded":["Strike_R"]},{"damage_healed":0,"gold_gain":0,"player_choice":"Searched \u00271\u0027 times","damage_taken":0,"max_hp_gain":0,"max_hp_loss":0,"event_name":"Dead Adventurer","floor":12,"gold_loss":0},{"damage_healed":0,"gold_gain":0,"player_choice":"Traded Relic","damage_taken":0,"relics_obtained":["Nloth\u0027s Gift"],"max_hp_gain":0,"max_hp_loss":0,"event_name":"N\u0027loth","floor":21,"relics_lost":["Smiling Mask"],"gold_loss":0},{"damage_healed":0,"gold_gain":0,"player_choice":"Upgraded","damage_taken":0,"max_hp_gain":0,"max_hp_loss":0,"event_name":"Upgrade Shrine","floor":22,"gold_loss":0,"cards_upgraded":["Bludgeon"]},{"damage_healed":0,"gold_gain":0,"player_choice":"Read","damage_taken":0,"max_hp_gain":0,"max_hp_loss":0,"event_name":"The Library","floor":25,"gold_loss":0,"cards_obtained":["Perfected Strike"]},{"damage_healed":0,"gold_gain":0,"player_choice":"Bought 3 Potions","damage_taken":0,"max_hp_gain":0,"max_hp_loss":0,"event_name":"The Woman in Blue","floor":36,"gold_loss":0},{"damage_healed":0,"gold_gain":0,"player_choice":"Fight","damage_taken":0,"max_hp_gain":0,"max_hp_loss":0,"event_name":"MindBloom","floor":42,"gold_loss":0},{"cards_removed":["Strike_R"],"damage_healed":0,"gold_gain":0,"player_choice":"Purged","damage_taken":0,"max_hp_gain":0,"max_hp_loss":0,"event_name":"Purifier","floor":44,"gold_loss":0},{"damage_healed":0,"gold_gain":100,"player_choice":"Pray","damage_taken":0,"max_hp_gain":0,"max_hp_loss":0,"event_name":"Golden Shrine","floor":46,"gold_loss":0}],"is_beta":false,"boss_relics":[{"not_picked":["Cursed Key","Eternal Feather"],"picked":"Runic Pyramid"},{"not_picked":["Sozu","Pandora\u0027s Box"],"picked":"Lizard Tail"}],"items_purged_floors":[],"is_endless":false,"potions_floor_spawned":[3,8,12,20,29,31,42,45,48],"ascension_level":0}