{"gold_per_floor":[117,67,67,67,79,79,104,115,195,12,27,42,42,69,69,164,164,174,192,192,14,29,63,63,14,89,89,89,89,89,89,89,187,187,201,219,246,257,283,283,293,293],"floor_reached":42,"playtime":2683,"items_purged":["Regret","Strike_B"],"score":546,"play_id":"614d2634-1440-4563-8ca6-42e0dc26bcf3","local_time":"20190128223040","is_ascension_mode":true,"campfire_choices":[{"data":"Streamline","floor":6,"key":"SMITH"},{"data":"Fission","floor":13,"key":"SMITH"},{"data":"White Noise","floor":15,"key":"SMITH"},{"floor":24,"key":"REST"},{"data":"Buffer","floor":28,"key":"SMITH"},{"data":"Defragment","floor":30,"key":"SMITH"},{"data":"Loop","floor":32,"key":"SMITH"},{"data":"Seek","floor":40,"key":"SMITH"}],"neow_cost":"NONE","seed_source_timestamp":95061071035608,"circlet_count":0,"master_deck":["Strike_B","Strike_B","Defend_B","Defend_B","Defend_B","Defend_B","Zap","Dualcast","Lockon","Streamline+1","Fission+1","White Noise+1","Auto Shields","Heatsinks","Conserve Battery","Leap","FTL","Echo Form","Defragment+1","Genetic Algorithm+1","Loop+1","Stack","Buffer+1","Coolheaded","Ghostly","Ghostly","Ghostly","Ghostly","Ghostly","Seek+1","Double Energy+1","White Noise","Amplify"],"relics":["Cracked Core","NeowsBlessing","Bag of Marbles","PreservedInsect","Lantern","Tiny Chest","Bag of Preparation","Inserter","Omamori","Symbiotic Virus","Meat on the Bone","Matryoshka","Sozu","Centennial Puzzle","Juzu Bracelet","Darkstone Periapt","Art of War"],"potions_floor_usage":[16,16,19,23,23,23],"damage_taken":[{"damage":0,"enemies":"2 Louse","floor":1,"turns":1},{"damage":0,"enemies":"Small Slimes","floor":5,"turns":1},{"damage":0,"enemies":"Gremlin Nob","floor":7,"turns":1},{"damage":7,"enemies":"Jaw Worm","floor":8,"turns":2},{"damage":0,"enemies":"Exordium Thugs","floor":11,"turns":3},{"damage":2,"enemies":"3 Louse","floor":12,"turns":2},{"damage":15,"enemies":"3 Sentries","floor":14,"turns":7},{"damage":3,"enemies":"The Guardian","floor":16,"turns":6},{"damage":1,"enemies":"Chosen","floor":18,"turns":5},{"damage":7,"enemies":"Spheric Guardian","floor":19,"turns":4},{"damage":35,"enemies":"Snake Plant","floor":22,"turns":6},{"damage":27,"enemies":"Gremlin Leader","floor":23,"turns":8},{"damage":26,"enemies":"Automaton","floor":33,"turns":11},{"damage":0,"enemies":"3 Shapes","floor":35,"turns":4},{"damage":0,"enemies":"3 Darklings","floor":36,"turns":6},{"damage":0,"enemies":"Transient","floor":38,"turns":5},{"damage":0,"enemies":"Spire Growth","floor":41,"turns":6},{"damage":42,"enemies":"Maw","floor":42,"turns":9}],"seed_played":"4346707290602734858","potions_obtained":[{"floor":1,"key":"PowerPotion"},{"floor":5,"key":"Energy Potion"},{"floor":8,"key":"FocusPotion"},{"floor":18,"key":"Block Potion"},{"floor":19,"key":"SpeedPotion"},{"floor":22,"key":"Poison Potion"}],"is_trial":false,"path_per_floor":["M","?","?","?","M","R","E","M","T","$","M","M","R","E","R","B",null,"M","M","?","$","M","E","R","$","T","?","R","T","R","T","R","B",null,"M","M","T","M","T","R","M","M"],"character_chosen":"DEFECT","items_purchased":["Auto Shields","Heatsinks","Loop","Coolheaded"],"campfire_rested":1,"item_purchase_floors":[10,10,21,25],"current_hp_per_floor":[75,75,75,68,68,68,68,61,61,61,61,59,59,44,44,41,75,74,67,67,67,32,5,27,27,27,27,27,27,27,27,27,13,37,37,37,37,37,37,37,37,0],"gold":293,"neow_bonus":"THREE_ENEMY_KILL","is_prod":false,"is_daily":false,"chose_seed":false,"campfire_upgraded":7,"win_rate":0,"timestamp":1548682240,"path_taken":["M","?","?","?","M","R","E","M","T","?","M","M","R","E","R","BOSS","M","M","?","$","M","E","R","$","T","?","R","?","R","?","R","BOSS","M","M","?","M","?","R","M","M"],"build_version":"2019-01-23","purchased_purges":2,"victory":false,"max_hp_per_floor":[75,75,75,75,75,75,75,75,75,75,75,75,75,75,75,75,75,75,75,75,75,75,75,75,75,75,37,37,37,37,37,37,37,37,37,37,37,37,37,37,37,37],"card_choices":[{"not_picked":["Turbo","Hologram"],"picked":"Lockon","floor":1},{"not_picked":["Rebound","Steam"],"picked":"Streamline","floor":5},{"not_picked":["Streamline","Sweeping Beam"],"picked":"Fission","floor":7},{"not_picked":["Steam","Melter"],"picked":"White Noise","floor":8},{"not_picked":["Stack","Chill"],"picked":"Conserve Battery","floor":11},{"not_picked":["Undo","Barrage"],"picked":"Leap","floor":12},{"not_picked":["Multi-Cast","Melter"],"picked":"FTL","floor":14},{"not_picked":["Amplify","Biased Cognition"],"picked":"Echo Form","floor":16},{"not_picked":["Cold Snap","Leap"],"picked":"Defragment","floor":18},{"not_picked":["Beam Cell","Compile Driver+1"],"picked":"Genetic Algorithm+1","floor":19},{"not_picked":["Gash+1","Hologram"],"picked":"Stack","floor":22},{"not_picked":["Double Energy","Blizzard"],"picked":"Buffer","floor":23},{"not_picked":["Amplify","All For One"],"picked":"Seek","floor":33},{"not_picked":["Sunder","Hologram"],"picked":"Double Energy+1","floor":35},{"not_picked":["Compile Driver+1","Ball Lightning+1"],"picked":"White Noise","floor":36},{"not_picked":["Blizzard","Sweeping Beam+1","Cold Snap"],"picked":"SKIP","floor":38},{"not_picked":["Cold Snap","Doom and Gloom"],"picked":"Amplify","floor":41}],"player_experience":92097,"relics_obtained":[{"floor":7,"key":"Lantern"},{"floor":9,"key":"Tiny Chest"},{"floor":14,"key":"Bag of Preparation"},{"floor":23,"key":"Omamori"},{"floor":26,"key":"Symbiotic Virus"},{"floor":29,"key":"Meat on the Bone"},{"floor":31,"key":"Matryoshka"},{"floor":37,"key":"Centennial Puzzle"},{"floor":37,"key":"Juzu Bracelet"},{"floor":39,"key":"Darkstone Periapt"},{"floor":39,"key":"Art of War"}],"event_choices":[{"cards_removed":["Strike_B"],"damage_healed":0,"gold_gain":0,"player_choice":"Card Removal","damage_taken":0,"max_hp_gain":0,"max_hp_loss":0,"event_name":"The Cleric","floor":2,"gold_loss":50},{"damage_healed":0,"gold_gain":0,"player_choice":"Box","damage_taken":0,"relics_obtained":["Bag of Marbles"],"max_hp_gain":0,"max_hp_loss":0,"event_name":"Big Fish","floor":3,"gold_loss":0,"cards_obtained":["Regret"]},{"damage_healed":0,"gold_gain":0,"player_choice":"Success","damage_taken":7,"relics_obtained":["PreservedInsect"],"max_hp_gain":0,"max_hp_loss":0,"event_name":"Scrap Ooze","floor":4,"gold_loss":0},{"damage_healed":0,"gold_gain":0,"player_choice":"Ignored","damage_taken":0,"max_hp_gain":0,"max_hp_loss":0,"event_name":"Vampires","floor":20,"gold_loss":0},{"damage_healed":0,"gold_gain":0,"player_choice":"Became a Ghost","damage_taken":0,"max_hp_gain":0,"max_hp_loss":38,"event_name":"Ghosts","floor":27,"gold_loss":0,"cards_obtained":["Ghostly","Ghostly","Ghostly","Ghostly","Ghostly"]}],"is_beta":false,"boss_relics":[{"not_picked":["Calling Bell","Ectoplasm"],"picked":"Inserter"},{"not_picked":["Orrery","Eternal Feather"],"picked":"Sozu"}],"items_purged_floors":[10,21],"is_endless":false,"potions_floor_spawned":[1,5,8,12,18,19,22,35,36,38],"killed_by":"Maw","ascension_level":2}