{"gold_per_floor":[118,133,133,153,172,205,221,250,250,270,288,288,313,329,329,429,429,446,81,81,100,100,100],"floor_reached":23,"playtime":1404,"items_purged":["Strike_R"],"score":251,"play_id":"5dbfee82-b59b-4ab4-a022-22f41a47678b","local_time":"20190105212806","is_ascension_mode":true,"campfire_choices":[{"data":"Intimidate","floor":12.0,"key":"SMITH"},{"data":"Dropkick","floor":15.0,"key":"SMITH"}],"neow_cost":"NONE","seed_source_timestamp":32656546903129,"circlet_count":0,"master_deck":["Defend_R","Defend_R","Defend_R","Bash","Reaper+1","Shrug It Off","Dropkick+1","Pommel Strike","Pommel Strike","Intimidate+1","Clash","Impervious","Iron Wave","Barricade","Carnage","Bite","Bite","Bite","Bite","Bite","Fiend Fire"],"special_seed":0,"relics":["Black Blood","Omamori","Meat on the Bone","Singing Bowl","Unceasing Top","Bird Faced Urn"],"potions_floor_usage":[],"damage_taken":[{"damage":5.0,"enemies":"Small Slimes","floor":1.0,"turns":4.0},{"damage":4.0,"enemies":"Cultist","floor":2.0,"turns":4.0},{"damage":4.0,"enemies":"Jaw Worm","floor":4.0,"turns":4.0},{"damage":6.0,"enemies":"3 Louse","floor":5.0,"turns":5.0},{"damage":32.0,"enemies":"3 Sentries","floor":6.0,"turns":10.0},{"damage":31.0,"enemies":"Exordium Thugs","floor":7.0,"turns":6.0},{"damage":19.0,"enemies":"Lagavulin","floor":8.0,"turns":10.0},{"damage":11.0,"enemies":"2 Fungi Beasts","floor":10.0,"turns":5.0},{"damage":21.0,"enemies":"Gremlin Gang","floor":11.0,"turns":7.0},{"damage":29.0,"enemies":"Gremlin Nob","floor":13.0,"turns":5.0},{"damage":3.0,"enemies":"3 Louse","floor":14.0,"turns":3.0},{"damage":49.0,"enemies":"The Guardian","floor":16.0,"turns":16.0},{"damage":54,"enemies":"Spheric Guardian","floor":18,"turns":10},{"damage":35,"enemies":"3 Byrds","floor":21,"turns":10},{"damage":70,"enemies":"Gremlin Leader","floor":23,"turns":7}],"seed_played":"1252175304133032547","potions_obtained":[{"floor":6.0,"key":"Dexterity Potion"},{"floor":8.0,"key":"GamblersBrew"},{"floor":10.0,"key":"BloodPotion"},{"floor":11.0,"key":"FearPotion"},{"floor":16.0,"key":"BloodPotion"}],"is_trial":false,"path_per_floor":["M","M","?","M","M","E","M","E","T","M","M","R","E","M","R","B",null,"M","$","?","M","?","E"],"character_chosen":"IRONCLAD","items_purchased":["Bird Faced Urn"],"campfire_rested":0,"item_purchase_floors":[19],"current_hp_per_floor":[80,80,80,80,80,61,42,29,29,41,60,60,51,63,63,32,86,54,54,54,47,47,0],"gold":100,"neow_bonus":"ONE_RANDOM_RARE_CARD","is_prod":false,"is_daily":false,"chose_seed":false,"campfire_upgraded":2,"win_rate":0,"timestamp":1546720086,"path_taken":["M","M","?","M","M","E","M","E","T","?","M","R","E","M","R","BOSS","M","$","?","M","?","E"],"build_version":"2019-01-03v4","purchased_purges":1,"victory":false,"max_hp_per_floor":[80,80,80,80,80,80,80,80,80,80,82,82,84,86,86,86,86,86,86,60,62,62,62],"card_choices":[{"not_picked":["Clash","Sword Boomerang"],"picked":"Shrug It Off","floor":1.0},{"not_picked":["Heavy Blade","Evolve"],"picked":"Dropkick","floor":2.0},{"not_picked":["Anger","Metallicize"],"picked":"Pommel Strike","floor":4.0},{"not_picked":["Combust","Warcry"],"picked":"Pommel Strike","floor":5.0},{"not_picked":["Pommel Strike","Heavy Blade"],"picked":"Intimidate","floor":6.0},{"not_picked":["Pummel","Wild Strike"],"picked":"Clash","floor":7.0},{"not_picked":["Pummel","Rampage"],"picked":"Impervious","floor":8.0},{"not_picked":["Body Slam","Sword Boomerang"],"picked":"Iron Wave","floor":10.0},{"not_picked":["Dual Wield","Perfected Strike","Sever Soul"],"picked":"Singing Bowl","floor":11.0},{"not_picked":["Twin Strike","Anger","Body Slam"],"picked":"Singing Bowl","floor":13.0},{"not_picked":["Clothesline","Infernal Blade","Havoc"],"picked":"Singing Bowl","floor":14.0},{"not_picked":["Reaper","Dark Embrace"],"picked":"Barricade","floor":16.0},{"not_picked":["Clothesline","Heavy Blade"],"picked":"Carnage","floor":18},{"not_picked":["Cleave","Sword Boomerang","Headbutt"],"picked":"Singing Bowl","floor":21}],"player_experience":116240,"relics_obtained":[{"floor":6.0,"key":"Omamori"},{"floor":8.0,"key":"Meat on the Bone"},{"floor":9.0,"key":"Singing Bowl"},{"floor":13.0,"key":"Unceasing Top"}],"event_choices":[{"damage_healed":0.0,"max_hp_gain":0.0,"max_hp_loss":0.0,"gold_gain":0.0,"event_name":"Accursed Blacksmith","player_choice":"Forge","floor":3.0,"gold_loss":0.0,"damage_taken":0.0,"cards_upgraded":["Reaper"]},{"damage_healed":0,"gold_gain":0,"player_choice":"Became a vampire","damage_taken":0,"max_hp_gain":0,"max_hp_loss":26,"event_name":"Vampires","floor":20,"gold_loss":0,"cards_obtained":["Bite","Bite","Bite","Bite","Bite"]},{"damage_healed":0,"gold_gain":0,"cards_transformed":["Defend_R"],"player_choice":"Transformed","damage_taken":0,"max_hp_gain":0,"max_hp_loss":0,"event_name":"Transmorgrifier","floor":22,"gold_loss":0,"cards_obtained":["Fiend Fire"]}],"is_beta":false,"boss_relics":[{"not_picked":["Black Star","Ectoplasm"],"picked":"Black Blood"}],"items_purged_floors":[19],"is_endless":false,"potions_floor_spawned":[6,8,10,11,16],"killed_by":"Gremlin Leader","ascension_level":1}