{"gold_per_floor":[112,112,37,55,72,105,118,118,144,154,171,182,182,199,199,295,295,313,313,228,259,171,171,182,182,205,205,215,243,255,180,180,180],"floor_reached":33,"playtime":1855,"items_purged":["Strike_R","Strike_R"],"score":337,"play_id":"b3d49b0a-ec5a-4aa8-83e1-3c030cbc7def","local_time":"20180822082123","is_ascension_mode":true,"campfire_choices":[{"data":"Armaments","floor":8,"key":"SMITH"},{"data":"Spot Weakness","floor":13,"key":"SMITH"},{"floor":15,"key":"REST"},{"floor":23,"key":"REST"},{"floor":25,"key":"REST"},{"data":"Shrug It Off","floor":27,"key":"SMITH"},{"floor":32,"key":"REST"}],"neow_cost":"NONE","seed_source_timestamp":516271958925632,"circlet_count":0,"master_deck":["Strike_R","Strike_R","Defend_R","Defend_R+1","Defend_R","Defend_R","Bash","Offering+1","Pommel Strike","Spot Weakness+1","Armaments+1","Warcry","Shrug It Off+1","Heavy Blade","Feed","Shrug It Off","Metallicize+1","Flame Barrier+1","Warcry+1","Ghostly Armor+1"],"relics":["Burning Blood","Strawberry","Regal Pillow","Lizard Tail","MawBank","War Paint","Orichalcum"],"potions_floor_usage":[6,21,24,29,30],"damage_taken":[{"damage":6,"enemies":"2 Louse","floor":1,"turns":2},{"damage":6,"enemies":"Cultist","floor":4,"turns":3},{"damage":3,"enemies":"Jaw Worm","floor":5,"turns":4},{"damage":16,"enemies":"Gremlin Nob","floor":6,"turns":3},{"damage":13,"enemies":"Looter","floor":7,"turns":3},{"damage":8,"enemies":"Blue Slaver","floor":10,"turns":4},{"damage":12,"enemies":"Large Slime","floor":11,"turns":7},{"damage":6,"enemies":"3 Louse","floor":12,"turns":5},{"damage":6,"enemies":"2 Fungi Beasts","floor":14,"turns":3},{"damage":41,"enemies":"Hexaghost","floor":16,"turns":9},{"damage":38,"enemies":"3 Byrds","floor":18,"turns":7},{"damage":23,"enemies":"Shell Parasite","floor":21,"turns":6},{"damage":38,"enemies":"Chosen and Byrds","floor":24,"turns":9},{"damage":15,"enemies":"Snecko","floor":28,"turns":6},{"damage":60,"enemies":"Slavers","floor":29,"turns":9},{"damage":17,"enemies":"Shelled Parasite and Fungi","floor":30,"turns":11},{"damage":139,"enemies":"Automaton","floor":33,"turns":16}],"seed_played":"4204333667524731155","potions_obtained":[{"floor":4,"key":"FearPotion"},{"floor":6,"key":"SkillPotion"},{"floor":11,"key":"PowerPotion"},{"floor":14,"key":"SpeedPotion"},{"floor":24,"key":"BloodPotion"}],"is_trial":false,"path_per_floor":["M","?","$","M","M","E","M","R","T","M","M","M","R","M","R","B",null,"M","?","?","M","$","R","M","R","T","R","M","E","M","?","R"],"character_chosen":"IRONCLAD","items_purchased":[],"campfire_rested":4,"item_purchase_floors":[],"current_hp_per_floor":[80,80,80,80,80,77,70,70,70,68,62,62,62,62,87,52,87,55,38,38,21,21,63,35,78,78,78,73,22,24,24,70,0],"gold":180,"neow_bonus":"ONE_RANDOM_RARE_CARD","is_prod":false,"is_daily":false,"chose_seed":false,"campfire_upgraded":3,"win_rate":0,"timestamp":1534897283,"path_taken":["M","?","$","M","M","E","M","R","T","M","M","M","R","M","R","BOSS","M","?","?","M","$","R","M","R","T","R","M","E","M","?","R","BOSS"],"build_version":"2018-08-16","purchased_purges":2,"victory":false,"max_hp_per_floor":[80,80,80,80,80,87,87,87,87,87,87,87,87,87,87,87,87,87,92,92,92,92,92,96,96,96,96,100,103,106,106,106,106],"card_choices":[{"not_picked":["Perfected Strike","Body Slam"],"picked":"Pommel Strike","floor":1},{"not_picked":["Pommel Strike","Clothesline","Corruption"],"picked":"SKIP","floor":4},{"not_picked":["Havoc","Inflame"],"picked":"Spot Weakness","floor":5},{"not_picked":["Anger","Sword Boomerang"],"picked":"Armaments","floor":6},{"not_picked":["Offering","Hemokinesis"],"picked":"Warcry","floor":7},{"not_picked":["Twin Strike","Body Slam"],"picked":"Shrug It Off","floor":10},{"not_picked":["Shrug It Off","Cleave"],"picked":"Heavy Blade","floor":11},{"not_picked":["Clothesline","Wild Strike","Evolve"],"picked":"SKIP","floor":12},{"not_picked":["Uppercut","Clash","Anger"],"picked":"SKIP","floor":14},{"not_picked":["Juggernaut","Brutality"],"picked":"Feed","floor":16},{"not_picked":["Pommel Strike","Iron Wave"],"picked":"Shrug It Off","floor":18},{"not_picked":["Clothesline","Flame Barrier"],"picked":"Metallicize+1","floor":21},{"not_picked":["Spot Weakness","Blood for Blood+1"],"picked":"Flame Barrier+1","floor":24},{"not_picked":["Thunderclap","Anger","Heavy Blade"],"picked":"SKIP","floor":28},{"not_picked":["Pummel+1","Evolve"],"picked":"Warcry+1","floor":29},{"not_picked":["Clash","Cleave+1"],"picked":"Ghostly Armor+1","floor":30}],"player_experience":269904,"relics_obtained":[{"floor":6,"key":"Strawberry"},{"floor":9,"key":"Regal Pillow"},{"floor":26,"key":"War Paint"},{"floor":29,"key":"Orichalcum"}],"event_choices":[{"event_name":"Match and Keep!","player_choice":"0 cards matched","floor":2,"damage_taken":0},{"event_name":"Forgotten Altar","player_choice":"Shed Blood","floor":19,"damage_taken":0},{"event_name":"Addict","player_choice":"Obtained Relic","floor":20,"damage_taken":0},{"event_name":"Beggar","player_choice":"Gave Gold","floor":31,"damage_taken":0}],"is_beta":false,"boss_relics":[{"not_picked":["Runic Dome","White Beast Statue"],"picked":"Lizard Tail"}],"items_purged_floors":[3,22],"is_endless":false,"potions_floor_spawned":[4,6,11,14,24],"killed_by":"Automaton","ascension_level":3}