{"gold_per_floor":[116,130,205,104,117,117,134,134,209,209,56,56,4,18,18,18],"floor_reached":16,"playtime":669,"items_purged":["Strike_R"],"score":90,"play_id":"d06ab7fc-40b8-4368-ae6c-9f5fe7082b58","local_time":"20180722083731","is_ascension_mode":false,"campfire_choices":[{"data":"Infernal Blade","floor":6,"key":"SMITH"},{"floor":12,"key":"REST"},{"floor":15,"key":"REST"}],"neow_cost":"NONE","seed_source_timestamp":595210191014345,"circlet_count":0,"master_deck":["Strike_R","Strike_R","Strike_R","Defend_R","Defend_R","Defend_R","Defend_R","Bash","Dark Embrace","Warcry","Searing Blow","True Grit","Infernal Blade+1","Feed","Shrug It Off","Dual Wield"],"relics":["Burning Blood","Bottled Tornado","Golden Idol"],"potions_floor_usage":[7,16,16],"damage_taken":[{"damage":3,"enemies":"Small Slimes","floor":1,"turns":4},{"damage":14,"enemies":"2 Louse","floor":2,"turns":4},{"damage":12,"enemies":"Jaw Worm","floor":5,"turns":5},{"damage":35,"enemies":"Large Slime","floor":7,"turns":8},{"damage":6,"enemies":"Blue Slaver","floor":14,"turns":4},{"damage":98,"enemies":"Slime Boss","floor":16,"turns":18}],"seed_played":"-8075082616132822404","potions_obtained":[{"floor":5,"key":"Fruit Juice"},{"floor":7,"key":"BloodPotion"},{"floor":14,"key":"Explosive Potion"}],"is_trial":false,"path_per_floor":["M","M","?","$","M","R","M","?","T","?","$","R","$","M","R"],"character_chosen":"IRONCLAD","items_purchased":["True Grit","Feed","Shrug It Off"],"campfire_rested":2,"item_purchase_floors":[4,11,13],"current_hp_per_floor":[80,72,61,61,55,55,31,31,31,31,31,54,54,57,81,0],"gold":18,"neow_bonus":"ONE_RANDOM_RARE_CARD","is_prod":false,"is_daily":false,"chose_seed":false,"campfire_upgraded":1,"win_rate":0.0,"timestamp":1532219851,"path_taken":["M","M","?","$","M","R","M","?","T","?","$","R","$","M","R","BOSS"],"build_version":"2018-07-19v2","purchased_purges":1,"victory":false,"max_hp_per_floor":[80,80,80,80,80,80,85,85,85,79,79,79,79,82,82,85],"card_choices":[{"not_picked":["Armaments","Spot Weakness"],"picked":"Warcry","floor":1},{"not_picked":["Entrench","Second Wind"],"picked":"Searing Blow","floor":2},{"not_picked":["Power Through","Hemokinesis"],"picked":"Infernal Blade","floor":5},{"not_picked":["Twin Strike","Anger","Headbutt"],"picked":"SKIP","floor":7},{"not_picked":["Headbutt","Corruption"],"picked":"Dual Wield","floor":14}],"player_experience":44355,"relics_obtained":[{"floor":9,"key":"Bottled Tornado"}],"event_choices":[{"event_name":"World of Goop","player_choice":"Gather Gold","floor":3,"damage_taken":0},{"event_name":"Living Wall","player_choice":"Forget","floor":8,"damage_taken":0},{"event_name":"Golden Idol","player_choice":"Lose Max HP","floor":10,"damage_taken":0}],"is_beta":false,"boss_relics":[],"items_purged_floors":[4],"is_endless":false,"potions_floor_spawned":[5,7,14],"killed_by":"Slime Boss","ascension_level":0}