{"gold_per_floor":[112,112,112,67,78,105,85,85,85,112,128,141,155,171,171,270,270,270,225,33,33,33,33,33,33,33,33,33,33,33,33,33,33],"floor_reached":33,"playtime":3281,"items_purged":[],"score":328,"play_id":"eb748f90-1bd2-4668-876b-e775c5b49168","local_time":"20190122212928","is_ascension_mode":false,"campfire_choices":[{"floor":8,"key":"REST"},{"floor":15,"key":"REST"},{"data":"Corruption","floor":24,"key":"SMITH"},{"data":"Mind Blast","floor":30,"key":"SMITH"},{"data":"Madness","floor":32,"key":"SMITH"}],"neow_cost":"PERCENT_DAMAGE","seed_source_timestamp":622147453983172,"circlet_count":0,"master_deck":["Strike_R","Strike_R","Strike_R","Strike_R","Strike_R","Defend_R","Defend_R","Defend_R","Defend_R","Bash+1","Mind Blast+1","Madness+1","Cleave+1","Shrug It Off","Ghostly Armor","Bludgeon","Armaments","Second Wind","Flex","Battle Trance","Entrench","Impervious","Power Through","Metallicize","Thinking Ahead","Corruption+1","Disarm","Carnage","Battle Trance","Pommel Strike+1","Burning Pact","Bludgeon","Fire Breathing+1"],"relics":["Burning Blood","Blood Vial","Pen Nib","Bag of Marbles","Ornamental Fan","Ectoplasm","PreservedInsect","Pantograph","FossilizedHelix"],"potions_floor_usage":[10,10,21,23,27,29],"damage_taken":[{"damage":11,"enemies":"Jaw Worm","floor":1,"turns":5},{"damage":1,"enemies":"2 Louse","floor":5,"turns":2},{"damage":38,"enemies":"3 Sentries","floor":6,"turns":10},{"damage":14,"enemies":"Gremlin Nob","floor":10,"turns":3},{"damage":0,"enemies":"Cultist","floor":11,"turns":2},{"damage":0,"enemies":"Looter","floor":12,"turns":3},{"damage":13,"enemies":"2 Fungi Beasts","floor":13,"turns":3},{"damage":12,"enemies":"Exordium Thugs","floor":14,"turns":3},{"damage":16,"enemies":"Slime Boss","floor":16,"turns":9},{"damage":6,"enemies":"Spheric Guardian","floor":18,"turns":5},{"damage":1,"enemies":"2 Thieves","floor":19,"turns":3},{"damage":0,"enemies":"Centurion and Healer","floor":21,"turns":5},{"damage":0,"enemies":"Snake Plant","floor":22,"turns":3},{"damage":26,"enemies":"Slavers","floor":23,"turns":6},{"damage":17,"enemies":"Cultist and Chosen","floor":25,"turns":7},{"damage":1,"enemies":"Centurion and Healer","floor":27,"turns":7},{"damage":9,"enemies":"Snake Plant","floor":28,"turns":4},{"damage":0,"enemies":"Book of Stabbing","floor":29,"turns":3},{"damage":14,"enemies":"Chosen and Byrds","floor":31,"turns":5},{"damage":88,"enemies":"Champ","floor":33,"turns":9}],"seed_played":"-4878578184907065239","potions_obtained":[{"floor":1,"key":"SkillPotion"},{"floor":6,"key":"Regen Potion"},{"floor":7,"key":"Dexterity Potion"},{"floor":13,"key":"Poison Potion"},{"floor":16,"key":"Fire Potion"},{"floor":19,"key":"FearPotion"},{"floor":22,"key":"Ancient Potion"},{"floor":25,"key":"SkillPotion"},{"floor":28,"key":"SteroidPotion"}],"is_trial":false,"path_per_floor":["M","?","T","$","M","E","?","R","T","E","M","M","M","M","R","B",null,"M","M","$","M","M","E","R","M","T","M","M","E","R","M","R","B"],"character_chosen":"IRONCLAD","items_purchased":["Shrug It Off","Thinking Ahead"],"campfire_rested":2,"item_purchase_floors":[4,20],"current_hp_per_floor":[51,35,35,35,42,12,12,36,36,39,47,55,50,46,70,62,80,80,80,80,80,80,60,60,51,51,58,57,65,65,59,59,0],"gold":33,"neow_bonus":"RANDOM_COLORLESS_2","is_prod":false,"is_daily":false,"chose_seed":false,"campfire_upgraded":3,"win_rate":0.0,"timestamp":1548160168,"path_taken":["M","?","?","$","M","E","?","R","T","E","M","M","M","M","R","BOSS","M","M","$","M","M","E","R","M","T","M","M","E","R","?","R","BOSS"],"build_version":"2019-01-17v2","purchased_purges":0,"victory":false,"max_hp_per_floor":[80,80,80,80,80,80,80,80,80,80,80,80,80,80,80,80,80,80,80,80,80,80,80,80,80,80,80,80,80,80,80,80,80],"card_choices":[{"not_picked":["Anger","Pommel Strike"],"picked":"Cleave","floor":1},{"not_picked":["Cleave","Anger"],"picked":"Ghostly Armor","floor":5},{"not_picked":["Cleave","Shrug It Off"],"picked":"Bludgeon","floor":6},{"not_picked":["Seeing Red","Clothesline"],"picked":"Armaments","floor":10},{"not_picked":["Armaments","Iron Wave"],"picked":"Second Wind","floor":11},{"not_picked":["Heavy Blade","Body Slam"],"picked":"Flex","floor":12},{"not_picked":["True Grit","Thunderclap"],"picked":"Battle Trance","floor":13},{"not_picked":["Disarm","Power Through"],"picked":"Entrench","floor":14},{"not_picked":["Double Tap","Berserk"],"picked":"Impervious","floor":16},{"not_picked":["True Grit","Flex+1"],"picked":"Power Through","floor":18},{"not_picked":["Hemokinesis+1","Armaments+1"],"picked":"Metallicize","floor":19},{"not_picked":["Cleave","Pommel Strike"],"picked":"Corruption","floor":21},{"not_picked":["Whirlwind+1","Armaments"],"picked":"Disarm","floor":22},{"not_picked":["Armaments","Seeing Red"],"picked":"Carnage","floor":23},{"not_picked":["Dropkick","Fire Breathing"],"picked":"Battle Trance","floor":25},{"not_picked":["Sword Boomerang+1","Brutality"],"picked":"Pommel Strike+1","floor":27},{"not_picked":["Clash","Armaments+1"],"picked":"Burning Pact","floor":28},{"not_picked":["Battle Trance","Fire Breathing"],"picked":"Bludgeon","floor":29},{"not_picked":["Perfected Strike","Clothesline"],"picked":"Fire Breathing+1","floor":31}],"player_experience":34400,"relics_obtained":[{"floor":3,"key":"Blood Vial"},{"floor":6,"key":"Pen Nib"},{"floor":9,"key":"Bag of Marbles"},{"floor":10,"key":"Ornamental Fan"},{"floor":23,"key":"PreservedInsect"},{"floor":26,"key":"Pantograph"},{"floor":29,"key":"FossilizedHelix"}],"event_choices":[{"damage_healed":0,"gold_gain":0,"player_choice":"Entered Light","damage_taken":16,"max_hp_gain":0,"max_hp_loss":0,"event_name":"Shining Light","floor":2,"gold_loss":0,"cards_upgraded":["Cleave","Bash"]},{"damage_healed":0,"gold_gain":0,"player_choice":"Bought 1 Potion","damage_taken":0,"max_hp_gain":0,"max_hp_loss":0,"event_name":"The Woman in Blue","floor":7,"gold_loss":0}],"is_beta":false,"boss_relics":[{"not_picked":["Runic Cube","Black Blood"],"picked":"Ectoplasm"}],"items_purged_floors":[],"is_endless":false,"potions_floor_spawned":[1,6,13,16,19,22,25,28],"killed_by":"Champ","ascension_level":0}