{"gold_per_floor":[119,119,44,62,74,74,93,93,119,19,39,39,67,81,81,184,184,197,208,208,223,22,22,34,34,58,81,93,120,148,170,182,194],"floor_reached":33,"playtime":1174,"items_purged":["Strike_B","Strike_B","Writhe"],"score":303,"play_id":"d2d4aacf-5ade-4986-bf12-018eabe88929","local_time":"20180721172804","is_ascension_mode":false,"campfire_choices":[{"data":"Zap","floor":6,"key":"SMITH"},{"data":"Leap","floor":8,"key":"SMITH"},{"data":"Redo","floor":15,"key":"SMITH"},{"data":"Buffer","floor":23,"key":"SMITH"},{"data":"Redo","floor":28,"key":"SMITH"},{"floor":32,"key":"REST"}],"neow_cost":"NONE","seed_source_timestamp":540145867974689,"circlet_count":0,"master_deck":["Defend_B","Defend_B","Defend_B","Defend_B","Zap+1","Dualcast","Electrodynamics","Melter","Leap+1","Redo+1","Ball Lightning","Buffer+1","Redo+1","Ball Lightning+1","Auto Shields","Conserve Battery","Leap"],"relics":["Cracked Core","Bronze Scales","Orichalcum","Black Star","Pear","MawBank"],"potions_floor_usage":[33,33,33],"damage_taken":[{"damage":6,"enemies":"Jaw Worm","floor":1,"turns":4},{"damage":1,"enemies":"Cultist","floor":4,"turns":3},{"damage":0,"enemies":"2 Louse","floor":5,"turns":1},{"damage":1,"enemies":"Looter","floor":7,"turns":3},{"damage":0,"enemies":"Large Slime","floor":11,"turns":3},{"damage":5,"enemies":"Gremlin Nob","floor":13,"turns":3},{"damage":2,"enemies":"Blue Slaver","floor":14,"turns":3},{"damage":0,"enemies":"Slime Boss","floor":16,"turns":7},{"damage":0,"enemies":"Spheric Guardian","floor":18,"turns":3},{"damage":5,"enemies":"Shell Parasite","floor":19,"turns":4},{"damage":19,"enemies":"3 Cultists","floor":21,"turns":4},{"damage":0,"enemies":"Sentry and Sphere","floor":24,"turns":3},{"damage":9,"enemies":"Snake Plant","floor":27,"turns":4},{"damage":5,"enemies":"3 Cultists","floor":29,"turns":3},{"damage":13,"enemies":"Sentry and Sphere","floor":30,"turns":4},{"damage":23,"enemies":"Centurion and Healer","floor":31,"turns":7},{"damage":45,"enemies":"Collector","floor":33,"turns":7}],"seed_played":"3982750513706406271","potions_obtained":[{"floor":1,"key":"Swift Potion"},{"floor":4,"key":"Swift Potion"},{"floor":7,"key":"Poison Potion"},{"floor":24,"key":"Explosive Potion"}],"is_trial":false,"path_per_floor":["M","?","$","M","M","R","M","R","T","$","M","$","E","M","R","B",null,"M","M","?","M","$","R","M","?","T","M","R","M","M","M","R"],"character_chosen":"DEFECT","items_purchased":["Auto Shields"],"campfire_rested":1,"item_purchase_floors":[22],"current_hp_per_floor":[69,69,69,68,68,68,67,67,67,67,67,67,62,60,60,60,75,75,70,80,61,61,61,61,61,61,52,52,47,34,11,36,0],"gold":194,"neow_bonus":"ONE_RANDOM_RARE_CARD","is_prod":false,"is_daily":false,"chose_seed":false,"campfire_upgraded":5,"win_rate":0.0,"timestamp":1532165284,"path_taken":["M","?","$","M","M","R","M","R","T","$","M","$","E","M","R","BOSS","M","?","?","?","$","R","M","?","T","M","R","M","M","M","R","BOSS"],"build_version":"2018-07-19v2","purchased_purges":3,"victory":false,"max_hp_per_floor":[75,75,75,75,75,75,75,75,75,75,75,75,75,75,75,75,75,75,75,85,85,85,85,85,85,85,85,85,85,85,85,85,85],"card_choices":[{"not_picked":["Blizzard","Turbo","Stack"],"picked":"SKIP","floor":1},{"not_picked":["Storm","Stack","Barrage"],"picked":"SKIP","floor":4},{"not_picked":["Streamline","Cold Snap"],"picked":"Leap","floor":5},{"not_picked":["Steam","Storm"],"picked":"Redo","floor":7},{"not_picked":["Loop","White Noise","Lockon"],"picked":"SKIP","floor":11},{"not_picked":["Streamline","Rebound"],"picked":"Ball Lightning","floor":13},{"not_picked":["Coolheaded","Sweeping Beam","Ball Lightning"],"picked":"SKIP","floor":14},{"not_picked":["Biased Cognition","Seek"],"picked":"Buffer","floor":16},{"not_picked":["Sweeping Beam","Cold Snap+1","Reprogram"],"picked":"SKIP","floor":18},{"not_picked":["Cold Snap+1","Go for the Eyes"],"picked":"Redo","floor":19},{"not_picked":["Beam Cell","Go for the Eyes"],"picked":"Ball Lightning+1","floor":21},{"not_picked":["Meteor Strike","Cold Snap"],"picked":"Conserve Battery","floor":24},{"not_picked":["Turbo+1","Hologram","Redo"],"picked":"SKIP","floor":27},{"not_picked":["Streamline","Melter"],"picked":"Leap","floor":29},{"not_picked":["Streamline","Steam","Consume"],"picked":"SKIP","floor":30},{"not_picked":["Ball Lightning","Echo Form","Stack+1"],"picked":"SKIP","floor":31}],"player_experience":37557,"relics_obtained":[{"floor":9,"key":"Bronze Scales"},{"floor":13,"key":"Orichalcum"},{"floor":26,"key":"MawBank"}],"event_choices":[{"event_name":"Transmorgrifier","player_choice":"Transform","floor":2,"damage_taken":0},{"event_name":"The Mausoleum","player_choice":"Yes","floor":20,"damage_taken":0},{"event_name":"Back to Basics","player_choice":"Elegance","floor":25,"damage_taken":0}],"is_beta":false,"boss_relics":[{"not_picked":["Ectoplasm","Busted Crown"],"picked":"Black Star"}],"items_purged_floors":[3,10,22],"is_endless":false,"potions_floor_spawned":[1,4,7,19,24,29,30,31],"killed_by":"Collector","ascension_level":0}