{"gold_per_floor":[118,393,393,403,162,162,178,127,150,165,190,190,190,202,202,304,304,319,352,352,370,389,389,409,409,459,470,470,487,145,145,145,245,295,305,305,315,335,348,348,24,24,48,73,92,10,22,22,22,22],"floor_reached":50,"playtime":2635,"items_purged":["Regret"],"score":551,"play_id":"d5f8c48a-5030-4567-9232-45c8decb34b9","local_time":"20190131203350","is_ascension_mode":false,"campfire_choices":[{"data":"Zap","floor":6,"key":"SMITH"},{"floor":13,"key":"REST"},{"data":"Storm","floor":15,"key":"SMITH"},{"floor":23,"key":"REST"},{"floor":25,"key":"REST"},{"floor":32,"key":"REST"},{"data":"Creative AI","floor":40,"key":"SMITH"},{"data":"Enlightenment","floor":42,"key":"SMITH"},{"floor":49,"key":"REST"}],"neow_cost":"NONE","seed_source_timestamp":695925787984700,"circlet_count":0,"master_deck":["Defend_B","Defend_B","Defend_B","Defend_B","Zap+1","BootSequence","Go for the Eyes","Ball Lightning+1","Static Discharge","Leap","Double Energy","Melter+1","Storm+1","Creative AI+1","Genetic Algorithm+1","Leap","Leap","Storm+1","Force Field","Chaos","Undo+1","Bite","Bite","Bite","Bite","Bite","Beam Cell","Leap","Magnetism","Turbo","Seek","Self Repair","Auto Shields+1","Barrage","Turbo+1","Rebound","Heatsinks","Capacitor","Enlightenment+1","Stack+1","Force Field","Self Repair","Lockon+1","Double Energy"],"relics":["Cracked Core","NeowsBlessing","Omamori","Pen Nib","Happy Flower","Lizard Tail","Red Mask","Dream Catcher","Blue Candle","Tiny House","Lantern","Strawberry","Gambling Chip"],"potions_floor_usage":[11,16,19,21,33,33,33,33,37,39,44,47,50,50],"damage_taken":[{"damage":0,"enemies":"Jaw Worm","floor":1,"turns":1},{"damage":0,"enemies":"Cultist","floor":3,"turns":1},{"damage":0,"enemies":"Small Slimes","floor":4,"turns":1},{"damage":4,"enemies":"3 Louse","floor":7,"turns":3},{"damage":3,"enemies":"Red Slaver","floor":10,"turns":3},{"damage":21,"enemies":"Lagavulin","floor":11,"turns":4},{"damage":0,"enemies":"Blue Slaver","floor":14,"turns":4},{"damage":6,"enemies":"Slime Boss","floor":16,"turns":8},{"damage":0,"enemies":"Chosen","floor":18,"turns":4},{"damage":38,"enemies":"Masked Bandits","floor":19,"turns":5},{"damage":7,"enemies":"Shell Parasite","floor":21,"turns":4},{"damage":31,"enemies":"Cultist and Chosen","floor":22,"turns":6},{"damage":16,"enemies":"Centurion and Healer","floor":24,"turns":7},{"damage":11,"enemies":"Chosen and Byrds","floor":27,"turns":5},{"damage":3,"enemies":"Shelled Parasite and Fungi","floor":29,"turns":7},{"damage":24,"enemies":"Champ","floor":33,"turns":7},{"damage":21,"enemies":"Orb Walker","floor":35,"turns":4},{"damage":27,"enemies":"3 Darklings","floor":37,"turns":8},{"damage":8,"enemies":"Sphere and 2 Shapes","floor":38,"turns":6},{"damage":32,"enemies":"Writhing Mass","floor":39,"turns":6},{"damage":31,"enemies":"Reptomancer","floor":44,"turns":6},{"damage":19,"enemies":"3 Darklings","floor":45,"turns":5},{"damage":17,"enemies":"Spire Growth","floor":47,"turns":4},{"damage":31,"enemies":"Donu and Deca","floor":50,"turns":6}],"seed_played":"6861446974464255089","potions_obtained":[{"floor":4,"key":"FocusPotion"},{"floor":7,"key":"AttackPotion"},{"floor":14,"key":"Dexterity Potion"},{"floor":19,"key":"Regen Potion"},{"floor":22,"key":"Energy Potion"},{"floor":24,"key":"LiquidBronze"},{"floor":29,"key":"PowerPotion"},{"floor":33,"key":"Block Potion"},{"floor":38,"key":"Explosive Potion"},{"floor":45,"key":"FocusPotion"},{"floor":47,"key":"Swift Potion"}],"is_trial":false,"path_per_floor":["M","?","M","M","$","R","M","$","T","M","E","?","R","M","R","B",null,"M","?","?","M","M","R","M","R","T","M","?","M","$","T","R","B",null,"M","?","M","M","M","R","$","R","T","E","M","$","M","$","R","B"],"character_chosen":"DEFECT","items_purchased":["Omamori","Ball Lightning","Leap","Leap","Magnetism","EntropicBrew","Lantern","Capacitor","AttackPotion","Enlightenment","Self Repair"],"campfire_rested":5,"item_purchase_floors":[5,5,8,30,30,30,41,41,41,41,46],"current_hp_per_floor":[75,75,75,75,75,75,71,71,71,68,47,32,54,54,54,48,75,75,37,37,42,11,33,17,39,39,28,28,39,39,39,52,28,57,45,45,31,32,35,35,35,35,42,22,14,14,10,10,29,0],"gold":22,"neow_bonus":"THREE_ENEMY_KILL","is_prod":false,"is_daily":false,"chose_seed":false,"campfire_upgraded":4,"win_rate":0.0,"timestamp":1548995630,"path_taken":["M","?","M","?","$","R","M","?","T","M","E","?","R","M","R","BOSS","M","?","?","?","M","R","M","R","T","M","?","M","$","?","R","BOSS","M","?","M","?","M","R","$","R","T","E","M","$","M","?","R","BOSS"],"build_version":"2019-01-23","purchased_purges":1,"victory":false,"max_hp_per_floor":[75,75,75,75,75,75,75,75,75,75,75,75,75,75,75,75,75,75,75,75,75,75,75,75,75,75,75,52,52,52,52,52,52,57,57,57,57,57,57,57,57,57,64,64,64,64,64,64,64,64],"card_choices":[{"not_picked":["Beam Cell","Steam Power"],"picked":"BootSequence","floor":1},{"not_picked":["Gash","Compile Driver"],"picked":"Go for the Eyes","floor":4},{"not_picked":["White Noise","Streamline"],"picked":"Static Discharge","floor":7},{"not_picked":["Loop","Reprogram"],"picked":"Double Energy","floor":10},{"not_picked":["Compile Driver","Turbo"],"picked":"Melter","floor":11},{"not_picked":["Streamline","Tempest"],"picked":"Storm","floor":14},{"not_picked":["Fission","All For One"],"picked":"Creative AI","floor":16},{"not_picked":["Melter","Gash"],"picked":"Genetic Algorithm+1","floor":18},{"not_picked":["Cold Snap","Fusion"],"picked":"Leap","floor":19},{"not_picked":["Gash","Steam Power"],"picked":"Storm+1","floor":21},{"not_picked":["Leap+1","Streamline+1"],"picked":"Force Field","floor":22},{"not_picked":["Genetic Algorithm","Sweeping Beam"],"picked":"Chaos","floor":24},{"not_picked":["Leap","Gash+1"],"picked":"Undo+1","floor":27},{"not_picked":["Echo Form","Barrage"],"picked":"Beam Cell","floor":29},{"not_picked":["Conserve Battery","Melter"],"picked":"Turbo","floor":32},{"not_picked":["Biased Cognition","Thunder Strike"],"picked":"Seek","floor":33},{"not_picked":["Go for the Eyes","Redo+1"],"picked":"Self Repair","floor":34},{"not_picked":["Coolheaded","Consume+1"],"picked":"Auto Shields+1","floor":35},{"not_picked":["Barrage","Glacier+1"],"picked":"Turbo+1","floor":37},{"not_picked":["Beam Cell+1","Barrage"],"picked":"Rebound","floor":38},{"not_picked":["Ball Lightning","Streamline+1"],"picked":"Heatsinks","floor":39},{"not_picked":["Fusion","Sweeping Beam+1"],"picked":"Stack+1","floor":44},{"not_picked":["Steam+1","Redo"],"picked":"Force Field","floor":45},{"not_picked":["Beam Cell","Conserve Battery"],"picked":"Lockon+1","floor":47},{"not_picked":["Coolheaded+1","Hologram+1"],"picked":"Double Energy","floor":49}],"player_experience":81749,"relics_obtained":[{"floor":9,"key":"Pen Nib"},{"floor":11,"key":"Happy Flower"},{"floor":19,"key":"Red Mask"},{"floor":26,"key":"Dream Catcher"},{"floor":31,"key":"Blue Candle"},{"floor":43,"key":"Strawberry"},{"floor":44,"key":"Gambling Chip"}],"event_choices":[{"damage_healed":0,"gold_gain":275,"player_choice":"Desecrate","damage_taken":0,"max_hp_gain":0,"max_hp_loss":0,"event_name":"Golden Shrine","floor":2,"gold_loss":0,"cards_obtained":["Regret"]},{"damage_healed":0,"gold_gain":0,"player_choice":"Entered Light","damage_taken":15,"max_hp_gain":0,"max_hp_loss":0,"event_name":"Shining Light","floor":12,"gold_loss":0,"cards_upgraded":["Dualcast","Melter"]},{"damage_healed":0,"gold_gain":0,"player_choice":"Fought Bandits","damage_taken":0,"max_hp_gain":0,"max_hp_loss":0,"event_name":"Masked Bandits","floor":19,"gold_loss":0},{"damage_healed":0,"gold_gain":0,"player_choice":"Copied","damage_taken":0,"max_hp_gain":0,"max_hp_loss":0,"event_name":"Duplicator","floor":20,"gold_loss":0,"cards_obtained":["Leap"]},{"damage_healed":0,"gold_gain":0,"player_choice":"Became a vampire","damage_taken":0,"max_hp_gain":0,"max_hp_loss":23,"event_name":"Vampires","floor":28,"gold_loss":0,"cards_obtained":["Bite","Bite","Bite","Bite","Bite"]},{"damage_healed":0,"gold_gain":0,"cards_transformed":["Dualcast"],"player_choice":"Transformed","damage_taken":0,"max_hp_gain":0,"max_hp_loss":0,"event_name":"Transmorgrifier","floor":36,"gold_loss":0,"cards_obtained":["Barrage"]}],"is_beta":false,"boss_relics":[{"not_picked":["Runic Pyramid","Snecko Eye"],"picked":"Lizard Tail"},{"not_picked":["Nuclear Battery","Astrolabe"],"picked":"Tiny House"}],"items_purged_floors":[5],"is_endless":false,"potions_floor_spawned":[4,7,14,19,22,24,29,33,38,45,47],"killed_by":"Donu and Deca","ascension_level":0}