{"gold_per_floor":[110,128,148,148,73,73,101,101,128,128,141,141,141,141,141,238,238,254,270,280,294,305,305,319,319,319,333,345,373,387,403,403,507,507,521,541,551,570,584,584,604,604,604,618,628,628,642,642,642,642],"floor_reached":50,"playtime":2514,"items_purged":["Strike_R"],"score":554,"play_id":"204659c7-6020-4792-b971-29741effe935","local_time":"20180809224651","is_ascension_mode":true,"campfire_choices":[{"data":"True Grit","floor":6.0,"key":"SMITH"},{"data":"Warcry","floor":8.0,"key":"SMITH"},{"floor":10.0,"key":"REST"},{"data":"Cleave","floor":12.0,"key":"SMITH"},{"floor":15.0,"key":"REST"},{"data":"Limit Break","floor":23.0,"key":"SMITH"},{"data":"Flame Barrier","floor":25.0,"key":"SMITH"},{"floor":32.0,"key":"REST"},{"data":"True Grit","floor":40,"key":"SMITH"},{"data":"Offering","floor":42,"key":"SMITH"},{"floor":49,"key":"REST"}],"neow_cost":"NONE","seed_source_timestamp":0,"circlet_count":0,"master_deck":["Defend_R","Defend_R","Defend_R","Bash","True Grit+1","Warcry+1","Flame Barrier+1","Cleave+1","Swift Strike","Limit Break+1","Twin Strike+1","Heavy Blade+1","Cleave+1","Flex+1","Evolve","Spot Weakness+1","True Grit+1","Offering+1","Warcry+1","Metallicize+1"],"special_seed":0,"relics":["Burning Blood","Red Skull","Pen Nib","Astrolabe","Matryoshka","Red Mask","Busted Crown","Pantograph","Mummified Hand","Blue Candle","Pear"],"potions_floor_usage":[45],"damage_taken":[{"damage":14.0,"enemies":"Small Slimes","floor":1.0,"turns":4.0},{"damage":7.0,"enemies":"2 Louse","floor":2.0,"turns":3.0},{"damage":4.0,"enemies":"Cultist","floor":3.0,"turns":4.0},{"damage":42.0,"enemies":"Gremlin Nob","floor":7.0,"turns":5.0},{"damage":11.0,"enemies":"Large Slime","floor":11.0,"turns":8.0},{"damage":70.0,"enemies":"Hexaghost","floor":16.0,"turns":16.0},{"damage":38.0,"enemies":"Shell Parasite","floor":18.0,"turns":10.0},{"damage":12.0,"enemies":"Chosen","floor":19.0,"turns":5.0},{"damage":13.0,"enemies":"Sentry and Sphere","floor":20.0,"turns":4.0},{"damage":5.0,"enemies":"Centurion and Healer","floor":21.0,"turns":3.0},{"damage":3.0,"enemies":"Cultist and Chosen","floor":22.0,"turns":4.0},{"damage":0.0,"enemies":"Chosen and Byrds","floor":24.0,"turns":3.0},{"damage":6.0,"enemies":"Snake Plant","floor":27.0,"turns":3.0},{"damage":0.0,"enemies":"Snecko","floor":28.0,"turns":2.0},{"damage":35.0,"floor":29.0,"turns":4.0},{"damage":0.0,"enemies":"Sentry and Sphere","floor":30.0,"turns":3.0},{"damage":9.0,"enemies":"Slaver and Parasite","floor":31.0,"turns":2.0},{"damage":19.0,"enemies":"Automaton","floor":33.0,"turns":6.0},{"damage":5.0,"enemies":"Orb Walker","floor":35.0,"turns":3.0},{"damage":13.0,"enemies":"Flame Bruiser 1 Orb","floor":36.0,"turns":4.0},{"damage":16.0,"enemies":"Maw","floor":37.0,"turns":6.0},{"damage":6.0,"enemies":"Flame Bruiser 2 Orb","floor":38.0,"turns":6.0},{"damage":5,"enemies":"Transient","floor":39,"turns":5},{"damage":3,"enemies":"Sphere and 2 Shapes","floor":41,"turns":3},{"damage":28,"enemies":"Spire Growth","floor":44,"turns":4},{"damage":40,"enemies":"Flame Bruiser 2 Orb","floor":45,"turns":3},{"damage":6,"enemies":"3 Darklings","floor":47,"turns":3},{"damage":82,"enemies":"Time Eater","floor":50,"turns":6}],"seed_played":"8257695520190604231","potions_obtained":[{"floor":1.0,"key":"PowerPotion"},{"floor":16.0,"key":"Ancient Potion"},{"floor":19.0,"key":"Explosive Potion"},{"floor":21.0,"key":"PowerPotion"},{"floor":29.0,"key":"Explosive Potion"},{"floor":36.0,"key":"Weak Potion"},{"floor":37.0,"key":"SkillPotion"},{"floor":44,"key":"Fruit Juice"}],"is_trial":false,"path_per_floor":["M","M","M","?","$","R","E","R","T","R","M","R","?","?","R","B",null,"M","M","M","M","M","R","M","R","T","M","M","?","M","M","R","B",null,"M","M","M","M","M","R","M","R","T","M","M","T","M","?","R"],"character_chosen":"IRONCLAD","items_purchased":[],"campfire_rested":4,"item_purchase_floors":[],"current_hp_per_floor":[72,71,73,73,73,73,37,37,37,61,56,56,49,49,73,9,80,48,42,35,36,39,39,45,45,45,45,51,22,28,25,49,36,80,80,73,63,63,64,64,67,67,67,45,16,26,26,26,54,0],"gold":642,"neow_bonus":"REMOVE_CARD","is_prod":false,"is_daily":false,"chose_seed":false,"campfire_upgraded":7,"win_rate":0,"timestamp":1533826011,"path_taken":["M","M","M","?","$","R","E","R","T","R","M","R","?","?","R","BOSS","M","M","M","M","M","R","?","R","T","M","M","?","M","M","R","BOSS","M","M","?","M","M","R","M","R","T","M","M","?","M","?","R","BOSS"],"build_version":"2018-08-02","purchased_purges":1,"victory":false,"max_hp_per_floor":[80,80,80,80,80,80,80,80,80,80,80,80,80,80,80,80,80,80,80,80,80,80,80,80,80,80,80,80,80,80,80,80,80,80,80,80,80,80,80,80,80,80,80,80,85,95,95,95,95,95],"card_choices":[{"not_picked":["Blood for Blood","Searing Blow"],"picked":"True Grit","floor":1.0},{"not_picked":["Perfected Strike","Sword Boomerang"],"picked":"Warcry","floor":2.0},{"not_picked":["Feel No Pain","Burning Pact"],"picked":"Flame Barrier","floor":3.0},{"not_picked":["Sentinel","Flame Barrier"],"picked":"Cleave","floor":7.0},{"not_picked":["Havoc","Flex","Sword Boomerang"],"picked":"SKIP","floor":11.0},{"not_picked":["Demon Form","Double Tap"],"picked":"Limit Break","floor":16.0},{"not_picked":["Feel No Pain+1","Anger","Clothesline"],"picked":"SKIP","floor":18.0},{"not_picked":["Iron Wave+1","Second Wind"],"picked":"Flex+1","floor":19.0},{"not_picked":["Rupture+1","Fire Breathing","Pommel Strike"],"picked":"SKIP","floor":20.0},{"not_picked":["Twin Strike","Pummel","Fire Breathing"],"picked":"SKIP","floor":21.0},{"not_picked":["Body Slam","Flex"],"picked":"Evolve","floor":22.0},{"not_picked":["Blood for Blood+1","Perfected Strike","Flex"],"picked":"SKIP","floor":24.0},{"not_picked":["Fiend Fire","Iron Wave"],"picked":"Spot Weakness+1","floor":27.0},{"not_picked":["True Grit","Havoc","Anger"],"picked":"SKIP","floor":28.0},{"not_picked":["Cleave","Reckless Charge","Rupture"],"picked":"SKIP","floor":30.0},{"not_picked":["Sword Boomerang","Iron Wave"],"picked":"True Grit","floor":31.0},{"not_picked":["Limit Break","Berserk"],"picked":"Offering","floor":33.0},{"not_picked":["Seeing Red+1"],"picked":"SKIP","floor":35.0},{"not_picked":["Cleave"],"picked":"SKIP","floor":36.0},{"not_picked":["Rage"],"picked":"SKIP","floor":37.0},{"not_picked":["Wild Strike+1"],"picked":"SKIP","floor":38},{"not_picked":[],"picked":"Warcry+1","floor":39},{"not_picked":["Havoc"],"picked":"SKIP","floor":41},{"not_picked":["Clash+1"],"picked":"SKIP","floor":44},{"not_picked":[],"picked":"Metallicize+1","floor":45},{"not_picked":["Bloodletting+1"],"picked":"SKIP","floor":47}],"player_experience":229758,"relics_obtained":[{"floor":7.0,"key":"Red Skull"},{"floor":9.0,"key":"Pen Nib"},{"floor":26.0,"key":"Matryoshka"},{"floor":29.0,"key":"Red Mask"},{"floor":43,"key":"Pantograph"},{"floor":43,"key":"Mummified Hand"},{"floor":46,"key":"Blue Candle"},{"floor":46,"key":"Pear"}],"event_choices":[{"event_name":"Liars Game","player_choice":"disagreed","floor":4.0,"damage_taken":0.0},{"event_name":"Golden Wing","player_choice":"Card Removal","floor":13.0,"damage_taken":0.0},{"event_name":"Match and Keep!","player_choice":"1 cards matched","floor":14.0,"damage_taken":0.0},{"event_name":"Masked Bandits","player_choice":"Fought over 345 gold","floor":29.0,"damage_taken":0.0},{"event_name":"Mysterious Sphere","player_choice":"Ignore","floor":48,"damage_taken":0}],"is_beta":false,"boss_relics":[{"not_picked":["Sozu","Cursed Key"],"picked":"Astrolabe"},{"not_picked":["Black Blood","Snecko Eye"],"picked":"Busted Crown"}],"items_purged_floors":[5],"is_endless":false,"potions_floor_spawned":[1,16,19,21,24,29,31,36,37,44],"killed_by":"Time Eater","ascension_level":2}