{"gold_per_floor":[117,143,166,85,98,128,78,92,92,106,20,30,49,49,49,145,145,160,106,120,120,120,120,132,167,217,20,47,47,47,57,57,160,160,177,177,22,37,137,137,154,74,97,97,97,114,0,19,19,19],"floor_reached":50,"playtime":2750,"items_purged":[],"score":506,"play_id":"f9e53b41-d71b-484b-ab74-c9b472237f9f","local_time":"20181215000929","is_ascension_mode":true,"campfire_choices":[{"floor":15,"key":"REST"},{"data":"Noxious Fumes","floor":23,"key":"SMITH"},{"floor":29,"key":"REST"},{"floor":32,"key":"REST"},{"floor":40,"key":"REST"},{"data":"Footwork","floor":45,"key":"SMITH"},{"floor":49,"key":"REST"}],"neow_cost":"NONE","seed_source_timestamp":45078601766207,"circlet_count":0,"master_deck":["Defend_G","Defend_G","Defend_G","Defend_G","Defend_G","Strike_G","Strike_G","Strike_G","Strike_G","Survivor","Neutralize","Bane","Bouncing Flask","Deadly Poison","Well Laid Plans","Footwork","Poisoned Stab","Distraction","Noxious Fumes+1","Bullet Time","Deadly Poison","Noxious Fumes+1","Deadly Poison","Poisoned Stab+1","Glass Knife","Footwork+1"],"relics":["Ring of the Snake","Happy Flower","Blood Vial","Omamori","Pen Nib","Tough Bandages","Busted Crown","Oddly Smooth Stone","Lantern","Strawberry","Blue Candle","Runic Pyramid","Ice Cream","Art of War","Dead Branch","Orichalcum","Red Mask"],"potions_floor_usage":[16,16,16,16,21,25,33,33,46,48,50],"damage_taken":[{"damage":1,"enemies":"Cultist","floor":1,"turns":4},{"damage":8,"enemies":"Jaw Worm","floor":5,"turns":4},{"damage":24,"enemies":"3 Sentries","floor":6,"turns":9},{"damage":9,"enemies":"Small Slimes","floor":8,"turns":3},{"damage":13,"enemies":"3 Louse","floor":10,"turns":3},{"damage":1,"enemies":"Gremlin Gang","floor":12,"turns":6},{"damage":0,"enemies":"Red Slaver","floor":13,"turns":5},{"damage":6,"enemies":"Hexaghost","floor":16,"turns":7},{"damage":7,"enemies":"Spheric Guardian","floor":18,"turns":4},{"damage":1,"enemies":"Chosen","floor":20,"turns":5},{"damage":0,"enemies":"3 Cultists","floor":21,"turns":1},{"damage":1,"enemies":"Centurion and Healer","floor":24,"turns":8},{"damage":25,"enemies":"Gremlin Leader","floor":25,"turns":6},{"damage":22,"enemies":"Book of Stabbing","floor":28,"turns":5},{"damage":29,"enemies":"Sentry and Sphere","floor":31,"turns":5},{"damage":56,"enemies":"Collector","floor":33,"turns":7},{"damage":22,"enemies":"Orb Walker","floor":35,"turns":4},{"damage":0,"enemies":"3 Shapes","floor":38,"turns":4},{"damage":20,"enemies":"Mind Bloom Boss Battle","floor":39,"turns":7},{"damage":10,"enemies":"Transient","floor":41,"turns":5},{"damage":13,"enemies":"3 Darklings","floor":46,"turns":6},{"damage":22,"enemies":"Jaw Worm Horde","floor":48,"turns":5},{"damage":59,"enemies":"Awakened One","floor":50,"turns":4}],"seed_played":"3437027704480074142","potions_obtained":[{"floor":6,"key":"Swift Potion"},{"floor":12,"key":"Explosive Potion"},{"floor":14,"key":"Block Potion"},{"floor":14,"key":"EntropicBrew"},{"floor":16,"key":"GamblersBrew"},{"floor":20,"key":"Regen Potion"},{"floor":25,"key":"LiquidBronze"},{"floor":28,"key":"SneckoOil"},{"floor":39,"key":"Explosive Potion"},{"floor":46,"key":"SkillPotion"},{"floor":48,"key":"Block Potion"}],"is_trial":false,"path_per_floor":["M","T","T","$","M","E","?","M","T","M","$","M","M","?","R","B",null,"M","$","M","M","$","R","M","E","T","$","E","R","?","M","R","B",null,"M","T","$","M","?","R","M","$","T","?","R","M","?","M","R","B"],"character_chosen":"THE_SILENT","items_purchased":["Bouncing Flask","Poisoned Stab","Distraction","Deadly Poison","Strawberry","Deadly Poison","Art of War","Footwork"],"campfire_rested":5,"item_purchase_floors":[4,11,11,19,27,27,37,42],"current_hp_per_floor":[69,69,69,69,62,40,40,33,33,22,22,23,25,25,46,42,70,63,63,64,66,66,66,67,57,57,64,44,67,67,40,63,9,77,55,55,55,57,39,62,54,54,54,54,54,43,43,23,46,0],"gold":19,"neow_bonus":"RANDOM_COMMON_RELIC","is_prod":false,"is_daily":false,"chose_seed":false,"campfire_upgraded":2,"win_rate":0,"timestamp":1544828969,"path_taken":["M","?","?","$","M","E","?","M","T","M","$","M","M","?","R","BOSS","M","$","?","M","?","R","?","E","T","$","E","R","?","M","R","BOSS","M","?","$","M","?","R","M","$","T","?","R","?","?","M","R","BOSS"],"build_version":"2018-12-13","purchased_purges":0,"victory":false,"max_hp_per_floor":[70,70,70,70,70,70,70,70,70,70,70,70,70,70,70,70,70,70,70,70,70,70,70,70,70,70,77,77,77,77,77,77,77,77,77,77,77,77,77,77,77,77,77,77,77,77,77,77,77,77],"card_choices":[{"not_picked":["Masterful Stab","Tactician"],"picked":"Bane","floor":1},{"not_picked":["Finisher","Heel Hook"],"picked":"Deadly Poison","floor":5},{"not_picked":["Dash","Blur"],"picked":"Well Laid Plans","floor":6},{"not_picked":["Finisher","PiercingWail","Backflip"],"picked":"SKIP","floor":8},{"not_picked":["Blade Dance","Underhanded Strike"],"picked":"Footwork","floor":10},{"not_picked":["Blur","Slice","Dagger Throw"],"picked":"SKIP","floor":12},{"not_picked":["Blade Dance","Prepared"],"picked":"Noxious Fumes","floor":13},{"not_picked":["Envenom","Adrenaline"],"picked":"Bullet Time","floor":16},{"not_picked":["Outmaneuver"],"picked":"SKIP","floor":18},{"not_picked":["Outmaneuver"],"picked":"SKIP","floor":20},{"not_picked":[],"picked":"Noxious Fumes","floor":24},{"not_picked":["Blade Dance"],"picked":"SKIP","floor":25},{"not_picked":[],"picked":"Poisoned Stab+1","floor":28},{"not_picked":["Blur+1"],"picked":"SKIP","floor":31},{"not_picked":[],"picked":"Glass Knife","floor":33},{"not_picked":["Masterful Stab+1"],"picked":"SKIP","floor":35},{"not_picked":["Quick Slash"],"picked":"SKIP","floor":38},{"not_picked":["Deflect"],"picked":"SKIP","floor":41},{"not_picked":["Tactician+1"],"picked":"SKIP","floor":46},{"not_picked":["Tactician+1"],"picked":"SKIP","floor":48}],"player_experience":175116,"relics_obtained":[{"floor":2,"key":"Blood Vial"},{"floor":3,"key":"Omamori"},{"floor":6,"key":"Pen Nib"},{"floor":9,"key":"Tough Bandages"},{"floor":25,"key":"Oddly Smooth Stone"},{"floor":26,"key":"Lantern"},{"floor":28,"key":"Blue Candle"},{"floor":36,"key":"Ice Cream"},{"floor":39,"key":"Dead Branch"},{"floor":43,"key":"Orichalcum"}],"event_choices":[{"damage_healed":0,"gold_gain":0,"player_choice":"Left Gold","damage_taken":0,"max_hp_gain":0,"max_hp_loss":0,"event_name":"World of Goop","floor":7,"gold_loss":50},{"damage_healed":0,"gold_gain":0,"player_choice":"Got Potions","damage_taken":0,"max_hp_gain":0,"max_hp_loss":0,"event_name":"Lab","floor":14,"gold_loss":0},{"cards_removed":["Strike_G"],"damage_healed":0,"gold_gain":0,"player_choice":"Offered Basic","damage_taken":0,"max_hp_gain":0,"max_hp_loss":0,"event_name":"Bonfire Elementals","floor":30,"gold_loss":0},{"damage_healed":0,"gold_gain":0,"player_choice":"Fight","damage_taken":0,"max_hp_gain":0,"max_hp_loss":0,"event_name":"MindBloom","floor":39,"gold_loss":0},{"damage_healed":0,"gold_gain":0,"player_choice":"Forge","damage_taken":0,"max_hp_gain":0,"max_hp_loss":0,"event_name":"Accursed Blacksmith","floor":44,"gold_loss":0,"cards_upgraded":["Noxious Fumes"]},{"damage_healed":0,"gold_gain":0,"player_choice":"Paid","damage_taken":0,"relics_obtained":["Red Mask"],"max_hp_gain":0,"max_hp_loss":0,"event_name":"Tomb of Lord Red Mask","floor":47,"gold_loss":114}],"is_beta":false,"boss_relics":[{"not_picked":["Runic Dome","Ectoplasm"],"picked":"Busted Crown"},{"not_picked":["Empty Cage","Ring of the Serpent"],"picked":"Runic Pyramid"}],"items_purged_floors":[],"is_endless":false,"potions_floor_spawned":[6,12,16,20,25,28,39,46,48],"killed_by":"Awakened One","ascension_level":1}