{"gold_per_floor":[368,24,24,24,37,63,13,13,13,13,13,32,66,66,66,164,164,181,181,151,4,4,35,35,60,87,12,25,58,75,75,75,180,180,192,192,192,241,10,10,25,25,25,56,74,74,88,114,114,114],"floor_reached":50,"playtime":2040,"items_purged":["Shame","Decay"],"score":697,"play_id":"049cfad7-b432-496b-be4f-eccb11cc2457","local_time":"20181224174304","is_ascension_mode":true,"campfire_choices":[{"data":"Bash","floor":8.0,"key":"SMITH"},{"data":"Shrug It Off","floor":11.0,"key":"SMITH"},{"data":"Clothesline","floor":15.0,"key":"SMITH"},{"data":"Pommel Strike","floor":24.0,"key":"SMITH"},{"floor":32.0,"key":"REST"},{"floor":40.0,"key":"REST"},{"floor":49.0,"key":"REST"}],"neow_cost":"CURSE","seed_source_timestamp":406711614397238,"circlet_count":0,"master_deck":["Strike_R","Strike_R","Strike_R","Strike_R","Defend_R","Defend_R","Defend_R","Defend_R","Bash+1","Cleave","Ghostly Armor+1","Hemokinesis+1","Shrug It Off+1","Pommel Strike+1","Clothesline+1","Offering","Spot Weakness+1","Pommel Strike+1","Iron Wave+1","Inflame","Fiend Fire+1","Twin Strike+1","Reaper+1","Seeing Red+1","Finesse","Headbutt+1","Heavy Blade+1","Clash+1","Clash+1","Shrug It Off","Doubt","Feed+1","Shrug It Off+1","Heavy Blade+1"],"special_seed":0,"relics":["Black Blood","Juzu Bracelet","Magic Flower","Paper Frog","Question Card","Philosopher\u0027s Stone","Matryoshka","Lantern","Letter Opener","Molten Egg 2","Happy Flower","Anchor","Red Skull","Ginger","CultistMask","Shuriken","Thread and Needle","Blue Candle","Dream Catcher"],"potions_floor_usage":[50,50],"damage_taken":[{"damage":1.0,"enemies":"Cultist","floor":1.0,"turns":4.0},{"damage":4.0,"enemies":"Jaw Worm","floor":5.0,"turns":3.0},{"damage":24.0,"enemies":"Gremlin Nob","floor":6.0,"turns":4.0},{"damage":4.0,"enemies":"Small Slimes","floor":12.0,"turns":3.0},{"damage":18.0,"enemies":"Lagavulin","floor":13.0,"turns":5.0},{"damage":34.0,"enemies":"Hexaghost","floor":16.0,"turns":9.0},{"damage":20.0,"enemies":"Spheric Guardian","floor":18.0,"turns":5.0},{"damage":24.0,"enemies":"Slavers","floor":23.0,"turns":5.0},{"damage":28.0,"enemies":"Book of Stabbing","floor":25.0,"turns":4.0},{"damage":2.0,"enemies":"Chosen","floor":28.0,"turns":3.0},{"damage":29.0,"enemies":"Slavers","floor":29.0,"turns":6.0},{"damage":5.0,"enemies":"Snake Plant","floor":30.0,"turns":2.0},{"damage":29.0,"enemies":"Champ","floor":33.0,"turns":4.0},{"damage":40.0,"enemies":"3 Shapes","floor":35.0,"turns":5.0},{"damage":65.0,"enemies":"2 Orb Walkers","floor":38.0,"turns":5.0},{"damage":0.0,"enemies":"Orb Walker","floor":41.0,"turns":2.0},{"damage":83.0,"enemies":"Reptomancer","floor":44.0,"turns":5.0},{"damage":19.0,"enemies":"4 Shapes","floor":45.0,"turns":6.0},{"damage":6.0,"enemies":"Spire Growth","floor":47.0,"turns":3.0},{"damage":73.0,"enemies":"Nemesis","floor":48.0,"turns":7.0},{"damage":113,"enemies":"Donu and Deca","floor":50,"turns":8}],"seed_played":"-8446985709503692417","potions_obtained":[{"floor":12.0,"key":"Weak Potion"},{"floor":16.0,"key":"SkillPotion"},{"floor":20.0,"key":"Fruit Juice"},{"floor":20.0,"key":"Strength Potion"},{"floor":23.0,"key":"SteroidPotion"},{"floor":28.0,"key":"PowerPotion"},{"floor":38.0,"key":"SkillPotion"},{"floor":41.0,"key":"Dexterity Potion"},{"floor":47.0,"key":"SkillPotion"},{"floor":48.0,"key":"Ancient Potion"}],"is_trial":false,"path_per_floor":["M","$","?","?","M","E","?","R","T","?","R","M","E","?","R","B",null,"M","?","?","$","?","E","R","E","T","$","M","E","M","?","R","B",null,"M","?","?","?","$","R","M","?","T","E","M","?","M","E","R","B"],"character_chosen":"IRONCLAD","items_purchased":["Juzu Bracelet","Ghostly Armor","Hemokinesis","PowerPotion","Lantern","Heavy Blade+1","Regen Potion"],"campfire_rested":3,"item_purchase_floors":[2,2,2,2,21,39,39],"current_hp_per_floor":[80,80,80,80,80,62,62,62,62,80,80,80,71,71,71,46,80,69,69,74,74,74,59,59,40,40,40,47,27,31,31,56,36,85,69,69,69,40,40,65,80,80,80,38,34,85,85,33,58,0],"gold":114,"neow_bonus":"TWO_FIFTY_GOLD","is_prod":false,"is_daily":false,"chose_seed":false,"campfire_upgraded":4,"win_rate":0,"timestamp":1545702184,"path_taken":["M","$","?","?","M","E","?","R","T","?","R","M","E","?","R","BOSS","M","?","?","$","?","E","R","E","T","?","M","E","M","?","R","BOSS","M","?","?","?","$","R","M","?","T","E","M","?","M","E","R","BOSS"],"build_version":"2018-12-20","purchased_purges":2,"victory":false,"max_hp_per_floor":[80,80,80,80,80,80,80,80,80,80,80,80,80,80,80,80,80,80,80,85,85,85,85,85,85,85,85,85,85,85,85,85,85,85,85,85,85,85,85,85,85,85,85,85,85,85,85,85,85,85],"card_choices":[{"not_picked":["Power Through","Warcry"],"picked":"Cleave","floor":1.0},{"not_picked":["Flex","Thunderclap"],"picked":"Shrug It Off","floor":5.0},{"not_picked":["Immolate","Clash"],"picked":"Pommel Strike","floor":6.0},{"not_picked":["Perfected Strike","Wild Strike","Blood for Blood"],"picked":"SKIP","floor":12.0},{"not_picked":["Warcry","Combust"],"picked":"Clothesline","floor":13.0},{"not_picked":["Dark Embrace","Brutality","Feed"],"picked":"Offering","floor":16.0},{"not_picked":["Iron Wave","Perfected Strike","Havoc"],"picked":"Spot Weakness","floor":18.0},{"not_picked":["Warcry","Burning Pact","Reckless Charge+1"],"picked":"Pommel Strike+1","floor":23.0},{"not_picked":["Corruption","Bloodletting+1","Cleave"],"picked":"Iron Wave","floor":25.0},{"not_picked":["Clothesline+1","Perfected Strike+1","Carnage+1"],"picked":"Inflame","floor":28.0},{"not_picked":["Warcry","Armaments+1","Body Slam+1"],"picked":"Fiend Fire+1","floor":29.0},{"not_picked":["Entrench","Corruption","Havoc"],"picked":"Twin Strike+1","floor":30.0},{"not_picked":["Exhume","Brutality","Dark Embrace"],"picked":"Reaper+1","floor":33.0},{"not_picked":["Searing Blow+1","Iron Wave+1","Clothesline+1"],"picked":"Seeing Red+1","floor":35.0},{"not_picked":["Transmutation","Secret Technique","Forethought"],"picked":"Finesse","floor":36.0},{"not_picked":["Evolve+1","Thunderclap+1","Shrug It Off"],"picked":"Headbutt+1","floor":38.0},{"not_picked":["Shrug It Off","Rampage+1","Infernal Blade"],"picked":"Clash+1","floor":41.0},{"not_picked":["Pommel Strike+1","Sentinel+1","Perfected Strike+1"],"picked":"Clash+1","floor":44.0},{"not_picked":["Iron Wave+1","Burning Pact+1","Ghostly Armor"],"picked":"Shrug It Off","floor":45.0},{"not_picked":["Rage","Iron Wave+1","Whirlwind+1"],"picked":"Feed+1","floor":47.0},{"not_picked":["Dual Wield+1","Bloodletting","Bludgeon+1"],"picked":"Shrug It Off+1","floor":48.0},{"not_picked":["Rupture","Sword Boomerang+1","Ghostly Armor"],"picked":"Heavy Blade+1","floor":49.0}],"player_experience":224729,"relics_obtained":[{"floor":6.0,"key":"Magic Flower"},{"floor":9.0,"key":"Paper Frog"},{"floor":13.0,"key":"Question Card"},{"floor":23.0,"key":"Letter Opener"},{"floor":25.0,"key":"Molten Egg 2"},{"floor":26.0,"key":"Happy Flower"},{"floor":26.0,"key":"Anchor"},{"floor":29.0,"key":"Red Skull"},{"floor":38.0,"key":"Ginger"},{"floor":43.0,"key":"Shuriken"},{"floor":43.0,"key":"Thread and Needle"},{"floor":44.0,"key":"Blue Candle"},{"floor":48.0,"key":"Dream Catcher"}],"event_choices":[{"damage_healed":0.0,"max_hp_gain":0.0,"max_hp_loss":0.0,"gold_gain":0.0,"cards_transformed":["Strike_R"],"event_name":"Transmorgrifier","player_choice":"Transformed","floor":3.0,"gold_loss":0.0,"damage_taken":0.0,"cards_obtained":["Carnage"]},{"damage_healed":0.0,"max_hp_gain":0.0,"max_hp_loss":0.0,"gold_gain":0.0,"event_name":"Accursed Blacksmith","player_choice":"Forge","floor":4.0,"gold_loss":0.0,"damage_taken":0.0,"cards_upgraded":["Hemokinesis"]},{"cards_removed":["Writhe"],"damage_healed":0.0,"max_hp_gain":0.0,"max_hp_loss":0.0,"gold_gain":0.0,"event_name":"The Cleric","player_choice":"Card Removal","floor":7.0,"gold_loss":50.0,"damage_taken":0.0},{"cards_removed":["Carnage"],"damage_healed":18.0,"max_hp_gain":0.0,"max_hp_loss":0.0,"gold_gain":0.0,"event_name":"Bonfire Elementals","player_choice":"Offered Uncommon","floor":10.0,"gold_loss":0.0,"damage_taken":0.0},{"damage_healed":0.0,"max_hp_gain":0.0,"max_hp_loss":0.0,"gold_gain":0.0,"event_name":"Upgrade Shrine","player_choice":"Upgraded","floor":14.0,"gold_loss":0.0,"damage_taken":0.0,"cards_upgraded":["Ghostly Armor"]},{"damage_healed":0.0,"max_hp_gain":0.0,"max_hp_loss":0.0,"gold_gain":0.0,"event_name":"Addict","player_choice":"Stole Relic","floor":19.0,"gold_loss":0.0,"damage_taken":0.0,"relics_obtained":["Matryoshka"],"cards_obtained":["Shame"]},{"damage_healed":0.0,"max_hp_gain":0.0,"max_hp_loss":0.0,"gold_gain":0.0,"event_name":"The Woman in Blue","player_choice":"Bought 2 Potions","floor":20.0,"gold_loss":0.0,"damage_taken":0.0},{"damage_healed":0.0,"max_hp_gain":0.0,"max_hp_loss":0.0,"gold_gain":0.0,"event_name":"Upgrade Shrine","player_choice":"Upgraded","floor":22.0,"gold_loss":0.0,"damage_taken":0.0,"cards_upgraded":["Spot Weakness"]},{"damage_healed":0.0,"max_hp_gain":0.0,"max_hp_loss":0.0,"gold_gain":0.0,"event_name":"Wheel of Change","player_choice":"Cursed","floor":31.0,"gold_loss":0.0,"damage_taken":0.0,"cards_obtained":["Decay"]},{"damage_healed":0.0,"max_hp_gain":0.0,"max_hp_loss":0.0,"gold_gain":0.0,"event_name":"SensoryStone","player_choice":"Memory 1","floor":36.0,"gold_loss":0.0,"damage_taken":0.0},{"damage_healed":0.0,"max_hp_gain":0.0,"max_hp_loss":0.0,"gold_gain":0.0,"event_name":"Tomb of Lord Red Mask","player_choice":"Ignored","floor":37.0,"gold_loss":0.0,"damage_taken":0.0},{"damage_healed":0.0,"max_hp_gain":0.0,"max_hp_loss":0.0,"gold_gain":0.0,"event_name":"Mysterious Sphere","player_choice":"Fight","floor":38.0,"gold_loss":0.0,"damage_taken":0.0},{"damage_healed":0.0,"max_hp_gain":0.0,"max_hp_loss":0.0,"gold_gain":0.0,"event_name":"FaceTrader","player_choice":"Trade","floor":42.0,"gold_loss":0.0,"damage_taken":0.0,"relics_obtained":["CultistMask"]},{"damage_healed":51.0,"max_hp_gain":0.0,"max_hp_loss":0.0,"gold_gain":0.0,"event_name":"MindBloom","player_choice":"Heal","floor":46.0,"gold_loss":0.0,"damage_taken":0.0,"cards_obtained":["Doubt"]}],"is_beta":false,"boss_relics":[{"not_picked":["Black Star","Fusion Hammer"],"picked":"Philosopher\u0027s Stone"},{"not_picked":["Astrolabe","Snecko Eye"],"picked":"Black Blood"}],"items_purged_floors":[27,39],"is_endless":false,"potions_floor_spawned":[12,16,23,28,38,41,47,48],"killed_by":"Donu and Deca","ascension_level":4}