{"gold_per_floor":[117,42,42,60,107,107,130,130,130,130,171,171,194,13,13,142,142,156,181,56,56,17,17,40,78,160,160,10,35,35,60,60,60],"floor_reached":33,"playtime":11195,"items_purged":["Defend_G","Strike_G","Strike_G","Strike_G"],"score":263,"play_id":"e9c08f5f-91ce-4f16-9bd7-3068629b4fe5","local_time":"20180729171416","is_ascension_mode":false,"campfire_choices":[{"data":"Well Laid Plans","floor":6,"key":"SMITH"},{"data":"Survivor","floor":8,"key":"SMITH"},{"data":"Neutralize","floor":10,"key":"SMITH"},{"data":"Cloak And Dagger","floor":12,"key":"SMITH"},{"data":"Terror","floor":15,"key":"SMITH"},{"data":"Infinite Blades","floor":23,"key":"SMITH"},{"data":"Phantasmal Killer","floor":27,"key":"SMITH"},{"floor":32,"key":"REST"}],"neow_cost":"NONE","seed_source_timestamp":101297258800142,"circlet_count":0,"master_deck":["Defend_G","Defend_G","Defend_G","Defend_G","Strike_G","Survivor+1","Neutralize+1","Quick Slash","Well Laid Plans+1","Terror+1","Cloak And Dagger+1","Backstab","Infinite Blades+1","After Image","Dagger Spray","Eviscerate","Leg Sweep","Phantasmal Killer+1","Accuracy","Cloak And Dagger"],"relics":["Ring of the Snake","Golden Idol","Potion Belt","Bag of Preparation","Pen Nib","HoveringKite","Lantern","Bottled Lightning"],"potions_floor_usage":[33,33,33,33],"damage_taken":[{"damage":0,"enemies":"Cultist","floor":1,"turns":5},{"damage":0,"enemies":"Small Slimes","floor":4,"turns":3},{"damage":0,"enemies":"Jaw Worm","floor":7,"turns":4},{"damage":4,"enemies":"Lagavulin","floor":11,"turns":7},{"damage":0,"enemies":"Exordium Thugs","floor":13,"turns":5},{"damage":25,"enemies":"The Guardian","floor":16,"turns":10},{"damage":3,"enemies":"Spheric Guardian","floor":18,"turns":4},{"damage":10,"enemies":"Chosen","floor":19,"turns":3},{"damage":0,"enemies":"Snecko","floor":24,"turns":4},{"damage":7,"enemies":"Gremlin Leader","floor":25,"turns":7},{"damage":3,"enemies":"Centurion and Healer","floor":29,"turns":6},{"damage":18,"enemies":"Snake Plant","floor":31,"turns":3},{"damage":44,"enemies":"Automaton","floor":33,"turns":6}],"seed_played":"-2002786655106436255","potions_obtained":[{"floor":1,"key":"SpeedPotion"},{"floor":7,"key":"FearPotion"},{"floor":13,"key":"SmokeBomb"},{"floor":16,"key":"Explosive Potion"},{"floor":19,"key":"PowerPotion"}],"is_trial":false,"path_per_floor":["M","$","?","M","T","R","M","R","T","R","E","R","M","$","R","B",null,"M","M","$","?","$","R","M","E","T","R","$","M","?","M","R"],"character_chosen":"THE_SILENT","items_purchased":["Infinite Blades","Leg Sweep"],"campfire_rested":1,"item_purchase_floors":[14,22],"current_hp_per_floor":[70,70,65,65,65,65,65,65,65,65,61,61,61,61,61,36,65,62,52,52,52,52,52,52,45,45,45,45,42,42,24,43,0],"gold":60,"neow_bonus":"REMOVE_CARD","is_prod":false,"is_daily":false,"chose_seed":false,"campfire_upgraded":7,"win_rate":0.0,"timestamp":1532855656,"path_taken":["M","$","?","M","?","R","M","R","T","R","E","R","M","$","R","BOSS","M","M","$","?","$","R","M","E","T","R","$","M","?","M","R","BOSS"],"build_version":"2018-07-26","purchased_purges":4,"victory":false,"max_hp_per_floor":[70,70,65,65,65,65,65,65,65,65,65,65,65,65,65,65,65,65,65,65,65,65,65,65,65,65,65,65,65,65,65,65,65],"card_choices":[{"not_picked":["Endless Agony","Eviscerate"],"picked":"Quick Slash","floor":1},{"not_picked":["Masterful Stab","Acrobatics"],"picked":"Well Laid Plans","floor":4},{"not_picked":["Acrobatics","Underhanded Strike"],"picked":"Terror","floor":7},{"not_picked":["Sucker Punch","Burst"],"picked":"Cloak And Dagger","floor":11},{"not_picked":["Prepared","Calculated Gamble"],"picked":"Backstab","floor":13},{"not_picked":["Unload","Burst"],"picked":"After Image","floor":16},{"not_picked":["Quick Slash","Bane"],"picked":"Dagger Spray","floor":18},{"not_picked":["Riddle With Holes+1","Flying Knee"],"picked":"Eviscerate","floor":19},{"not_picked":["Dagger Spray","Terror+1","Endless Agony"],"picked":"SKIP","floor":24},{"not_picked":["Poisoned Stab","Outmaneuver+1"],"picked":"Phantasmal Killer","floor":25},{"not_picked":["Sucker Punch+1","Flying Knee","Deflect"],"picked":"SKIP","floor":29},{"not_picked":["Acrobatics+1","Eviscerate"],"picked":"Cloak And Dagger","floor":31}],"player_experience":110180,"relics_obtained":[{"floor":5,"key":"Potion Belt"},{"floor":9,"key":"Bag of Preparation"},{"floor":11,"key":"Pen Nib"},{"floor":25,"key":"Lantern"},{"floor":26,"key":"Bottled Lightning"}],"event_choices":[{"event_name":"Golden Idol","player_choice":"Lose Max HP","floor":3,"damage_taken":0},{"event_name":"Addict","player_choice":"Ignored","floor":21,"damage_taken":0},{"event_name":"The Library","player_choice":"Read","floor":30,"damage_taken":0}],"is_beta":false,"boss_relics":[{"not_picked":["Calling Bell","Ring of the Serpent"],"picked":"HoveringKite"}],"items_purged_floors":[2,14,20,28],"is_endless":false,"potions_floor_spawned":[1,7,13,16,19,25,31],"killed_by":"Automaton","ascension_level":0}