{"gold_per_floor":[119,133,29,43,58,58,14,14,38,58,70,70,35,62,62,164,164,176,191,116,129,228,228,228,247,247,247,264,281,281,299,299,299],"floor_reached":33,"playtime":1479,"items_purged":[],"score":241,"play_id":"b5cdb8a1-a163-456c-a5fd-eee041cf0b95","local_time":"20180623225347","is_ascension_mode":false,"campfire_choices":[{"data":"Bandage Up","floor":6,"key":"SMITH"},{"floor":15,"key":"REST"},{"floor":23,"key":"REST"},{"floor":32,"key":"REST"}],"neow_cost":"NONE","seed_source_timestamp":43325369596289,"circlet_count":0,"master_deck":["Strike_B+1","Strike_B+1","Strike_B+1","Strike_B+1","Defend_B+1","Defend_B+1","Defend_B+1","Defend_B+1","Zap","Conserve Battery","Self Repair","Bandage Up+1","Capacitor","Tempest","Auto Shields+1","Seek","Thunder Strike","Defragment","Go for the Eyes+1","Leap+1","Turbo","Hologram+1"],"special_seed":17705,"relics":["Cracked Core","NeowsBlessing","Juzu Bracelet","Blood Vial","Odd Mushroom","Sozu","Letter Opener"],"potions_floor_usage":[16,16,16],"damage_taken":[{"damage":0,"enemies":"Cultist","floor":1,"turns":1},{"damage":0,"enemies":"Jaw Worm","floor":2,"turns":1},{"damage":0,"enemies":"2 Louse","floor":4,"turns":1},{"damage":28,"enemies":"Large Slime","floor":5,"turns":9},{"damage":6,"enemies":"Blue Slaver","floor":10,"turns":5},{"damage":26,"enemies":"3 Louse","floor":11,"turns":4},{"damage":36,"floor":14,"turns":6},{"damage":39,"enemies":"The Guardian","floor":16,"turns":12},{"damage":39,"enemies":"3 Byrds","floor":18,"turns":6},{"damage":17,"enemies":"Shell Parasite","floor":19,"turns":8},{"damage":38,"enemies":"Snake Plant","floor":21,"turns":5},{"damage":47,"enemies":"Chosen and Byrds","floor":25,"turns":7},{"damage":8,"enemies":"Centurion and Healer","floor":28,"turns":7},{"damage":17,"enemies":"Snecko","floor":29,"turns":6},{"damage":13,"enemies":"Snake Plant","floor":31,"turns":5},{"damage":81,"enemies":"Collector","floor":33,"turns":11}],"seed_played":"-6303185146223819921","potions_obtained":[{"floor":4,"key":"Block Potion"},{"floor":5,"key":"LiquidBronze"},{"floor":10,"key":"Ancient Potion"}],"is_trial":false,"path_per_floor":["M","M","$","M","M","R","?","?","T","M","M","?","?","?","R","B",null,"M","M","?","M","?","R","?","M","T","?","M","M","?","M","R"],"character_chosen":"DEFECT","items_purchased":["Bandage Up"],"campfire_rested":3,"item_purchase_floors":[3],"current_hp_per_floor":[75,75,75,75,58,58,58,51,51,60,49,34,52,31,53,29,75,49,47,47,24,24,46,46,14,14,39,46,44,44,46,68,0],"gold":299,"neow_bonus":"THREE_ENEMY_KILL","is_prod":false,"is_daily":false,"chose_seed":false,"campfire_upgraded":1,"win_rate":0.0,"timestamp":1529787227,"path_taken":["M","?","$","M","M","R","?","?","T","M","M","?","?","?","R","BOSS","M","M","?","M","?","R","?","M","T","?","M","M","?","M","R","BOSS"],"build_version":"2018-06-21v2","purchased_purges":0,"victory":false,"max_hp_per_floor":[75,75,75,75,75,75,75,75,75,75,75,75,75,75,75,75,75,75,75,75,75,75,75,75,75,75,75,75,75,75,75,75,75],"card_choices":[{"not_picked":["Rebound","Defragment"],"picked":"Conserve Battery","floor":1},{"not_picked":["Loop","Storm"],"picked":"Self Repair","floor":2},{"not_picked":["Gash","BootSequence"],"picked":"Capacitor","floor":4},{"not_picked":["Redo","Rip and Tear","Leap"],"picked":"SKIP","floor":5},{"not_picked":["Cold Snap","Streamline"],"picked":"Tempest","floor":10},{"not_picked":["Gash","Coolheaded"],"picked":"Auto Shields","floor":11},{"not_picked":["Hologram","Rip and Tear"],"picked":"Seek","floor":14},{"not_picked":["Biased Cognition","Multi-Cast"],"picked":"Thunder Strike","floor":16},{"not_picked":["FTL","Sweeping Beam+1"],"picked":"Defragment","floor":18},{"not_picked":["Ball Lightning","Hologram"],"picked":"Go for the Eyes+1","floor":19},{"not_picked":["Glacier","Storm+1"],"picked":"Leap+1","floor":21},{"not_picked":["Darkness","Compile Driver","Coolheaded"],"picked":"SKIP","floor":25},{"not_picked":["Cold Snap","Ball Lightning"],"picked":"Turbo","floor":28},{"not_picked":["Tempest+1","Go for the Eyes"],"picked":"Hologram+1","floor":29},{"not_picked":["Streamline","Go for the Eyes","Turbo"],"picked":"SKIP","floor":31}],"player_experience":33979,"relics_obtained":[{"floor":9,"key":"Blood Vial"},{"floor":14,"key":"Odd Mushroom"},{"floor":26,"key":"Letter Opener"}],"event_choices":[{"event_name":"World of Goop","player_choice":"Left","floor":7,"damage_taken":0},{"event_name":"Scrap Ooze","player_choice":"success","floor":8,"damage_taken":7},{"event_name":"Shining Light","player_choice":"Entered Light","floor":12,"damage_taken":0},{"event_name":"The Cleric","player_choice":"Healed","floor":13,"damage_taken":0},{"event_name":"Mushrooms","player_choice":"Fought Mushrooms","floor":14,"damage_taken":0},{"event_name":"Beggar","player_choice":"Gave Gold","floor":20,"damage_taken":0},{"event_name":"Nest","player_choice":"Stole From Cult","floor":22,"damage_taken":0},{"event_name":"Back to Basics","player_choice":"Simplicity","floor":24,"damage_taken":0},{"event_name":"The Library","player_choice":"Heal","floor":27,"damage_taken":0},{"event_name":"Accursed Blacksmith","player_choice":"Ignore","floor":30,"damage_taken":0}],"boss_relics":[{"not_picked":["Eternal Feather","Orrery"],"picked":"Sozu"}],"items_purged_floors":[],"is_endless":false,"potions_floor_spawned":[4,5,10,18,25,28,29],"killed_by":"Collector","ascension_level":0}