{"gold_per_floor":[109,1,14,14,33,33,48,61,61,61,95,112,130,142,142,246,296,315,177,177,52,26,26,39,55,124,124,136,218,218,229,229,229],"floor_reached":33,"playtime":1627,"items_purged":["Strike_R","Strike_R","Strike_R"],"score":289,"play_id":"da399e89-ef9b-46f8-9b89-aa5f891562f4","local_time":"20180804135807","is_ascension_mode":true,"campfire_choices":[{"data":"Spot Weakness","floor":6,"key":"SMITH"},{"data":"Rampage","floor":10,"key":"SMITH"},{"data":"Searing Blow","floor":15,"key":"SMITH"},{"data":"Searing Blow+1","floor":23,"key":"SMITH"},{"floor":27,"key":"REST"},{"floor":30,"key":"REST"},{"floor":32,"key":"REST"}],"neow_cost":"NONE","seed_source_timestamp":444475929318760,"circlet_count":0,"master_deck":["Strike_R","Defend_R","Defend_R","Defend_R","Defend_R+1","Bash","Spot Weakness+1","Headbutt","Shockwave+1","Rampage+1","Double Tap","Armaments","Searing Blow+2","Limit Break","Metallicize","Hemokinesis","Shrug It Off","Flame Barrier","Shrug It Off"],"relics":["Burning Blood","Paper Frog","Dodecahedron","Tiny House","Darkstone Periapt","Tiny Chest"],"potions_floor_usage":[16,16,28,33,33,33,33,33,33,33],"damage_taken":[{"damage":5,"enemies":"Small Slimes","floor":1,"turns":3},{"damage":5,"enemies":"Jaw Worm","floor":3,"turns":3},{"damage":4,"enemies":"2 Louse","floor":5,"turns":3},{"damage":0,"enemies":"Gremlin Gang","floor":7,"turns":6},{"damage":13,"enemies":"2 Fungi Beasts","floor":8,"turns":3},{"damage":19,"enemies":"Gremlin Nob","floor":11,"turns":4},{"damage":9,"enemies":"Red Slaver","floor":12,"turns":4},{"damage":2,"enemies":"3 Louse","floor":13,"turns":4},{"damage":11,"enemies":"Exordium Thugs","floor":14,"turns":5},{"damage":36,"enemies":"Slime Boss","floor":16,"turns":9},{"damage":29,"enemies":"Spheric Guardian","floor":18,"turns":5},{"damage":40,"enemies":"2 Thieves","floor":24,"turns":4},{"damage":31,"enemies":"Snake Plant","floor":25,"turns":5},{"damage":18,"enemies":"Cultist and Chosen","floor":28,"turns":8},{"damage":20,"enemies":"Centurion and Healer","floor":31,"turns":6},{"damage":80,"enemies":"Automaton","floor":33,"turns":12}],"seed_played":"-7534041650989793084","potions_obtained":[{"floor":1,"key":"Block Potion"},{"floor":5,"key":"EntropicBrew"},{"floor":7,"key":"Block Potion"},{"floor":17,"key":"Ancient Potion"},{"floor":24,"key":"SkillPotion"},{"floor":31,"key":"Fruit Juice"}],"is_trial":false,"path_per_floor":["M","$","M","?","M","R","M","M","T","R","E","M","M","M","R","B",null,"M","$","?","$","$","R","M","M","T","R","M","T","R","M","R"],"character_chosen":"IRONCLAD","items_purchased":["Spot Weakness","Metallicize","Shrug It Off"],"campfire_rested":3,"item_purchase_floors":[2,19,22],"current_hp_per_floor":[80,80,80,85,85,85,85,78,78,78,65,62,66,61,61,31,90,67,67,67,67,67,67,33,8,8,35,23,23,50,36,63,0],"gold":229,"neow_bonus":"UPGRADE_CARD","is_prod":false,"is_daily":false,"chose_seed":false,"campfire_upgraded":4,"win_rate":0,"timestamp":1533362287,"path_taken":["M","$","M","?","M","R","M","?","T","R","E","M","M","M","R","BOSS","M","$","?","?","$","R","M","M","T","R","M","?","R","M","R","BOSS"],"build_version":"2018-08-02","purchased_purges":3,"victory":false,"max_hp_per_floor":[80,80,80,85,85,85,85,85,85,85,85,85,85,85,85,85,90,90,90,90,90,90,90,90,90,90,90,90,90,90,90,90,95],"card_choices":[{"not_picked":["Blood for Blood","Pommel Strike","Iron Wave"],"picked":"SKIP","floor":1},{"not_picked":["Body Slam","Pommel Strike"],"picked":"Headbutt","floor":3},{"not_picked":["Headbutt","Twin Strike","Reckless Charge"],"picked":"SKIP","floor":5},{"not_picked":["Iron Wave","Infernal Blade"],"picked":"Shockwave","floor":7},{"not_picked":["Berserk","Havoc"],"picked":"Rampage","floor":8},{"not_picked":["Heavy Blade","Burning Pact"],"picked":"Double Tap","floor":11},{"not_picked":["Warcry","Bloodletting"],"picked":"Armaments","floor":12},{"not_picked":["Perfected Strike","Headbutt","Armaments"],"picked":"SKIP","floor":13},{"not_picked":["Fire Breathing","Shrug It Off"],"picked":"Searing Blow","floor":14},{"not_picked":["Demon Form","Double Tap"],"picked":"Limit Break","floor":16},{"not_picked":["Headbutt+1","Armaments","Perfected Strike+1"],"picked":"SKIP","floor":18},{"not_picked":["Anger","Second Wind","Body Slam"],"picked":"SKIP","floor":24},{"not_picked":["Metallicize+1","Cleave+1"],"picked":"Flame Barrier","floor":25},{"not_picked":["Havoc+1","Juggernaut","Shockwave"],"picked":"SKIP","floor":28},{"not_picked":["Whirlwind","Body Slam"],"picked":"Shrug It Off","floor":31}],"player_experience":164397,"relics_obtained":[{"floor":9,"key":"Paper Frog"},{"floor":11,"key":"Dodecahedron"},{"floor":26,"key":"Darkstone Periapt"},{"floor":29,"key":"Tiny Chest"}],"event_choices":[{"event_name":"Big Fish","player_choice":"Donut","floor":4,"damage_taken":0},{"event_name":"Transmorgrifier","player_choice":"Transform","floor":20,"damage_taken":0}],"is_beta":false,"boss_relics":[{"not_picked":["Mark of Pain","Calling Bell"],"picked":"Tiny House"}],"items_purged_floors":[2,19,21],"is_endless":false,"potions_floor_spawned":[1,5,7,13,24,31],"killed_by":"Automaton","ascension_level":1}