{"gold_per_floor":[366,366,383,395,31,56,56,82,82,82,102,4,20,46,46,46],"floor_reached":16,"playtime":635,"items_purged":["Strike_G"],"score":239,"play_id":"454baa9a-b116-493e-a6ee-3e37209cb31b","local_time":"20190202143205","is_ascension_mode":true,"campfire_choices":[{"data":"Apotheosis","floor":7,"key":"SMITH"},{"data":"Footwork","floor":15,"key":"SMITH"}],"neow_cost":"TEN_PERCENT_HP_LOSS","seed_source_timestamp":991599698000,"circlet_count":0,"master_deck":["AscendersBane","Defend_G","Defend_G","Defend_G","Defend_G","Defend_G","Strike_G","Strike_G","Strike_G","Survivor","Neutralize","Footwork+1","Bane","Apotheosis+1","Backstab","Catalyst","PiercingWail","Footwork","Dagger Spray"],"relics":["Ring of the Snake","Membership Card","Happy Flower","Torii","Question Card","DollysMirror","Smiling Mask"],"potions_floor_usage":[6,6],"damage_taken":[{"damage":12,"enemies":"Jaw Worm","floor":1,"turns":6},{"damage":0,"enemies":"Cultist","floor":3,"turns":5},{"damage":4,"enemies":"Small Slimes","floor":4,"turns":8},{"damage":17,"enemies":"Gremlin Nob","floor":6,"turns":4},{"damage":0,"enemies":"Lagavulin","floor":8,"turns":8},{"damage":1,"enemies":"Exordium Wildlife","floor":11,"turns":4},{"damage":0,"enemies":"Large Slime","floor":13,"turns":8},{"damage":14,"enemies":"Gremlin Nob","floor":14,"turns":5},{"damage":33,"enemies":"Hexaghost","floor":16,"turns":16}],"seed_played":"-4198742720981982401","potions_obtained":[{"floor":1,"key":"Poison Potion"},{"floor":4,"key":"Regen Potion"},{"floor":14,"key":"Dexterity Potion"}],"is_trial":false,"path_per_floor":["M","?","M","M","$","E","R","E","T","?","M","$","M","E","R","B"],"character_chosen":"THE_SILENT","items_purchased":["Membership Card","Apotheosis","Backstab","DollysMirror"],"campfire_rested":0,"item_purchase_floors":[5,5,5,12],"current_hp_per_floor":[51,56,56,52,52,47,47,47,47,47,46,46,46,32,32,0],"gold":46,"neow_bonus":"TWO_FIFTY_GOLD","is_prod":false,"is_daily":false,"chose_seed":false,"campfire_upgraded":2,"win_rate":0,"timestamp":1549110725,"path_taken":["M","?","M","M","$","E","R","E","T","?","M","?","?","E","R","BOSS"],"build_version":"2019-01-23","purchased_purges":1,"victory":false,"max_hp_per_floor":[63,68,68,68,68,68,68,68,68,68,68,68,68,68,68,68],"card_choices":[{"not_picked":["Sucker Punch","Bane"],"picked":"Footwork","floor":1},{"not_picked":["Bouncing Flask","Outmaneuver","Distraction"],"picked":"SKIP","floor":3},{"not_picked":["Distraction","Sucker Punch"],"picked":"Bane","floor":4},{"not_picked":["Terror","Venomology"],"picked":"Catalyst","floor":6},{"not_picked":["Tactician","Acrobatics"],"picked":"PiercingWail","floor":8},{"not_picked":["Sucker Punch","Deflect","Prepared","Heel Hook"],"picked":"SKIP","floor":11},{"not_picked":["Dagger Throw","Bane","Acrobatics","Escape Plan"],"picked":"SKIP","floor":13},{"not_picked":["Infinite Blades","Venomology","Bane"],"picked":"Dagger Spray","floor":14}],"player_experience":565601,"relics_obtained":[{"floor":6,"key":"Happy Flower"},{"floor":8,"key":"Torii"},{"floor":9,"key":"Question Card"},{"floor":14,"key":"Smiling Mask"}],"event_choices":[{"damage_healed":0,"gold_gain":0,"player_choice":"Donut","damage_taken":0,"max_hp_gain":5,"max_hp_loss":0,"event_name":"Big Fish","floor":2,"gold_loss":0},{"cards_removed":["Strike_G"],"damage_healed":0,"gold_gain":0,"player_choice":"Forget","damage_taken":0,"max_hp_gain":0,"max_hp_loss":0,"event_name":"Living Wall","floor":10,"gold_loss":0}],"is_beta":false,"boss_relics":[],"items_purged_floors":[5],"is_endless":false,"potions_floor_spawned":[1,4,14],"killed_by":"Hexaghost","ascension_level":13}