{"gold_per_floor":[109,109,128,128,138,164,164,198,198,211,16,16,16,16,16,16],"floor_reached":16,"playtime":580,"items_purged":[],"score":151,"play_id":"5294341d-9a74-4b16-9bde-4d2737612207","local_time":"20190122222611","is_ascension_mode":true,"campfire_choices":[{"data":"Armaments","floor":7,"key":"SMITH"},{"data":"Bash","floor":15,"key":"SMITH"}],"neow_cost":"NONE","seed_source_timestamp":527288881455900,"circlet_count":0,"master_deck":["Strike_R+1","Strike_R+1","Strike_R","Strike_R","Defend_R","Defend_R","Defend_R","Defend_R","Bash+1","Armaments+1","Clothesline","Finesse","Bash","Feed"],"relics":["Burning Blood","Juzu Bracelet","Ice Cream","Meat on the Bone","PrismaticShard","Golden Idol"],"potions_floor_usage":[6,8],"damage_taken":[{"damage":3,"enemies":"Small Slimes","floor":1,"turns":4},{"damage":5,"enemies":"Cultist","floor":3,"turns":4},{"damage":10,"enemies":"2 Louse","floor":5,"turns":3},{"damage":25,"enemies":"Gremlin Nob","floor":6,"turns":4},{"damage":44,"enemies":"3 Sentries","floor":8,"turns":12},{"damage":10,"enemies":"Blue Slaver","floor":10,"turns":4},{"damage":72,"enemies":"Hexaghost","floor":16,"turns":14}],"seed_played":"6476648875921336766","potions_obtained":[{"floor":5,"key":"Fire Potion"},{"floor":6,"key":"EssenceOfSteel"}],"is_trial":false,"path_per_floor":["M","?","M","?","M","E","R","E","T","M","$","?","?","?","R","B"],"character_chosen":"IRONCLAD","items_purchased":["PrismaticShard"],"campfire_rested":0,"item_purchase_floors":[11],"current_hp_per_floor":[75,75,76,69,65,46,46,12,12,20,20,84,67,67,67,0],"gold":16,"neow_bonus":"THREE_CARDS","is_prod":false,"is_daily":false,"chose_seed":false,"campfire_upgraded":2,"win_rate":0,"timestamp":1548195971,"path_taken":["M","?","?","?","M","E","R","E","T","M","$","?","?","?","R","BOSS"],"build_version":"2019-01-17v2","purchased_purges":0,"victory":false,"max_hp_per_floor":[80,80,80,80,80,80,80,84,84,84,84,84,84,78,78,78],"card_choices":[{"not_picked":["Thunderclap","Fire Breathing"],"picked":"Armaments","floor":0},{"not_picked":["Warcry","Rupture"],"picked":"Clothesline","floor":1},{"not_picked":["Heavy Blade","Combust","Armaments"],"picked":"SKIP","floor":3},{"not_picked":["Thunderclap","Bloodletting","Flex"],"picked":"SKIP","floor":5},{"not_picked":["Perfected Strike","Twin Strike"],"picked":"Feed","floor":6},{"not_picked":["Evolve","Fire Breathing","Anger"],"picked":"SKIP","floor":8},{"not_picked":["Burning Pact","Fire Breathing","Evolve"],"picked":"SKIP","floor":10}],"player_experience":152231,"relics_obtained":[{"floor":6,"key":"Juzu Bracelet"},{"floor":8,"key":"Ice Cream"},{"floor":9,"key":"Meat on the Bone"}],"event_choices":[{"damage_healed":0,"gold_gain":0,"player_choice":"2 cards matched","damage_taken":0,"max_hp_gain":0,"max_hp_loss":0,"event_name":"Match and Keep!","floor":2,"gold_loss":0,"cards_obtained":["Finesse","Bash"]},{"cards_removed":["Strike_R"],"damage_healed":0,"gold_gain":0,"player_choice":"Card Removal","damage_taken":7,"max_hp_gain":0,"max_hp_loss":0,"event_name":"Golden Wing","floor":4,"gold_loss":0},{"damage_healed":64,"gold_gain":0,"player_choice":"Full Heal","damage_taken":0,"max_hp_gain":0,"max_hp_loss":0,"event_name":"Wheel of Change","floor":12,"gold_loss":0},{"damage_healed":0,"gold_gain":0,"player_choice":"Entered Light","damage_taken":17,"max_hp_gain":0,"max_hp_loss":0,"event_name":"Shining Light","floor":13,"gold_loss":0,"cards_upgraded":["Strike_R","Strike_R"]},{"damage_healed":0,"gold_gain":0,"player_choice":"Lose Max HP","damage_taken":0,"relics_obtained":["Golden Idol"],"max_hp_gain":0,"max_hp_loss":6,"event_name":"Golden Idol","floor":14,"gold_loss":0}],"is_beta":false,"boss_relics":[],"items_purged_floors":[],"is_endless":false,"potions_floor_spawned":[5,6],"killed_by":"Hexaghost","ascension_level":8}