{"gold_per_floor":[114,189,209,227,227,227,245,245,268,295,315,315,343,308,308,413,413,386,386,181,201,218,218,230,240,240,240,255,270,290,301,301,399,399,419,419,23,23,23,53,67,67],"floor_reached":42,"playtime":1803,"items_purged":[],"score":442,"play_id":"25ab1e6f-bc74-4507-a1fe-3ba73117331e","local_time":"20190201200232","is_ascension_mode":false,"campfire_choices":[{"floor":6,"key":"REST"},{"floor":8,"key":"REST"},{"floor":12,"key":"REST"},{"data":"Darkness","floor":15,"key":"SMITH"},{"floor":23,"key":"REST"},{"floor":27,"key":"REST"},{"floor":32,"key":"REST"}],"neow_cost":"NONE","seed_source_timestamp":781283807810600,"circlet_count":0,"master_deck":["Strike_B+1","Strike_B","Strike_B","Strike_B+1","Defend_B","Defend_B","Defend_B+1","Defend_B","Zap","Dualcast","Double Energy","Cold Snap","Darkness+1","Ball Lightning","Defragment","Leap+1","Streamline","Doom and Gloom+1","Cold Snap","Compile Driver","FTL","Lockon","Loop","Redo","Reinforced Body+1","Aggregate+1","Creative AI","Glacier+1","Turbo","Stack+1"],"relics":["Black Star","Pen Nib","Regal Pillow","Art of War","Torii","The Courier","Eternal Feather","Letter Opener","War Paint","Inserter","Ginger","MealTicket","Sundial","Juzu Bracelet"],"potions_floor_usage":[10,10,16,19,33,33,33,40,42],"damage_taken":[{"damage":9,"enemies":"Small Slimes","floor":1,"turns":5},{"damage":4,"enemies":"2 Louse","floor":3,"turns":5},{"damage":6,"enemies":"Jaw Worm","floor":4,"turns":3},{"damage":8,"enemies":"2 Fungi Beasts","floor":7,"turns":5},{"damage":22,"enemies":"Lagavulin","floor":10,"turns":4},{"damage":0,"enemies":"Blue Slaver","floor":11,"turns":3},{"damage":18,"enemies":"Gremlin Nob","floor":13,"turns":4},{"damage":60,"enemies":"The Guardian","floor":16,"turns":11},{"damage":24,"enemies":"2 Thieves","floor":18,"turns":5},{"damage":15,"enemies":"Colosseum Slavers","floor":19,"turns":3},{"damage":18,"enemies":"Spheric Guardian","floor":21,"turns":4},{"damage":8,"enemies":"Cultist and Chosen","floor":22,"turns":8},{"damage":21,"enemies":"Snecko","floor":24,"turns":6},{"damage":22,"enemies":"3 Cultists","floor":25,"turns":5},{"damage":10,"enemies":"Sentry and Sphere","floor":28,"turns":4},{"damage":21,"enemies":"Cultist and Chosen","floor":29,"turns":6},{"damage":13,"enemies":"Centurion and Healer","floor":30,"turns":8},{"damage":29,"enemies":"3 Cultists","floor":31,"turns":5},{"damage":52,"enemies":"Automaton","floor":33,"turns":10},{"damage":46,"enemies":"Orb Walker","floor":35,"turns":5},{"damage":43,"enemies":"Nemesis","floor":40,"turns":9},{"damage":28,"enemies":"3 Shapes","floor":41,"turns":4},{"damage":27,"enemies":"Giant Head","floor":42,"turns":5}],"seed_played":"-1995927092089753778","potions_obtained":[{"floor":1,"key":"Swift Potion"},{"floor":3,"key":"FearPotion"},{"floor":11,"key":"FairyPotion"},{"floor":13,"key":"Regen Potion"},{"floor":18,"key":"EssenceOfSteel"},{"floor":24,"key":"LiquidBronze"},{"floor":28,"key":"Block Potion"},{"floor":31,"key":"AttackPotion"},{"floor":33,"key":"EssenceOfSteel"},{"floor":41,"key":"Swift Potion"}],"is_trial":false,"path_per_floor":["M","?","M","M","?","R","M","R","T","E","M","R","E","?","R","B",null,"M","?","$","M","M","R","M","M","T","R","M","M","M","M","R","B",null,"M","?","$","?","$","E","M","E"],"character_chosen":"DEFECT","items_purchased":["Letter Opener","Ginger","MealTicket"],"campfire_rested":6,"item_purchase_floors":[20,37,37],"current_hp_per_floor":[66,55,51,45,30,52,44,66,66,44,44,75,57,75,75,30,75,51,36,36,18,10,59,38,16,16,65,55,34,21,6,58,6,75,29,29,29,85,85,42,14,0],"gold":67,"neow_bonus":"BOSS_RELIC","is_prod":false,"is_daily":false,"chose_seed":false,"campfire_upgraded":1,"win_rate":0.0,"timestamp":1549080152,"path_taken":["M","?","M","M","?","R","M","R","T","E","M","R","E","?","R","BOSS","M","?","$","M","M","R","M","M","T","R","M","M","M","M","R","BOSS","M","?","$","?","$","E","M","E"],"build_version":"2019-01-23","purchased_purges":0,"victory":false,"max_hp_per_floor":[75,75,75,75,75,75,75,75,75,75,75,75,75,75,75,75,75,75,75,75,75,75,75,75,75,75,75,75,75,75,75,75,75,75,75,75,75,85,85,85,85,85],"card_choices":[{"not_picked":["Tempest","Barrage"],"picked":"Double Energy","floor":1},{"not_picked":["Sweeping Beam","Hologram"],"picked":"Cold Snap","floor":3},{"not_picked":["Leap","Rebound"],"picked":"Darkness","floor":4},{"not_picked":["Recycle","Undo"],"picked":"Ball Lightning","floor":7},{"not_picked":["Barrage","Streamline"],"picked":"Defragment","floor":10},{"not_picked":["Steam","Recycle"],"picked":"Leap","floor":11},{"not_picked":["Amplify","Sweeping Beam"],"picked":"Streamline","floor":13},{"not_picked":["Rainbow","All For One"],"picked":"Reboot","floor":16},{"not_picked":["Streamline","Beam Cell+1"],"picked":"Doom and Gloom+1","floor":18},{"not_picked":["Beam Cell","Rip and Tear"],"picked":"Cold Snap","floor":21},{"not_picked":["Undo","Blizzard"],"picked":"Compile Driver","floor":22},{"not_picked":["Chaos","Streamline"],"picked":"FTL","floor":24},{"not_picked":["Defragment","Static Discharge+1"],"picked":"Lockon","floor":25},{"not_picked":["Rainbow","Skim+1"],"picked":"Loop","floor":28},{"not_picked":["Streamline","Recycle"],"picked":"Redo","floor":29},{"not_picked":["Coolheaded+1","Gash"],"picked":"Reinforced Body+1","floor":30},{"not_picked":["Genetic Algorithm+1","Hologram"],"picked":"Aggregate+1","floor":31},{"not_picked":["Thunder Strike","Meteor Strike"],"picked":"Creative AI","floor":33},{"not_picked":["Hello World+1","Stack+1"],"picked":"Glacier+1","floor":35},{"not_picked":["Leap+1","Rip and Tear+1"],"picked":"Turbo","floor":40},{"not_picked":["Rebound+1","Ball Lightning+1"],"picked":"Stack+1","floor":41}],"player_experience":86993,"relics_obtained":[{"floor":9,"key":"Pen Nib"},{"floor":10,"key":"Regal Pillow"},{"floor":10,"key":"Art of War"},{"floor":13,"key":"Torii"},{"floor":13,"key":"The Courier"},{"floor":26,"key":"War Paint"},{"floor":40,"key":"Sundial"},{"floor":40,"key":"Juzu Bracelet"}],"event_choices":[{"damage_healed":0,"gold_gain":75,"player_choice":"Gather Gold","damage_taken":11,"max_hp_gain":0,"max_hp_loss":0,"event_name":"World of Goop","floor":2,"gold_loss":0},{"damage_healed":0,"gold_gain":0,"player_choice":"Entered Light","damage_taken":15,"max_hp_gain":0,"max_hp_loss":0,"event_name":"Shining Light","floor":5,"gold_loss":0,"cards_upgraded":["Strike_B","Strike_B"]},{"damage_healed":18,"gold_gain":0,"player_choice":"Healed","damage_taken":0,"max_hp_gain":0,"max_hp_loss":0,"event_name":"The Cleric","floor":14,"gold_loss":35},{"damage_healed":0,"gold_gain":0,"player_choice":"Fight","damage_taken":0,"max_hp_gain":0,"max_hp_loss":0,"event_name":"Colosseum","floor":19,"gold_loss":0},{"damage_healed":0,"gold_gain":0,"player_choice":"Fled From Nobs","damage_taken":0,"max_hp_gain":0,"max_hp_loss":0,"event_name":"Colosseum","floor":19,"gold_loss":0},{"damage_healed":0,"gold_gain":0,"player_choice":"Ignored","damage_taken":0,"max_hp_gain":0,"max_hp_loss":0,"event_name":"Mysterious Sphere","floor":36,"gold_loss":0},{"cards_removed":["Reboot"],"damage_healed":46,"gold_gain":0,"player_choice":"Offered Rare","damage_taken":0,"max_hp_gain":10,"max_hp_loss":0,"event_name":"Bonfire Elementals","floor":38,"gold_loss":0}],"is_beta":false,"boss_relics":[{"not_picked":["Coffee Dripper","Calling Bell"],"picked":"Eternal Feather"},{"not_picked":["Runic Dome","Lizard Tail"],"picked":"Inserter"}],"items_purged_floors":[],"is_endless":false,"potions_floor_spawned":[1,3,11,13,18,24,28,31,33,41],"killed_by":"Giant Head","ascension_level":0}