{"gold_per_floor":[113,113,113,113,130,130,165,165,191,191,210,229,262,280,280,377,377,394,88,88,103,121,121,46,46,46,46,65,65],"floor_reached":29,"playtime":878,"items_purged":[],"score":233,"play_id":"54b991b6-f3f1-4bad-b104-801fd782e609","local_time":"20180731024442","is_ascension_mode":false,"campfire_choices":[{"data":"Barrage","floor":6,"key":"SMITH"},{"floor":8,"key":"REST"},{"data":"Self Repair","floor":10,"key":"SMITH"},{"data":"Streamline","floor":15,"key":"SMITH"},{"floor":23,"key":"REST"}],"neow_cost":"NONE","seed_source_timestamp":785777894548351,"circlet_count":0,"master_deck":["Strike_B","Strike_B","Strike_B","Strike_B","Defend_B","Defend_B+1","Defend_B","Defend_B","Zap+1","Dualcast+1","Barrage+1","Self Repair+1","Ball Lightning","Leap","Melter","Streamline+1","Creative AI","Redo+1","Decay","Ball Lightning","Conserve Battery","Loop","Self Repair"],"relics":["Cracked Core","Bag of Preparation","Strawberry","Blood Vial","Fusion Hammer","Torii","Bottled Tornado"],"potions_floor_usage":[],"damage_taken":[{"damage":2,"enemies":"Small Slimes","floor":1,"turns":3},{"damage":8,"enemies":"2 Louse","floor":5,"turns":3},{"damage":17,"enemies":"3 Sentries","floor":7,"turns":7},{"damage":0,"enemies":"Cultist","floor":11,"turns":3},{"damage":4,"enemies":"2 Fungi Beasts","floor":12,"turns":3},{"damage":14,"enemies":"Lagavulin","floor":13,"turns":5},{"damage":0,"enemies":"3 Louse","floor":14,"turns":3},{"damage":38,"enemies":"The Guardian","floor":16,"turns":8},{"damage":36,"enemies":"Shell Parasite","floor":18,"turns":7},{"damage":17,"enemies":"Chosen","floor":21,"turns":5},{"damage":43,"enemies":"Snecko","floor":22,"turns":5},{"damage":15,"enemies":"Snake Plant","floor":28,"turns":4},{"damage":48,"enemies":"Book of Stabbing","floor":29,"turns":5}],"seed_played":"7022468348157122078","potions_obtained":[{"floor":7,"key":"FearPotion"},{"floor":11,"key":"FearPotion"},{"floor":18,"key":"Ancient Potion"}],"is_trial":false,"path_per_floor":["M","?","?","?","M","R","E","R","T","R","M","M","E","M","R","B",null,"M","$","?","M","M","R","$","?","T","?","M"],"character_chosen":"DEFECT","items_purchased":["Torii","Loop"],"campfire_rested":2,"item_purchase_floors":[19,24],"current_hp_per_floor":[73,58,58,58,50,50,33,55,62,62,72,78,74,82,82,54,82,56,56,56,51,20,44,44,44,44,44,41,0],"gold":65,"neow_bonus":"UPGRADE_CARD","is_prod":false,"is_daily":false,"chose_seed":false,"campfire_upgraded":3,"win_rate":0.0,"timestamp":1532997882,"path_taken":["M","?","?","?","M","R","E","R","T","R","M","M","E","M","R","BOSS","M","$","?","M","M","R","?","?","T","?","M","E"],"build_version":"2018-07-26","purchased_purges":0,"victory":false,"max_hp_per_floor":[75,75,75,75,75,75,75,75,82,82,82,82,82,82,82,82,82,82,82,82,82,82,82,82,82,82,82,82,82],"card_choices":[{"not_picked":["Rebound","Compile Driver","Coolheaded"],"picked":"SKIP","floor":1},{"not_picked":["Cold Snap","Compile Driver"],"picked":"Barrage","floor":5},{"not_picked":["Steam","Rainbow"],"picked":"Self Repair","floor":7},{"not_picked":["Hologram","Force Field"],"picked":"Ball Lightning","floor":11},{"not_picked":["Double Energy","Beam Cell"],"picked":"Leap","floor":12},{"not_picked":["Coolheaded","Doom and Gloom"],"picked":"Melter","floor":13},{"not_picked":["Stack","Steam"],"picked":"Streamline","floor":14},{"not_picked":["Amplify","Multi-Cast"],"picked":"Creative AI","floor":16},{"not_picked":["Hologram+1","Glacier"],"picked":"Redo+1","floor":18},{"not_picked":["Redo","Sweeping Beam"],"picked":"Ball Lightning","floor":21},{"not_picked":["White Noise+1","FTL"],"picked":"Conserve Battery","floor":22},{"not_picked":["Double Energy","Multi-Cast"],"picked":"Self Repair","floor":28}],"player_experience":234306,"relics_obtained":[{"floor":7,"key":"Bag of Preparation"},{"floor":9,"key":"Strawberry"},{"floor":13,"key":"Blood Vial"},{"floor":26,"key":"Bottled Tornado"}],"event_choices":[{"event_name":"Shining Light","player_choice":"Entered Light","floor":2,"damage_taken":0},{"event_name":"Liars Game","player_choice":"disagreed","floor":3,"damage_taken":0},{"event_name":"Golden Wing","player_choice":"Ignored","floor":4,"damage_taken":0},{"event_name":"Forgotten Altar","player_choice":"Smashed Altar","floor":20,"damage_taken":0},{"event_name":"Transmorgrifier","player_choice":"Skipped","floor":25,"damage_taken":0},{"event_name":"Cursed Tome","player_choice":"Ignored","floor":27,"damage_taken":0}],"is_beta":false,"boss_relics":[{"not_picked":["Eternal Feather","FrozenCore"],"picked":"Fusion Hammer"}],"items_purged_floors":[],"is_endless":false,"potions_floor_spawned":[7,11,18],"killed_by":"Book of Stabbing","ascension_level":0}