{"gold_per_floor":[11,23,37,37,37,37,37,28,53,87,105,105],"floor_reached":12,"playtime":752,"items_purged":[],"score":80,"play_id":"d10ebb80-c175-4ded-9757-6f6d784495f1","local_time":"20190129023922","is_ascension_mode":false,"campfire_choices":[{"data":"Neutralize","floor":6,"key":"SMITH"}],"neow_cost":"NO_GOLD","seed_source_timestamp":103872944303414,"circlet_count":0,"master_deck":["Defend_G","Defend_G","Defend_G","Defend_G","Defend_G","Strike_G","Strike_G","Strike_G","Survivor","Neutralize+1","Sucker Punch","Heel Hook","Well Laid Plans","Malaise"],"relics":["Ring of the Snake","Golden Idol","Vajra","Happy Flower","Anchor"],"potions_floor_usage":[12,12],"damage_taken":[{"damage":0,"enemies":"2 Louse","floor":1,"turns":3},{"damage":0,"enemies":"Jaw Worm","floor":2,"turns":4},{"damage":0,"enemies":"Cultist","floor":3,"turns":4},{"damage":5,"enemies":"Exordium Thugs","floor":8,"turns":5},{"damage":28,"enemies":"Gremlin Nob","floor":10,"turns":5},{"damage":31,"enemies":"Gremlin Gang","floor":11,"turns":6},{"damage":13,"enemies":"Lagavulin","floor":12,"turns":6}],"seed_played":"-4894103679702656031","potions_obtained":[{"floor":3,"key":"FearPotion"},{"floor":8,"key":"SpeedPotion"}],"is_trial":false,"path_per_floor":["M","M","M","?","?","R","T","M","T","E","M","E"],"character_chosen":"THE_SILENT","items_purchased":[],"campfire_rested":0,"item_purchase_floors":[],"current_hp_per_floor":[70,70,70,65,65,65,65,60,60,32,1,0],"gold":105,"neow_bonus":"REMOVE_TWO","is_prod":false,"is_daily":false,"chose_seed":false,"campfire_upgraded":1,"win_rate":0,"timestamp":1548751162,"path_taken":["M","M","M","?","?","R","?","M","T","E","?","E"],"build_version":"2019-01-23","purchased_purges":0,"victory":false,"max_hp_per_floor":[70,70,70,65,65,65,65,65,65,65,65,65],"card_choices":[{"not_picked":["Bane","Bouncing Flask"],"picked":"Sucker Punch","floor":1},{"not_picked":["Flying Knee","Bouncing Flask"],"picked":"Heel Hook","floor":2},{"not_picked":["Poisoned Stab","Backflip"],"picked":"Well Laid Plans","floor":3},{"not_picked":["Underhanded Strike","Slice","Prepared"],"picked":"SKIP","floor":8},{"not_picked":["Flechettes","Slice"],"picked":"Malaise","floor":10},{"not_picked":["Blur","Accuracy","Choke"],"picked":"SKIP","floor":11}],"player_experience":230995,"relics_obtained":[{"floor":7,"key":"Vajra"},{"floor":9,"key":"Happy Flower"},{"floor":10,"key":"Anchor"}],"event_choices":[{"damage_healed":0,"gold_gain":0,"player_choice":"Lose Max HP","damage_taken":0,"relics_obtained":["Golden Idol"],"max_hp_gain":0,"max_hp_loss":5,"event_name":"Golden Idol","floor":4,"gold_loss":0},{"damage_healed":0,"gold_gain":0,"player_choice":"Ignored","damage_taken":0,"max_hp_gain":0,"max_hp_loss":0,"event_name":"Liars Game","floor":5,"gold_loss":0}],"is_beta":false,"boss_relics":[],"items_purged_floors":[],"is_endless":false,"potions_floor_spawned":[3,8],"killed_by":"Lagavulin","ascension_level":0}