{"gold_per_floor":[110,110,126,137,137,162,180,180,204,222,49,65,85,120,120,195,195,210,228,41,55,4,4,4],"floor_reached":24,"playtime":837,"items_purged":["Strike_R"],"score":399,"play_id":"8e66faf7-765b-44c0-b0d0-cd446f5f231e","local_time":"20190112114710","is_ascension_mode":true,"campfire_choices":[{"floor":8,"key":"REST"},{"floor":15,"key":"REST"},{"floor":23,"key":"REST"}],"neow_cost":"NONE","seed_source_timestamp":3067456233267801,"circlet_count":0,"master_deck":["AscendersBane","Strike_R","Strike_R","Strike_R","Strike_R","Defend_R","Defend_R","Defend_R","Defend_R","Bash","Seeing Red","Shockwave","Body Slam","Ghostly Armor","Demon Form","Whirlwind","Limit Break","Thunderclap","Inflame","Offering","Inflame","Armaments+1","Twin Strike+1","Havoc"],"relics":["Black Blood","Ancient Tea Set","Red Skull","Strawberry","Orichalcum"],"potions_floor_usage":[6,6,14,16,19,24,24],"damage_taken":[{"damage":9,"enemies":"Jaw Worm","floor":1,"turns":3},{"damage":12,"enemies":"Cultist","floor":3,"turns":5},{"damage":10,"enemies":"2 Louse","floor":4,"turns":3},{"damage":40,"enemies":"3 Sentries","floor":6,"turns":12},{"damage":12,"enemies":"Large Slime","floor":7,"turns":5},{"damage":1,"enemies":"2 Fungi Beasts","floor":10,"turns":3},{"damage":33,"enemies":"Exordium Thugs","floor":12,"turns":5},{"damage":12,"enemies":"Blue Slaver","floor":13,"turns":4},{"damage":15,"enemies":"Lagavulin","floor":14,"turns":6},{"damage":21,"enemies":"Hexaghost","floor":16,"turns":8},{"damage":25,"enemies":"2 Thieves","floor":18,"turns":4},{"damage":37,"enemies":"Shell Parasite","floor":19,"turns":7},{"damage":23,"enemies":"Snecko","floor":21,"turns":5},{"damage":52,"enemies":"Slavers","floor":24,"turns":3}],"seed_played":"6208146567842649807","potions_obtained":[{"floor":1,"key":"FearPotion"},{"floor":4,"key":"Poison Potion"},{"floor":13,"key":"Weak Potion"},{"floor":14,"key":"SteroidPotion"},{"floor":16,"key":"Regen Potion"}],"is_trial":false,"path_per_floor":["M","?","M","M","?","E","M","R","T","M","$","M","M","E","R","B",null,"M","M","$","M","$","R","E"],"character_chosen":"IRONCLAD","items_purchased":["Limit Break","Block Potion","Block Potion","Havoc"],"campfire_rested":3,"item_purchase_floors":[11,20,20,22],"current_hp_per_floor":[65,65,59,55,55,21,15,37,44,49,49,22,16,7,31,16,66,51,39,39,26,26,50,0],"gold":4,"neow_bonus":"THREE_CARDS","is_prod":false,"is_daily":false,"chose_seed":false,"campfire_upgraded":0,"win_rate":0,"timestamp":1547290030,"path_taken":["M","?","?","M","?","E","M","R","T","M","$","M","M","E","R","BOSS","M","M","$","M","$","R","E"],"build_version":"2019-01-10","purchased_purges":1,"victory":false,"max_hp_per_floor":[75,75,75,75,75,75,75,75,82,82,82,82,82,82,82,82,82,82,82,82,82,82,82,82],"card_choices":[{"not_picked":["Intimidate","Entrench"],"picked":"Seeing Red","floor":0},{"not_picked":["Pummel","Intimidate"],"picked":"Shockwave","floor":1},{"not_picked":["Clash","Warcry"],"picked":"Body Slam","floor":3},{"not_picked":["Armaments","Iron Wave"],"picked":"Ghostly Armor","floor":4},{"not_picked":["Sever Soul","Rupture","Anger"],"picked":"SKIP","floor":6},{"not_picked":["Warcry","Perfected Strike"],"picked":"Demon Form","floor":7},{"not_picked":["Perfected Strike","Clothesline"],"picked":"Whirlwind","floor":10},{"not_picked":["Sentinel","Wild Strike"],"picked":"Thunderclap","floor":12},{"not_picked":["Clash","Warcry"],"picked":"Inflame","floor":13},{"not_picked":["Rampage","Thunderclap","Whirlwind"],"picked":"SKIP","floor":14},{"not_picked":["Fiend Fire","Berserk"],"picked":"Offering","floor":16},{"not_picked":["Flex","Evolve"],"picked":"Inflame","floor":18},{"not_picked":["Sentinel","Cleave"],"picked":"Armaments+1","floor":19},{"not_picked":["Offering","Sever Soul"],"picked":"Twin Strike+1","floor":21}],"player_experience":723225,"relics_obtained":[{"floor":2,"key":"Ancient Tea Set"},{"floor":6,"key":"Red Skull"},{"floor":9,"key":"Strawberry"},{"floor":14,"key":"Orichalcum"}],"event_choices":[{"damage_healed":0,"gold_gain":0,"player_choice":"Relic","damage_taken":0,"max_hp_gain":0,"max_hp_loss":0,"event_name":"Wheel of Change","floor":2,"gold_loss":0},{"damage_healed":0,"gold_gain":0,"player_choice":"Ignored","damage_taken":0,"max_hp_gain":0,"max_hp_loss":0,"event_name":"Liars Game","floor":5,"gold_loss":0}],"is_beta":false,"boss_relics":[{"not_picked":["Astrolabe","White Beast Statue"],"picked":"Black Blood"}],"items_purged_floors":[20],"is_endless":false,"potions_floor_spawned":[1,4,13,14,16,21],"killed_by":"Slavers","ascension_level":18}