{"gold_per_floor":[114,131,150,75,75,75,103,103,126,142,167,67,67,398,398,493,493,507,15,15,31,49,69,69,69],"floor_reached":25,"playtime":1022,"items_purged":["Strike_B","Strike_B"],"score":222,"play_id":"1f719ce4-ecef-4f57-a068-d2db81c9d095","local_time":"20190106121428","is_ascension_mode":true,"campfire_choices":[{"data":"Sunder","floor":6,"key":"SMITH"},{"floor":8,"key":"REST"},{"data":"Go for the Eyes","floor":13,"key":"SMITH"},{"floor":15,"key":"REST"}],"neow_cost":"NONE","seed_source_timestamp":3175390664814,"circlet_count":0,"master_deck":["Strike_B","Strike_B","Defend_B","Defend_B","Defend_B","Defend_B","Zap","Dualcast","Multi-Cast","Reinforced Body","Self Repair","Sunder+1","Genetic Algorithm","Beam Cell","Go for the Eyes+1","All For One","Electrodynamics","Steam","Apotheosis","Sunder+1","Leap","Auto Shields"],"relics":["Cracked Core","Vajra","Bag of Marbles","Odd Mushroom","Old Coin","Inserter","Ginger"],"potions_floor_usage":[16],"damage_taken":[{"damage":7,"enemies":"2 Louse","floor":1,"turns":2},{"damage":11,"enemies":"Jaw Worm","floor":2,"turns":5},{"damage":5,"enemies":"Small Slimes","floor":3,"turns":4},{"damage":31,"enemies":"Lagavulin","floor":7,"turns":7},{"damage":13,"enemies":"Blue Slaver","floor":10,"turns":3},{"damage":4,"enemies":"The Mushroom Lair","floor":11,"turns":4},{"damage":42,"enemies":"3 Sentries","floor":14,"turns":7},{"damage":31,"enemies":"Hexaghost","floor":16,"turns":12},{"damage":26,"enemies":"2 Thieves","floor":18,"turns":4},{"damage":29,"enemies":"Chosen","floor":21,"turns":7},{"damage":13,"enemies":"Shelled Parasite and Fungi","floor":22,"turns":6},{"damage":9,"enemies":"Snecko","floor":23,"turns":7},{"damage":28,"enemies":"3 Cultists","floor":25,"turns":5}],"seed_played":"5254621070608712064","potions_obtained":[{"floor":1,"key":"Swift Potion"},{"floor":11,"key":"SpeedPotion"},{"floor":14,"key":"LiquidBronze"},{"floor":18,"key":"Energy Potion"}],"is_trial":false,"path_per_floor":["M","M","M","$","?","R","E","R","T","M","?","$","R","E","R","B",null,"M","$","?","M","M","M","?","M"],"character_chosen":"DEFECT","items_purchased":["Apotheosis","Ginger"],"campfire_rested":2,"item_purchase_floors":[19,19],"current_hp_per_floor":[68,57,59,59,59,59,35,57,57,51,54,54,54,19,41,17,75,56,56,56,34,28,26,26,0],"gold":69,"neow_bonus":"ONE_RANDOM_RARE_CARD","is_prod":false,"is_daily":false,"chose_seed":false,"campfire_upgraded":2,"win_rate":0,"timestamp":1546773268,"path_taken":["M","M","M","$","?","R","E","R","T","M","?","$","R","E","R","BOSS","M","$","?","M","M","M","?","M"],"build_version":"2019-01-03v4","purchased_purges":2,"victory":false,"max_hp_per_floor":[75,75,75,75,75,75,75,75,75,75,75,75,75,75,75,75,75,75,75,75,75,75,75,75,75],"card_choices":[{"not_picked":["Rebound","Hologram"],"picked":"Reinforced Body","floor":1},{"not_picked":["Tempest","Conserve Battery"],"picked":"Self Repair","floor":2},{"not_picked":["Stack","Steam"],"picked":"Sunder","floor":3},{"not_picked":["Compile Driver","Loop"],"picked":"Genetic Algorithm","floor":7},{"not_picked":["Turbo","Aggregate"],"picked":"Beam Cell","floor":10},{"not_picked":["Redo","Steam"],"picked":"Go for the Eyes","floor":11},{"not_picked":["Fission","Beam Cell"],"picked":"All For One","floor":14},{"not_picked":["Creative AI","Hyperbeam"],"picked":"Electrodynamics","floor":16},{"not_picked":["Barrage","Chill"],"picked":"Steam","floor":18},{"not_picked":["Capacitor+1","Cold Snap"],"picked":"Sunder+1","floor":21},{"not_picked":["Capacitor+1","Redo+1"],"picked":"Leap","floor":22},{"not_picked":["Go for the Eyes","Redo+1"],"picked":"Auto Shields","floor":23}],"player_experience":128345,"relics_obtained":[{"floor":7,"key":"Vajra"},{"floor":9,"key":"Bag of Marbles"},{"floor":11,"key":"Odd Mushroom"},{"floor":14,"key":"Old Coin"}],"event_choices":[{"damage_healed":0,"gold_gain":0,"player_choice":"Ignored","damage_taken":0,"max_hp_gain":0,"max_hp_loss":0,"event_name":"Golden Idol","floor":5,"gold_loss":0},{"damage_healed":0,"gold_gain":0,"player_choice":"Fought Mushrooms","damage_taken":0,"max_hp_gain":0,"max_hp_loss":0,"event_name":"Mushrooms","floor":11,"gold_loss":0},{"damage_healed":0,"gold_gain":0,"player_choice":"Ignored","damage_taken":0,"max_hp_gain":0,"max_hp_loss":0,"event_name":"Vampires","floor":20,"gold_loss":0},{"damage_healed":0,"gold_gain":0,"player_choice":"Ignored","damage_taken":0,"max_hp_gain":0,"max_hp_loss":0,"event_name":"Ghosts","floor":24,"gold_loss":0}],"is_beta":false,"boss_relics":[{"not_picked":["Snecko Eye","Runic Pyramid"],"picked":"Inserter"}],"items_purged_floors":[4,12],"is_endless":false,"potions_floor_spawned":[1,11,14,18],"killed_by":"3 Cultists","ascension_level":1}