{"gold_per_floor":[119,194,144,162,175,201,201,229,229,259,273,55,69,47,47,152,152,165,183,183,133,48,83,103,118,172,172,53,81,81,81,81,180,180,198,246,246,260,274,307,317,348,348,368,383,164,164,181,181,181],"floor_reached":51,"playtime":4766,"items_purged":["Defend_R","Defend_R","Clash","Strike_R"],"score":767,"play_id":"cede48ae-08b0-46c4-ba87-257edd3a134c","local_time":"20181226003524","is_ascension_mode":false,"campfire_choices":[{"data":"Cleave","floor":7,"key":"SMITH"},{"floor":15,"key":"REST"},{"floor":27,"key":"REST"},{"floor":32,"key":"REST"},{"data":"Brutality","floor":49,"key":"SMITH"}],"neow_cost":"NONE","seed_source_timestamp":348748472441909,"circlet_count":0,"master_deck":["Strike_R+1","Strike_R+1","Strike_R","Defend_R+1","Bash","Thunderclap","Inflame","Cleave+1","Burning Pact+1","Bludgeon+1","Pommel Strike","Battle Trance+1","Deep Breath+1","Warcry+1","Double Tap+1","Power Through+1","Warcry+1","True Grit+1","Rage+1","Brutality+1","Infernal Blade+1","Iron Wave+1","Demon Form","Dropkick+1","True Grit+1","Burning Pact+1","Pommel Strike+1","Flex+1","Bloodletting+1","Seeing Red+1","Feel No Pain+1","Warcry+1","Pommel Strike+1","Enlightenment+1","Warcry+1"],"relics":["Burning Blood","Oddly Smooth Stone","Bottled Tornado","Smiling Mask","Toxic Egg 2","Mark of Pain","Molten Egg 2","War Paint","Tiny Chest","Ancient Tea Set","Coffee Dripper","Pocketwatch","Whetstone","Lantern","Letter Opener"],"potions_floor_usage":[6,23,33,40,48,50,50,50],"damage_taken":[{"damage":2,"enemies":"2 Louse","floor":1,"turns":3},{"damage":0,"enemies":"Small Slimes","floor":4,"turns":2},{"damage":6,"enemies":"Jaw Worm","floor":5,"turns":2},{"damage":42,"enemies":"3 Sentries","floor":6,"turns":9},{"damage":2,"enemies":"Gremlin Nob","floor":8,"turns":3},{"damage":30,"enemies":"Lagavulin","floor":10,"turns":4},{"damage":6,"enemies":"2 Fungi Beasts","floor":11,"turns":2},{"damage":4,"enemies":"Looter","floor":13,"turns":2},{"damage":32,"enemies":"Slime Boss","floor":16,"turns":8},{"damage":0,"enemies":"Spheric Guardian","floor":18,"turns":2},{"damage":16,"enemies":"Shell Parasite","floor":19,"turns":4},{"damage":21,"enemies":"Slavers","floor":23,"turns":3},{"damage":10,"enemies":"Chosen and Byrds","floor":24,"turns":3},{"damage":37,"enemies":"Snecko","floor":25,"turns":5},{"damage":20,"enemies":"Book of Stabbing","floor":29,"turns":4},{"damage":21,"enemies":"Automaton","floor":33,"turns":7},{"damage":10,"enemies":"3 Shapes","floor":35,"turns":3},{"damage":7,"enemies":"2 Orb Walkers","floor":36,"turns":4},{"damage":0,"enemies":"Orb Walker","floor":38,"turns":2},{"damage":6,"enemies":"Spire Growth","floor":39,"turns":3},{"damage":35,"enemies":"Nemesis","floor":40,"turns":5},{"damage":10,"enemies":"Sphere and 2 Shapes","floor":41,"turns":4},{"damage":16,"enemies":"Giant Head","floor":42,"turns":4},{"damage":9,"enemies":"Maw","floor":44,"turns":6},{"damage":0,"enemies":"3 Darklings","floor":45,"turns":2},{"damage":16,"enemies":"Spire Growth","floor":48,"turns":3},{"damage":42,"enemies":"Donu and Deca","floor":50,"turns":8}],"seed_played":"822967654534459365","potions_obtained":[{"floor":4,"key":"EssenceOfSteel"},{"floor":5,"key":"Ancient Potion"},{"floor":10,"key":"Weak Potion"},{"floor":19,"key":"Energy Potion"},{"floor":23,"key":"EntropicBrew"},{"floor":35,"key":"BloodPotion"},{"floor":42,"key":"PowerPotion"},{"floor":44,"key":"Swift Potion"},{"floor":45,"key":"Energy Potion"},{"floor":48,"key":"LiquidBronze"}],"is_trial":false,"path_per_floor":["M","?","?","M","M","E","R","E","T","E","M","$","M","$","R","B",null,"M","M","?","$","?","E","M","M","T","R","$","E","?","?","R","B",null,"M","?","?","M","M","E","M","E","T","M","M","$","?","M","R","B",null],"character_chosen":"IRONCLAD","items_purchased":["Battle Trance+1","Deep Breath+1","Warcry+1","Infernal Blade+1","Warcry+1","Pommel Strike+1","Enlightenment+1"],"campfire_rested":3,"item_purchase_floors":[12,12,14,28,46,46,46],"current_hp_per_floor":[80,69,69,75,75,39,39,43,43,19,19,19,21,21,45,19,80,80,70,70,70,70,55,51,20,20,44,44,30,15,15,40,25,85,81,80,80,85,85,56,52,42,42,39,45,45,45,43,43,7],"gold":181,"neow_bonus":"UPGRADE_CARD","is_prod":false,"is_daily":false,"chose_seed":false,"campfire_upgraded":2,"win_rate":0.0,"timestamp":1545797124,"path_taken":["M","?","?","M","M","E","R","E","T","E","M","$","M","$","R","BOSS","M","M","?","$","?","E","M","M","T","R","$","E","?","?","R","BOSS","M","?","?","M","M","E","?","E","T","M","M","$","?","M","R","BOSS"],"build_version":"2018-12-20","purchased_purges":4,"victory":true,"max_hp_per_floor":[80,80,80,80,80,80,80,80,80,80,80,80,80,80,80,80,80,80,80,80,80,80,80,80,80,80,80,80,80,85,85,85,85,85,85,85,85,85,85,85,85,85,85,85,85,85,85,85,85,85],"card_choices":[{"not_picked":["Cleave","Clothesline"],"picked":"Clash","floor":1},{"not_picked":["Sever Soul","Shrug It Off"],"picked":"Thunderclap","floor":4},{"not_picked":["Fire Breathing","Warcry"],"picked":"Inflame","floor":5},{"not_picked":["Clash","Clothesline"],"picked":"Cleave","floor":6},{"not_picked":["Perfected Strike","Shrug It Off"],"picked":"Burning Pact","floor":8},{"not_picked":["True Grit","Whirlwind"],"picked":"Bludgeon","floor":10},{"not_picked":["Whirlwind","Clothesline"],"picked":"Pommel Strike","floor":11},{"not_picked":["Entrench+1","Hemokinesis"],"picked":"Perfected Strike","floor":13},{"not_picked":["Barricade","Juggernaut"],"picked":"Double Tap+1","floor":16},{"not_picked":["Flex+1","Bloodletting+1"],"picked":"Power Through+1","floor":18},{"not_picked":["Thunderclap+1","Cleave"],"picked":"Warcry+1","floor":19},{"not_picked":["Disarm+1","Bloodletting+1"],"picked":"True Grit+1","floor":23},{"not_picked":["Perfected Strike+1","True Grit+1"],"picked":"Rage+1","floor":24},{"not_picked":["Metallicize","Warcry+1"],"picked":"Brutality","floor":25},{"not_picked":["Body Slam+1","Clothesline+1"],"picked":"Iron Wave+1","floor":29},{"not_picked":["Dark Embrace","Double Tap+1"],"picked":"Demon Form","floor":33},{"not_picked":["Sword Boomerang+1","Cleave+1"],"picked":"Dropkick+1","floor":35},{"not_picked":["Searing Blow+1","Power Through+1"],"picked":"True Grit+1","floor":36},{"not_picked":["Thunderclap+1","Second Wind+1"],"picked":"Pommel Strike+1","floor":38},{"not_picked":["Clash+1","Rupture"],"picked":"Flex+1","floor":39},{"not_picked":["Armaments+1","Corruption+1"],"picked":"Bloodletting+1","floor":40},{"not_picked":["Shockwave+1","Warcry+1"],"picked":"Seeing Red+1","floor":41},{"not_picked":["Headbutt+1","Pummel+1","Shrug It Off+1"],"picked":"SKIP","floor":42},{"not_picked":["Iron Wave+1","Corruption","Flame Barrier+1"],"picked":"SKIP","floor":44},{"not_picked":["Clothesline+1","Impervious+1"],"picked":"Feel No Pain+1","floor":45},{"not_picked":["Armaments+1","Twin Strike+1"],"picked":"Warcry+1","floor":48}],"player_experience":17769,"relics_obtained":[{"floor":6,"key":"Oddly Smooth Stone"},{"floor":8,"key":"Bottled Tornado"},{"floor":9,"key":"Smiling Mask"},{"floor":10,"key":"Toxic Egg 2"},{"floor":23,"key":"War Paint"},{"floor":26,"key":"Tiny Chest"},{"floor":29,"key":"Ancient Tea Set"},{"floor":36,"key":"Pocketwatch"},{"floor":40,"key":"Whetstone"},{"floor":42,"key":"Lantern"},{"floor":43,"key":"Letter Opener"}],"event_choices":[{"damage_healed":0,"gold_gain":75,"player_choice":"Gather Gold","damage_taken":11,"max_hp_gain":0,"max_hp_loss":0,"event_name":"World of Goop","floor":2,"gold_loss":0},{"cards_removed":["Defend_R"],"damage_healed":0,"gold_gain":0,"player_choice":"Card Removal","damage_taken":0,"max_hp_gain":0,"max_hp_loss":0,"event_name":"The Cleric","floor":3,"gold_loss":50},{"damage_healed":0,"gold_gain":0,"player_choice":"Ignored","damage_taken":0,"max_hp_gain":0,"max_hp_loss":0,"event_name":"Ghosts","floor":20,"gold_loss":0},{"damage_healed":0,"gold_gain":0,"player_choice":"Obtained Relic","damage_taken":0,"relics_obtained":["Molten Egg 2"],"max_hp_gain":0,"max_hp_loss":0,"event_name":"Addict","floor":22,"gold_loss":85},{"damage_healed":0,"gold_gain":0,"player_choice":"Shed Blood","damage_taken":20,"max_hp_gain":5,"max_hp_loss":0,"event_name":"Forgotten Altar","floor":30,"gold_loss":0},{"cards_removed":["Perfected Strike"],"damage_healed":0,"gold_gain":0,"player_choice":"Elegance","damage_taken":0,"max_hp_gain":0,"max_hp_loss":0,"event_name":"Back to Basics","floor":31,"gold_loss":0},{"damage_healed":0,"gold_gain":0,"player_choice":"Fight","damage_taken":0,"max_hp_gain":0,"max_hp_loss":0,"event_name":"Mysterious Sphere","floor":36,"gold_loss":0},{"damage_healed":0,"gold_gain":0,"player_choice":"Copied","damage_taken":0,"max_hp_gain":0,"max_hp_loss":0,"event_name":"Duplicator","floor":37,"gold_loss":0,"cards_obtained":["Burning Pact"]},{"cards_removed":["Strike_R"],"damage_healed":0,"gold_gain":0,"player_choice":"Removed Attack","damage_taken":0,"max_hp_gain":0,"max_hp_loss":0,"event_name":"Falling","floor":47,"gold_loss":0}],"is_beta":false,"boss_relics":[{"not_picked":["Cursed Key","Empty Cage"],"picked":"Mark of Pain"},{"not_picked":["Philosopher\u0027s Stone","Runic Dome"],"picked":"Coffee Dripper"}],"items_purged_floors":[12,21,28,46],"is_endless":false,"potions_floor_spawned":[4,5,10,19,23,35,42,44,45,48],"ascension_level":0}