{"gold_per_floor":[117,42,52,2,16,16,44,44,44,44,63,63,91,103,103,207,207,221,146,46,46,63,63],"floor_reached":23,"playtime":1271,"items_purged":["Strike_R","Strike_R"],"score":201,"play_id":"210af9e8-1f33-495b-b6e6-16ae816fd82b","local_time":"20180722223037","is_ascension_mode":false,"campfire_choices":[{"data":"Shrug It Off","floor":6,"key":"SMITH"},{"data":"Armaments","floor":12,"key":"SMITH"},{"floor":15,"key":"REST"}],"neow_cost":"NONE","seed_source_timestamp":644596524451741,"circlet_count":0,"master_deck":["Strike_R","Defend_R","Defend_R","Defend_R","Defend_R","Bash+1","Heavy Blade","Warcry","Shrug It Off+1","Anger","Armaments+1","Double Tap","Shrug It Off"],"relics":["Burning Blood","Molten Egg 2","Letter Opener","Frozen Egg 2","Kunai"],"potions_floor_usage":[16,16,23,23],"damage_taken":[{"damage":2,"enemies":"Small Slimes","floor":1,"turns":4},{"damage":1,"enemies":"Cultist","floor":3,"turns":4},{"damage":3,"enemies":"2 Louse","floor":5,"turns":4},{"damage":17,"enemies":"3 Sentries","floor":7,"turns":10},{"damage":10,"enemies":"Exordium Wildlife","floor":11,"turns":5},{"damage":26,"enemies":"Lagavulin","floor":13,"turns":7},{"damage":9,"enemies":"Exordium Thugs","floor":14,"turns":5},{"damage":25,"enemies":"The Guardian","floor":16,"turns":12},{"damage":17,"enemies":"Spheric Guardian","floor":18,"turns":6},{"damage":16,"enemies":"2 Thieves","floor":21,"turns":5},{"damage":44,"enemies":"Snake Plant","floor":22,"turns":6},{"damage":21,"enemies":"Gremlin Leader","floor":23,"turns":6}],"seed_played":"4438496926299302737","potions_obtained":[{"floor":1,"key":"Regen Potion"},{"floor":14,"key":"Poison Potion"},{"floor":16,"key":"Strength Potion"},{"floor":18,"key":"Swift Potion"},{"floor":21,"key":"SkillPotion"}],"is_trial":false,"path_per_floor":["M","$","M","$","M","R","E","?","T","T","M","R","E","M","R","B",null,"M","?","$","M","M"],"character_chosen":"IRONCLAD","items_purchased":["Shrug It Off"],"campfire_rested":1,"item_purchase_floors":[4],"current_hp_per_floor":[80,80,80,80,80,80,69,69,69,69,65,65,45,42,66,62,80,69,69,69,59,21,0],"gold":63,"neow_bonus":"UPGRADE_CARD","is_prod":false,"is_daily":false,"chose_seed":false,"campfire_upgraded":2,"win_rate":0.0,"timestamp":1532269837,"path_taken":["M","$","M","$","M","R","E","?","T","?","M","R","E","M","R","BOSS","M","?","$","M","M","E"],"build_version":"2018-07-19v2","purchased_purges":2,"victory":false,"max_hp_per_floor":[80,80,80,80,80,80,80,80,80,80,80,80,80,80,80,80,80,80,80,80,80,80,80],"card_choices":[{"not_picked":["Metallicize","Body Slam"],"picked":"Heavy Blade","floor":1},{"not_picked":["Body Slam","Sword Boomerang"],"picked":"Warcry","floor":3},{"not_picked":["Havoc","Perfected Strike"],"picked":"Anger","floor":5},{"not_picked":["Barricade","Intimidate"],"picked":"Armaments","floor":7},{"not_picked":["Perfected Strike+1","Pommel Strike+1","Twin Strike+1"],"picked":"SKIP","floor":11},{"not_picked":["Carnage+1","Feel No Pain+1","Second Wind"],"picked":"SKIP","floor":13},{"not_picked":["Sword Boomerang+1","Iron Wave+1","Perfected Strike+1"],"picked":"SKIP","floor":14},{"not_picked":["Impervious","Exhume"],"picked":"Double Tap","floor":16},{"not_picked":["Hemokinesis+1","Clash+1","Whirlwind+1"],"picked":"SKIP","floor":18},{"not_picked":["Pommel Strike+1","Dual Wield+1","Twin Strike+1"],"picked":"SKIP","floor":21},{"not_picked":["Clash+1","True Grit"],"picked":"Shrug It Off","floor":22}],"player_experience":60706,"relics_obtained":[{"floor":7,"key":"Molten Egg 2"},{"floor":9,"key":"Letter Opener"},{"floor":10,"key":"Frozen Egg 2"},{"floor":13,"key":"Kunai"}],"event_choices":[{"event_name":"Wheel of Change","player_choice":"Card Removal","floor":8,"damage_taken":0},{"event_name":"Beggar","player_choice":"Gave Gold","floor":19,"damage_taken":0}],"is_beta":false,"boss_relics":[{"not_picked":["Runic Dome","Mark of Pain","Philosopher\u0027s Stone"]}],"items_purged_floors":[2,20],"is_endless":false,"potions_floor_spawned":[1,14,16,18,21],"killed_by":"Gremlin Leader","ascension_level":0}