{"gold_per_floor":[117,129,129,144,163,163,189,189,189,204,229,249,199,224,236,351,363,303,303,303],"floor_reached":20,"playtime":755,"items_purged":[],"score":268,"play_id":"1d347188-f06c-4c51-be4b-b895bee26a0b","local_time":"20190202000923","is_ascension_mode":true,"campfire_choices":[{"data":"Armaments","floor":6.0,"key":"SMITH"},{"data":"Combust","floor":8.0,"key":"SMITH"},{"data":"Rampage","floor":15.0,"key":"SMITH"}],"neow_cost":"NONE","seed_source_timestamp":0,"circlet_count":0,"master_deck":["Strike_R","Strike_R","Strike_R","Strike_R","Defend_R","Defend_R","Defend_R","Defend_R","Bash","Combust+1","Rampage+1","Flash of Steel","Heavy Blade","Armaments+1","Reaper","Thunderclap","Metallicize","Immolate","Brutality","Wild Strike+1"],"special_seed":0,"relics":["Burning Blood","Smiling Mask","Matryoshka","Pear","MawBank","Ectoplasm"],"potions_floor_usage":[],"damage_taken":[{"damage":1.0,"enemies":"2 Louse","floor":1.0,"turns":4.0},{"damage":3.0,"enemies":"Cultist","floor":2.0,"turns":3.0},{"damage":5.0,"enemies":"Jaw Worm","floor":4.0,"turns":4.0},{"damage":5.0,"enemies":"Looter","floor":5.0,"turns":3.0},{"damage":27.0,"enemies":"3 Sentries","floor":7.0,"turns":7.0},{"damage":19.0,"enemies":"Large Slime","floor":10.0,"turns":5.0},{"damage":16.0,"enemies":"Gremlin Nob","floor":11.0,"turns":3.0},{"damage":10.0,"enemies":"Blue Slaver","floor":12.0,"turns":4.0},{"damage":23.0,"enemies":"3 Sentries","floor":14.0,"turns":4.0},{"damage":42.0,"enemies":"Slime Boss","floor":16.0,"turns":8.0},{"damage":25,"enemies":"2 Thieves","floor":18,"turns":4},{"damage":39,"enemies":"Colosseum Slavers","floor":19,"turns":5},{"damage":48,"enemies":"Chosen","floor":20,"turns":5}],"seed_played":"-1970312124393277226","potions_obtained":[{"floor":4.0,"key":"Regen Potion"},{"floor":7.0,"key":"LiquidBronze"},{"floor":10.0,"key":"Energy Potion"},{"floor":16.0,"key":"Block Potion"}],"is_trial":false,"path_per_floor":["M","M","?","M","M","R","E","R","T","M","E","M","?","E","R","B",null,"M","?","M"],"character_chosen":"IRONCLAD","items_purchased":[],"campfire_rested":0,"item_purchase_floors":[],"current_hp_per_floor":[88,88,88,88,88,88,67,67,67,64,64,60,60,55,55,23,79,64,39,0],"gold":303,"neow_bonus":"TEN_PERCENT_HP_BONUS","is_prod":false,"is_daily":false,"chose_seed":false,"campfire_upgraded":3,"win_rate":0,"timestamp":1549062563,"path_taken":["M","M","?","M","M","R","E","R","T","?","E","M","?","E","R","BOSS","M","?","M"],"build_version":"2019-01-23","purchased_purges":0,"victory":false,"max_hp_per_floor":[88,88,88,88,88,88,88,88,88,88,98,98,98,98,98,98,98,98,98,98],"card_choices":[{"not_picked":["Headbutt","Perfected Strike"],"picked":"Combust","floor":1.0},{"not_picked":["Fire Breathing","Iron Wave"],"picked":"Rampage","floor":2.0},{"not_picked":["Warcry","Intimidate"],"picked":"Heavy Blade","floor":4.0},{"not_picked":["Sword Boomerang","Corruption"],"picked":"Armaments","floor":5.0},{"not_picked":["Heavy Blade","Feel No Pain"],"picked":"Reaper","floor":7.0},{"not_picked":["Heavy Blade","Warcry"],"picked":"Thunderclap","floor":10.0},{"not_picked":["Dual Wield","Warcry"],"picked":"Metallicize","floor":11.0},{"not_picked":["Reckless Charge","Anger"],"picked":"Immolate","floor":12.0},{"not_picked":["Sword Boomerang","Heavy Blade","Dark Embrace"],"picked":"SKIP","floor":14.0},{"not_picked":["Offering","Reaper"],"picked":"Brutality","floor":16.0},{"not_picked":["Headbutt","Thunderclap"],"picked":"Wild Strike+1","floor":18}],"player_experience":256033,"relics_obtained":[{"floor":7.0,"key":"Smiling Mask"},{"floor":9.0,"key":"Matryoshka"},{"floor":11.0,"key":"Pear"},{"floor":14.0,"key":"MawBank"}],"event_choices":[{"damage_healed":0.0,"max_hp_gain":0.0,"max_hp_loss":0.0,"gold_gain":0.0,"event_name":"Match and Keep!","player_choice":"1 cards matched","floor":3.0,"gold_loss":0.0,"damage_taken":0.0,"cards_obtained":["Flash of Steel"]},{"cards_removed":["Strike_R"],"damage_healed":0.0,"max_hp_gain":0.0,"max_hp_loss":0.0,"gold_gain":0.0,"event_name":"The Cleric","player_choice":"Card Removal","floor":13.0,"gold_loss":50.0,"damage_taken":0.0},{"damage_healed":0,"gold_gain":0,"player_choice":"Fight","damage_taken":0,"max_hp_gain":0,"max_hp_loss":0,"event_name":"Colosseum","floor":19,"gold_loss":0},{"damage_healed":0,"gold_gain":0,"player_choice":"Fled From Nobs","damage_taken":0,"max_hp_gain":0,"max_hp_loss":0,"event_name":"Colosseum","floor":19,"gold_loss":0}],"is_beta":false,"boss_relics":[{"not_picked":["Black Star","Runic Dome"],"picked":"Ectoplasm"}],"items_purged_floors":[],"is_endless":false,"potions_floor_spawned":[4,7,10,12,14,16,18],"killed_by":"Chosen","ascension_level":5}