{"gold_per_floor":[215,115,126,145,157,157,191,91,118,131,131,131,131,150,150,150],"floor_reached":16,"playtime":633,"items_purged":["Strike_R","Strike_R"],"score":117,"play_id":"6efd54b2-0c6d-4762-b650-51853c0efd83","local_time":"20180821224216","is_ascension_mode":true,"campfire_choices":[{"data":"True Grit","floor":6,"key":"SMITH"},{"floor":11,"key":"REST"},{"data":"Shrug It Off","floor":13,"key":"SMITH"},{"floor":15,"key":"REST"}],"neow_cost":"NONE","seed_source_timestamp":482753174156148,"circlet_count":0,"master_deck":["Strike_R","Strike_R","Strike_R","Defend_R","Defend_R","Defend_R","Defend_R","Bash","Thunderclap","Shrug It Off+1","Cleave","Metallicize","True Grit+1","Shrug It Off","Evolve","Whirlwind"],"relics":["Burning Blood","Oddly Smooth Stone","Happy Flower","Orichalcum"],"potions_floor_usage":[16,16],"damage_taken":[{"damage":6,"enemies":"Cultist","floor":1,"turns":3},{"damage":10,"enemies":"Jaw Worm","floor":3,"turns":5},{"damage":8,"enemies":"Small Slimes","floor":4,"turns":3},{"damage":10,"enemies":"Looter","floor":5,"turns":5},{"damage":30,"enemies":"Gremlin Nob","floor":7,"turns":5},{"damage":14,"enemies":"3 Louse","floor":10,"turns":3},{"damage":4,"enemies":"Gremlin Gang","floor":14,"turns":5},{"damage":95,"enemies":"Hexaghost","floor":16,"turns":17}],"seed_played":"-3448274344430059138","potions_obtained":[{"floor":3,"key":"Regen Potion"},{"floor":4,"key":"Explosive Potion"},{"floor":5,"key":"SpeedPotion"}],"is_trial":false,"path_per_floor":["M","$","M","M","M","R","E","$","T","M","R","?","R","M","R"],"character_chosen":"IRONCLAD","items_purchased":["Shrug It Off"],"campfire_rested":2,"item_purchase_floors":[2],"current_hp_per_floor":[80,80,76,74,70,70,46,46,46,38,62,62,62,64,80,0],"gold":150,"neow_bonus":"HUNDRED_GOLD","is_prod":false,"is_daily":false,"chose_seed":false,"campfire_upgraded":2,"win_rate":0,"timestamp":1534862536,"path_taken":["M","$","?","M","M","R","E","$","T","M","R","?","R","M","R","BOSS"],"build_version":"2018-08-16","purchased_purges":2,"victory":false,"max_hp_per_floor":[80,80,80,80,80,80,80,80,80,80,80,80,80,80,80,80],"card_choices":[{"not_picked":["Clash","Flex"],"picked":"Thunderclap","floor":1},{"not_picked":["Dropkick","Evolve"],"picked":"Cleave","floor":3},{"not_picked":["Cleave","Anger"],"picked":"Metallicize","floor":4},{"not_picked":["Uppercut","Impervious"],"picked":"True Grit","floor":5},{"not_picked":["Burning Pact","Wild Strike"],"picked":"Shrug It Off","floor":7},{"not_picked":["Blood for Blood","Clash"],"picked":"Evolve","floor":10},{"not_picked":["Dual Wield","Havoc"],"picked":"Whirlwind","floor":14}],"player_experience":266493,"relics_obtained":[{"floor":7,"key":"Oddly Smooth Stone"},{"floor":9,"key":"Happy Flower"}],"event_choices":[{"event_name":"Dead Adventurer","player_choice":"Searched \u00271\u0027 times","floor":12,"damage_taken":0}],"is_beta":false,"boss_relics":[],"items_purged_floors":[2,8],"is_endless":false,"potions_floor_spawned":[3,4,5],"killed_by":"Hexaghost","ascension_level":3}