{"gold_per_floor":[109,109,209,233,15,51,51,91,91,91],"floor_reached":10,"playtime":325,"items_purged":["Strike_R"],"score":104,"play_id":"36a7000b-17b8-439f-9466-201e8f1e471e","local_time":"20190113165310","is_ascension_mode":true,"campfire_choices":[{"data":"True Grit","floor":7,"key":"SMITH"}],"neow_cost":"NONE","seed_source_timestamp":135503678458757,"circlet_count":0,"master_deck":["Strike_R","Strike_R","Strike_R","Strike_R","Defend_R","Defend_R","Defend_R","Defend_R","Bash","Battle Trance","True Grit+1","Feel No Pain","Seeing Red","True Grit","True Grit"],"relics":["Burning Blood","NeowsBlessing","Golden Idol","Letter Opener","Juzu Bracelet","Shuriken"],"potions_floor_usage":[],"damage_taken":[{"damage":0,"enemies":"Jaw Worm","floor":1,"turns":1},{"damage":0,"enemies":"2 Louse","floor":4,"turns":1},{"damage":0,"enemies":"3 Sentries","floor":6,"turns":1},{"damage":53,"enemies":"Lagavulin","floor":8,"turns":7},{"damage":27,"enemies":"Gremlin Nob","floor":10,"turns":3}],"seed_played":"4670694637961505176","potions_obtained":[],"is_trial":false,"path_per_floor":["M","?","?","M","$","E","R","E","T","E"],"character_chosen":"IRONCLAD","items_purchased":["Feel No Pain","Seeing Red"],"campfire_rested":0,"item_purchase_floors":[5,5],"current_hp_per_floor":[80,60,60,66,66,72,72,25,25,0],"gold":91,"neow_bonus":"THREE_ENEMY_KILL","is_prod":false,"is_daily":false,"chose_seed":false,"campfire_upgraded":1,"win_rate":0,"timestamp":1547416390,"path_taken":["M","?","?","?","$","E","R","E","T","E"],"build_version":"2019-01-10","purchased_purges":1,"victory":false,"max_hp_per_floor":[80,80,80,80,80,80,80,80,80,80],"card_choices":[{"not_picked":["Wild Strike","Sword Boomerang"],"picked":"Battle Trance","floor":1},{"not_picked":["Warcry","Sword Boomerang"],"picked":"True Grit","floor":4},{"not_picked":["Clothesline","Twin Strike"],"picked":"True Grit","floor":6},{"not_picked":["Perfected Strike","Reaper"],"picked":"True Grit","floor":8}],"player_experience":86139,"relics_obtained":[{"floor":6,"key":"Letter Opener"},{"floor":8,"key":"Juzu Bracelet"},{"floor":9,"key":"Shuriken"}],"event_choices":[{"damage_healed":0,"gold_gain":0,"player_choice":"Take Damage","damage_taken":20,"relics_obtained":["Golden Idol"],"max_hp_gain":0,"max_hp_loss":0,"event_name":"Golden Idol","floor":2,"gold_loss":0},{"damage_healed":0,"gold_gain":100,"player_choice":"Pray","damage_taken":0,"max_hp_gain":0,"max_hp_loss":0,"event_name":"Golden Shrine","floor":3,"gold_loss":0}],"is_beta":false,"boss_relics":[],"items_purged_floors":[5],"is_endless":false,"potions_floor_spawned":[],"killed_by":"Gremlin Nob","ascension_level":1}