{"gold_per_floor":[116,134,59,76,26,39,50,84,84,100,0,75,92,102,102,200,200,218,232,107,117,128,128,141,141,141,69,81,99,109,109,109,109],"floor_reached":33,"playtime":7043,"items_purged":["Strike_G","Strike_G","Strike_G"],"score":257,"play_id":"c30c60a1-4e38-4db8-bf76-8bde662fde00","local_time":"20180728202256","is_ascension_mode":false,"campfire_choices":[{"floor":15.0,"key":"REST"},{"data":"Backflip","floor":23.0,"key":"SMITH"},{"floor":25.0,"key":"REST"},{"floor":32,"key":"REST"}],"neow_cost":"NONE","seed_source_timestamp":0,"circlet_count":0,"master_deck":["Defend_G","Defend_G","Defend_G","Defend_G","Defend_G","Survivor","Neutralize","Bouncing Flask","Poisoned Stab","Bane","Backflip+1","Escape Plan","Backflip","Envenom","Venomology","Well Laid Plans+1","Underhanded Strike","Reflex","Reflex","Underhanded Strike"],"special_seed":0,"relics":["Ring of the Snake","Dodecahedron","Unceasing Top","HoveringKite","Darkstone Periapt"],"potions_floor_usage":[33,33,33,33],"damage_taken":[{"damage":0.0,"enemies":"Cultist","floor":1.0,"turns":3.0},{"damage":6.0,"enemies":"Jaw Worm","floor":2.0,"turns":3.0},{"damage":2.0,"enemies":"Small Slimes","floor":4.0,"turns":3.0},{"damage":6.0,"enemies":"Exordium Wildlife","floor":6.0,"turns":4.0},{"damage":0.0,"enemies":"Large Slime","floor":7.0,"turns":6.0},{"damage":17.0,"enemies":"Gremlin Nob","floor":8.0,"turns":4.0},{"damage":0.0,"enemies":"Blue Slaver","floor":10.0,"turns":4.0},{"damage":3.0,"enemies":"3 Louse","floor":13.0,"turns":3.0},{"damage":0.0,"enemies":"Looter","floor":14.0,"turns":2.0},{"damage":29.0,"enemies":"Hexaghost","floor":16.0,"turns":10.0},{"damage":0.0,"enemies":"Chosen","floor":18.0,"turns":4.0},{"damage":3.0,"enemies":"Shell Parasite","floor":19.0,"turns":5.0},{"damage":11.0,"enemies":"Cultist and Chosen","floor":21.0,"turns":6.0},{"damage":0.0,"enemies":"Snecko","floor":22.0,"turns":4.0},{"damage":17.0,"enemies":"3 Cultists","floor":24.0,"turns":6.0},{"damage":9.0,"enemies":"Cultist and Chosen","floor":28.0,"turns":7.0},{"damage":13.0,"enemies":"Snake Plant","floor":29.0,"turns":4.0},{"damage":28.0,"enemies":"Slaver and Parasite","floor":30.0,"turns":5.0},{"damage":59,"enemies":"Collector","floor":33,"turns":10}],"seed_played":"-3371209034026241984","potions_obtained":[{"floor":6.0,"key":"Ancient Potion"},{"floor":8.0,"key":"Regen Potion"},{"floor":13.0,"key":"AttackPotion"},{"floor":21.0,"key":"Poison Potion"},{"floor":30.0,"key":"Fire Potion"}],"is_trial":false,"path_per_floor":["M","M","$","M","?","M","M","E","T","M","$","?","M","M","R","B",null,"M","M","$","M","M","R","M","R","T","$","M","M","M","?","R"],"character_chosen":"THE_SILENT","items_purchased":["Reflex"],"campfire_rested":3,"item_purchase_floors":[27],"current_hp_per_floor":[70,64,64,62,62,56,56,39,39,39,39,28,25,25,46,17,70,70,67,67,60,60,60,43,64,64,64,55,42,14,37,58,0],"gold":109,"neow_bonus":"TRANSFORM_CARD","is_prod":false,"is_daily":false,"chose_seed":false,"campfire_upgraded":1,"win_rate":0.0,"timestamp":1532780576,"path_taken":["M","M","$","M","?","M","M","E","T","M","$","?","?","M","R","BOSS","M","M","$","M","M","R","M","R","T","$","M","M","M","?","R","BOSS"],"build_version":"2018-07-26","purchased_purges":3,"victory":false,"max_hp_per_floor":[70,70,70,70,70,70,70,70,70,70,70,70,70,70,70,70,70,70,70,70,70,70,70,70,70,70,70,70,70,70,70,70,70],"card_choices":[{"not_picked":["Deadly Poison","Skewer"],"picked":"Poisoned Stab","floor":1.0},{"not_picked":["Backflip","Deflect"],"picked":"Bane","floor":2.0},{"not_picked":["Distraction","Dagger Throw","Slice"],"picked":"SKIP","floor":4.0},{"not_picked":["Leg Sweep","Acrobatics"],"picked":"Backflip","floor":6.0},{"not_picked":["Underhanded Strike","Heel Hook","Dodge and Roll"],"picked":"SKIP","floor":7.0},{"not_picked":["Poisoned Stab","Choke"],"picked":"Escape Plan","floor":8.0},{"not_picked":["Crippling Poison","Acrobatics","Flechettes"],"picked":"SKIP","floor":10.0},{"not_picked":["Tactician","Well Laid Plans"],"picked":"Backflip","floor":13.0},{"not_picked":["Acrobatics","Backflip"],"picked":"Envenom","floor":14.0},{"not_picked":["Night Terror","Glass Knife"],"picked":"Venomology","floor":16.0},{"not_picked":["Dagger Throw+1","Acrobatics+1"],"picked":"Well Laid Plans+1","floor":18.0},{"not_picked":["Poisoned Stab","Dagger Throw"],"picked":"Underhanded Strike","floor":19.0},{"not_picked":["Acrobatics","All Out Attack","PiercingWail"],"picked":"SKIP","floor":21.0},{"not_picked":["Skewer","Masterful Stab"],"picked":"Reflex","floor":22.0},{"not_picked":["Tools of the Trade","Poisoned Stab","Crippling Poison"],"picked":"SKIP","floor":24.0},{"not_picked":["Dash+1","Slice+1","Outmaneuver"],"picked":"SKIP","floor":28.0},{"not_picked":["Poisoned Stab","Slice"],"picked":"Underhanded Strike","floor":29.0},{"not_picked":["Doppelganger","PiercingWail","Caltrops"],"picked":"SKIP","floor":30.0}],"player_experience":96247,"relics_obtained":[{"floor":8.0,"key":"Dodecahedron"},{"floor":9.0,"key":"Unceasing Top"},{"floor":26.0,"key":"Darkstone Periapt"}],"event_choices":[{"event_name":"The Cleric","player_choice":"Card Removal","floor":5.0,"damage_taken":0.0},{"event_name":"World of Goop","player_choice":"Gather Gold","floor":12.0,"damage_taken":0.0},{"event_name":"The Library","player_choice":"Heal","floor":31.0,"damage_taken":0.0}],"is_beta":false,"boss_relics":[{"not_picked":["Fusion Hammer","Velvet Choker"],"picked":"HoveringKite"}],"items_purged_floors":[3,11,20],"is_endless":false,"potions_floor_spawned":[6,8,13,16,21,24,30],"killed_by":"Collector","ascension_level":0}