{"gold_per_floor":[115,81,100,100,119,147,147,2,2,19,29,29,29,29,29,133,133,151,0,15,15,26,26,45,45,69,87,87,119,119,130,130,225,225,239,239,79,0,13,42,42,60,60,60,60,87,105,137,137,137,137,137,39,69,69],"floor_reached":55,"playtime":2034,"items_purged":["Strike_R+1","Writhe"],"score":880,"play_id":"2200eacf-eaf0-42ba-a45f-caa8363b4b7d","local_time":"20181224172728","is_ascension_mode":false,"campfire_choices":[{"data":"Shrug It Off","floor":7,"key":"SMITH"},{"floor":15,"key":"RECALL"},{"floor":23,"key":"REST"},{"floor":28,"key":"REST"},{"data":"Perfected Strike","floor":30,"key":"SMITH"},{"data":"Immolate","floor":32,"key":"SMITH"},{"data":"Perfected Strike","floor":41,"key":"SMITH"},{"data":"Flame Barrier","floor":45,"key":"SMITH"},{"data":"Clothesline","floor":49,"key":"SMITH"},{"data":"Bash","floor":52,"key":"SMITH"}],"neow_cost":"TEN_PERCENT_HP_LOSS","seed_source_timestamp":281018740001043,"circlet_count":0,"master_deck":["Strike_R+1","Strike_R+1","Strike_R+1","Strike_R+1","Defend_R+1","Defend_R+1","Defend_R+1","Bash+1","Trip","Madness","Perfected Strike+1","Shrug It Off+1","Immolate+1","Twin Strike","Perfected Strike+1","Necronomicurse","Clothesline+1","Perfected Strike+1","Metallicize","Impervious","Twin Strike+1","Perfected Strike+1","Flame Barrier+1","Power Through+1","Perfected Strike+1"],"relics":["Burning Blood","Lantern","Vajra","Black Star","Necronomicon","PreservedInsect","Pear","Ancient Tea Set","Runic Cube","Red Mask","Magic Flower","Pantograph","StoneCalendar","Smiling Mask","Gremlin Horn","Pen Nib","Juzu Bracelet","Blue Candle","Bronze Scales"],"potions_floor_usage":[6,16,22,27,29,42,48,50,55,55],"damage_taken":[{"damage":0,"enemies":"2 Louse","floor":1,"turns":3},{"damage":12,"enemies":"Jaw Worm","floor":3,"turns":4},{"damage":0,"enemies":"Small Slimes","floor":5,"turns":2},{"damage":17,"enemies":"3 Sentries","floor":6,"turns":7},{"damage":0,"enemies":"Looter","floor":10,"turns":2},{"damage":0,"enemies":"Large Slime","floor":11,"turns":2},{"damage":57,"enemies":"Hexaghost","floor":16,"turns":11},{"damage":20,"enemies":"2 Thieves","floor":18,"turns":3},{"damage":26,"enemies":"Shell Parasite","floor":20,"turns":4},{"damage":1,"enemies":"Cultist and Chosen","floor":22,"turns":3},{"damage":24,"enemies":"3 Cultists","floor":24,"turns":4},{"damage":0,"enemies":"Chosen and Byrds","floor":27,"turns":3},{"damage":0,"enemies":"Book of Stabbing","floor":29,"turns":2},{"damage":14,"enemies":"Centurion and Healer","floor":31,"turns":2},{"damage":16,"enemies":"Collector","floor":33,"turns":4},{"damage":7,"enemies":"3 Darklings","floor":35,"turns":3},{"damage":0,"enemies":"Orb Walker","floor":39,"turns":2},{"damage":28,"enemies":"Giant Head","floor":40,"turns":7},{"damage":33,"enemies":"Writhing Mass","floor":42,"turns":4},{"damage":1,"enemies":"Nemesis","floor":46,"turns":3},{"damage":0,"enemies":"3 Darklings","floor":47,"turns":1},{"damage":0,"enemies":"Reptomancer","floor":48,"turns":2},{"damage":71,"enemies":"Awakened One","floor":50,"turns":11},{"damage":0,"enemies":"Shield and Spear","floor":54,"turns":3},{"damage":82,"enemies":"The Heart","floor":55,"turns":4}],"seed_played":"-1586888081087728218","potions_obtained":[{"floor":5,"key":"AttackPotion"},{"floor":10,"key":"BloodPotion"},{"floor":16,"key":"Weak Potion"},{"floor":18,"key":"GamblersBrew"},{"floor":27,"key":"EssenceOfSteel"},{"floor":29,"key":"BloodPotion"},{"floor":33,"key":"SmokeBomb"},{"floor":42,"key":"Regen Potion"},{"floor":47,"key":"Explosive Potion"},{"floor":48,"key":"GamblersBrew"}],"is_trial":false,"path_per_floor":["M","?","M","?","M","E","R","$","T","M","M","?","?","?","R","B",null,"M","?","M","?","M","R","M","?","T","M","R","E","R","M","R","B",null,"M","?","$","?","M","E","R","M","T","?","R","E","M","E","R","B",null,"R","$","E","B"],"character_chosen":"IRONCLAD","items_purchased":["Vajra","Perfected Strike","Flame Barrier","Strength Potion"],"campfire_rested":2,"item_purchase_floors":[8,37,37,53],"current_hp_per_floor":[72,72,66,66,72,61,61,61,61,67,72,65,65,51,51,7,72,58,58,38,22,27,48,30,30,30,36,57,73,73,65,65,55,82,81,81,81,81,82,60,60,48,48,69,69,77,82,82,82,44,82,82,82,82,0],"gold":69,"neow_bonus":"RANDOM_COLORLESS_2","is_prod":false,"is_daily":false,"chose_seed":false,"campfire_upgraded":7,"win_rate":0,"timestamp":1545668848,"path_taken":["M","?","M","?","M","E","R","$","T","?","M","?","?","?","R","BOSS","M","?","M","?","M","R","M","?","T","M","R","E","R","M","R","BOSS","M","?","$","?","M","E","R","M","T","?","R","E","M","E","R","BOSS","R","$","E","BOSS"],"build_version":"2018-12-20","purchased_purges":2,"victory":false,"max_hp_per_floor":[72,72,72,72,72,72,72,72,72,72,72,72,72,72,72,72,72,72,72,72,72,72,72,72,72,72,72,72,82,82,82,82,82,82,82,82,82,82,82,82,82,82,82,82,82,82,82,82,82,82,82,82,82,82,82],"card_choices":[{"not_picked":["Warcry","Anger"],"picked":"Perfected Strike","floor":1},{"not_picked":["Rage","Dual Wield","Entrench"],"picked":"SKIP","floor":3},{"not_picked":["Armaments","Iron Wave","Blood for Blood"],"picked":"SKIP","floor":5},{"not_picked":["Thunderclap","Sever Soul"],"picked":"Shrug It Off","floor":6},{"not_picked":["Seeing Red","True Grit"],"picked":"Barricade","floor":10},{"not_picked":["Warcry","Cleave","Body Slam"],"picked":"SKIP","floor":11},{"not_picked":["Fiend Fire","Exhume"],"picked":"Immolate","floor":16},{"not_picked":["Iron Wave","Anger"],"picked":"Twin Strike","floor":18},{"not_picked":["Clash","Warcry"],"picked":"Perfected Strike","floor":20},{"not_picked":["Iron Wave","True Grit","Armaments"],"picked":"SKIP","floor":22},{"not_picked":["Clothesline","Thunderclap","Disarm"],"picked":"SKIP","floor":24},{"not_picked":["Thunderclap","Disarm"],"picked":"Clothesline","floor":24},{"not_picked":["Shrug It Off","Exhume"],"picked":"Perfected Strike+1","floor":27},{"not_picked":["Sever Soul","Carnage"],"picked":"Metallicize","floor":29},{"not_picked":["Anger","Intimidate","Reckless Charge"],"picked":"SKIP","floor":31},{"not_picked":["Berserk","Double Tap"],"picked":"Impervious","floor":33},{"not_picked":["Rampage+1","Iron Wave+1"],"picked":"Twin Strike+1","floor":35},{"not_picked":["Searing Blow+1","Rage","Second Wind+1"],"picked":"SKIP","floor":39},{"not_picked":["Reckless Charge","Havoc+1","Armaments"],"picked":"SKIP","floor":40},{"not_picked":["Intimidate","Flex","Iron Wave"],"picked":"SKIP","floor":42},{"not_picked":["Fiend Fire","Iron Wave"],"picked":"Power Through+1","floor":46},{"not_picked":["Shockwave","Clash+1","Cleave+1"],"picked":"SKIP","floor":47},{"not_picked":["True Grit+1","Second Wind"],"picked":"Perfected Strike+1","floor":48},{"not_picked":["Body Slam","Havoc","Carnage+1"],"picked":"SKIP","floor":54}],"player_experience":220956,"relics_obtained":[{"floor":6,"key":"Lantern"},{"floor":21,"key":"Necronomicon"},{"floor":26,"key":"PreservedInsect"},{"floor":29,"key":"Pear"},{"floor":29,"key":"Ancient Tea Set"},{"floor":40,"key":"Magic Flower"},{"floor":40,"key":"Pantograph"},{"floor":43,"key":"StoneCalendar"},{"floor":46,"key":"Smiling Mask"},{"floor":46,"key":"Gremlin Horn"},{"floor":48,"key":"Pen Nib"},{"floor":48,"key":"Juzu Bracelet"},{"floor":54,"key":"Blue Candle"},{"floor":54,"key":"Bronze Scales"}],"event_choices":[{"damage_healed":0,"gold_gain":0,"player_choice":"Left Gold","damage_taken":0,"max_hp_gain":0,"max_hp_loss":0,"event_name":"World of Goop","floor":2,"gold_loss":34},{"damage_healed":0,"gold_gain":0,"player_choice":"Grow","damage_taken":0,"max_hp_gain":0,"max_hp_loss":0,"event_name":"Living Wall","floor":4,"gold_loss":0,"cards_upgraded":["Perfected Strike"]},{"cards_removed":["Defend_R"],"damage_healed":0,"gold_gain":0,"player_choice":"Card Removal","damage_taken":7,"max_hp_gain":0,"max_hp_loss":0,"event_name":"Golden Wing","floor":12,"gold_loss":0},{"damage_healed":0,"gold_gain":0,"player_choice":"Ignored","damage_taken":0,"max_hp_gain":0,"max_hp_loss":0,"event_name":"Liars Game","floor":13,"gold_loss":0},{"damage_healed":0,"gold_gain":0,"player_choice":"Entered Light","damage_taken":14,"max_hp_gain":0,"max_hp_loss":0,"event_name":"Shining Light","floor":14,"gold_loss":0,"cards_upgraded":["Strike_R","Strike_R"]},{"damage_healed":0,"gold_gain":0,"player_choice":"Paid Fearfully","damage_taken":0,"max_hp_gain":0,"max_hp_loss":0,"event_name":"Masked Bandits","floor":19,"gold_loss":151},{"damage_healed":0,"gold_gain":0,"player_choice":"Obtained Book","damage_taken":16,"max_hp_gain":0,"max_hp_loss":0,"event_name":"Cursed Tome","floor":21,"gold_loss":0},{"damage_healed":0,"gold_gain":0,"player_choice":"Simplicity","damage_taken":0,"max_hp_gain":0,"max_hp_loss":0,"event_name":"Back to Basics","floor":25,"gold_loss":0,"cards_upgraded":["Strike_R","Strike_R","Strike_R","Defend_R","Defend_R","Defend_R"]},{"cards_removed":["Barricade"],"damage_healed":0,"gold_gain":0,"player_choice":"Removed Power","damage_taken":0,"max_hp_gain":0,"max_hp_loss":0,"event_name":"Falling","floor":36,"gold_loss":0},{"damage_healed":0,"gold_gain":0,"player_choice":"Paid","damage_taken":0,"relics_obtained":["Red Mask"],"max_hp_gain":0,"max_hp_loss":0,"event_name":"Tomb of Lord Red Mask","floor":38,"gold_loss":79},{"damage_healed":21,"gold_gain":0,"player_choice":"Writhe","damage_taken":0,"max_hp_gain":0,"max_hp_loss":0,"event_name":"Winding Halls","floor":44,"gold_loss":0,"cards_obtained":["Writhe"]}],"is_beta":false,"boss_relics":[{"not_picked":["White Beast Statue","Coffee Dripper"],"picked":"Black Star"},{"not_picked":["Snecko Eye","Calling Bell"],"picked":"Runic Cube"}],"items_purged_floors":[37,53],"is_endless":false,"potions_floor_spawned":[5,10,16,18,27,29,33,42,47,48],"killed_by":"The Heart","ascension_level":0}