{"gold_per_floor":[363,62,27,27,27,27,61,61,61,73,73,92,167,15,15,89,89,109,159,172,50,67,67,67,83,83,83,102,127,144,164,164,164],"floor_reached":33,"playtime":1123,"items_purged":["Pain"],"score":478,"play_id":"847eca96-2e1d-44fc-9e4b-4774b1d449bf","local_time":"20190102194847","is_ascension_mode":true,"campfire_choices":[{"data":"Carnage","floor":6,"key":"SMITH"},{"data":"Twin Strike","floor":8,"key":"SMITH"},{"data":"Bash","floor":11,"key":"SMITH"},{"data":"Defend_R","floor":15,"key":"SMITH"},{"data":"Ghostly Armor","floor":23,"key":"SMITH"},{"data":"Entrench","floor":27,"key":"SMITH"},{"data":"Demon Form","floor":32,"key":"SMITH"}],"neow_cost":"CURSE","seed_source_timestamp":2232078110431113,"circlet_count":0,"master_deck":["AscendersBane","Defend_R+1","Defend_R+1","Defend_R","Defend_R","Bash+1","Twin Strike+1","Carnage+1","Regret","Body Slam+1","Feed+1","Reaper+1","Shrug It Off","Ghostly Armor+1","Bite+1","Bite+1","Bite+1","Bite+1","Bite+1","Entrench+1","Headbutt+1","Demon Form+1"],"relics":["Burning Blood","Membership Card","Bronze Scales","Molten Egg 2","Ornamental Fan","Lee\u0027s Waffle","Velvet Choker","Vajra","Paper Frog","Bag of Marbles"],"potions_floor_usage":[18,33],"damage_taken":[{"damage":17,"enemies":"Small Slimes","floor":1,"turns":3},{"damage":21,"enemies":"3 Sentries","floor":7,"turns":8},{"damage":10,"enemies":"Jaw Worm","floor":10,"turns":2},{"damage":0,"enemies":"Cultist","floor":12,"turns":2},{"damage":55,"enemies":"Slime Boss","floor":16,"turns":8},{"damage":24,"enemies":"Spheric Guardian","floor":18,"turns":4},{"damage":12,"enemies":"3 Byrds","floor":20,"turns":4},{"damage":34,"enemies":"Snake Plant","floor":22,"turns":4},{"damage":6,"enemies":"Cultist and Chosen","floor":25,"turns":5},{"damage":4,"enemies":"Centurion and Healer","floor":28,"turns":8},{"damage":24,"enemies":"Shelled Parasite and Fungi","floor":30,"turns":3},{"damage":41,"enemies":"Sentry and Sphere","floor":31,"turns":6},{"damage":108,"enemies":"Champ","floor":33,"turns":11}],"seed_played":"9056967824871737562","potions_obtained":[{"floor":1,"key":"Swift Potion"},{"floor":7,"key":"PowerPotion"},{"floor":20,"key":"GamblersBrew"},{"floor":25,"key":"Energy Potion"}],"is_trial":false,"path_per_floor":["M","$","?","?","?","R","E","R","T","M","R","M","?","$","R","B",null,"M","?","M","$","M","R","?","M","T","R","M","T","M","M","R","B"],"character_chosen":"IRONCLAD","items_purchased":["Membership Card","Carnage","Lee\u0027s Waffle","Feed+1","Vajra","Ghostly Armor"],"campfire_rested":0,"item_purchase_floors":[2,2,14,14,21,21],"current_hp_per_floor":[57,57,75,52,52,52,37,37,37,33,33,39,28,82,82,37,74,56,56,56,56,34,34,34,59,59,59,68,68,60,50,50,0],"gold":164,"neow_bonus":"TWO_FIFTY_GOLD","is_prod":false,"is_daily":false,"chose_seed":false,"campfire_upgraded":7,"win_rate":0,"timestamp":1546454927,"path_taken":["M","$","?","?","?","R","E","R","T","M","R","M","?","$","R","BOSS","M","?","M","$","?","R","?","M","T","R","M","?","M","M","R","BOSS"],"build_version":"2018-12-20","purchased_purges":1,"victory":false,"max_hp_per_floor":[75,75,75,75,75,75,75,75,75,75,75,75,75,82,82,86,86,86,86,86,86,86,86,60,64,64,64,68,68,72,76,76,76],"card_choices":[{"not_picked":["Pummel","Clothesline"],"picked":"Twin Strike","floor":1},{"not_picked":["Cleave","Reckless Charge","Sentinel"],"picked":"SKIP","floor":7},{"not_picked":["Shockwave","Shrug It Off"],"picked":"Body Slam+1","floor":10},{"not_picked":["Second Wind","Twin Strike+1","Rupture"],"picked":"SKIP","floor":12},{"not_picked":["Limit Break","Exhume"],"picked":"Reaper+1","floor":16},{"not_picked":["Thunderclap+1","True Grit"],"picked":"Shrug It Off","floor":18},{"not_picked":["Warcry","Feel No Pain","Blood for Blood+1"],"picked":"SKIP","floor":20},{"not_picked":["Havoc","Clash+1","Hemokinesis+1"],"picked":"SKIP","floor":22},{"not_picked":["Armaments","Power Through"],"picked":"Entrench","floor":25},{"not_picked":["True Grit","Anger+1"],"picked":"Headbutt+1","floor":28},{"not_picked":["Seeing Red","Flex"],"picked":"Demon Form","floor":30},{"not_picked":["Twin Strike+1","Clash+1","Sword Boomerang+1"],"picked":"SKIP","floor":31}],"player_experience":662135,"relics_obtained":[{"floor":7,"key":"Molten Egg 2"},{"floor":9,"key":"Ornamental Fan"},{"floor":26,"key":"Paper Frog"},{"floor":29,"key":"Bag of Marbles"}],"event_choices":[{"damage_healed":18,"gold_gain":0,"player_choice":"Healed","damage_taken":0,"max_hp_gain":0,"max_hp_loss":0,"event_name":"The Cleric","floor":3,"gold_loss":35},{"damage_healed":0,"gold_gain":0,"player_choice":"Entered Light","damage_taken":23,"max_hp_gain":0,"max_hp_loss":0,"event_name":"Shining Light","floor":4,"gold_loss":0,"cards_upgraded":["Defend_R","Strike_R"]},{"damage_healed":0,"gold_gain":0,"player_choice":"Box","damage_taken":0,"relics_obtained":["Bronze Scales"],"max_hp_gain":0,"max_hp_loss":0,"event_name":"Big Fish","floor":5,"gold_loss":0,"cards_obtained":["Regret"]},{"damage_healed":0,"gold_gain":75,"player_choice":"Gather Gold","damage_taken":11,"max_hp_gain":0,"max_hp_loss":0,"event_name":"World of Goop","floor":13,"gold_loss":0},{"damage_healed":0,"gold_gain":100,"player_choice":"Bet on Murderer","damage_taken":0,"max_hp_gain":0,"max_hp_loss":0,"event_name":"The Joust","floor":19,"gold_loss":50},{"damage_healed":0,"gold_gain":0,"player_choice":"Became a vampire","damage_taken":0,"max_hp_gain":0,"max_hp_loss":26,"event_name":"Vampires","floor":24,"gold_loss":0,"cards_obtained":["Bite","Bite","Bite","Bite","Bite"]}],"is_beta":false,"boss_relics":[{"not_picked":["Runic Cube","Runic Dome"],"picked":"Velvet Choker"}],"items_purged_floors":[2],"is_endless":false,"potions_floor_spawned":[1,7,10,20,25,30,31],"killed_by":"Champ","ascension_level":17}