{"gold_per_floor":[111,129,129,144,39,39,11,11,38,38,38,38,38,81,81,81],"floor_reached":16,"playtime":481,"items_purged":[],"score":187,"play_id":"3d015cc2-fcb6-4322-a9ec-ef6503803156","local_time":"20190116133046","is_ascension_mode":true,"campfire_choices":[{"data":"Blind","floor":6,"key":"SMITH"},{"data":"Armaments","floor":10,"key":"SMITH"},{"data":"Havoc","floor":12,"key":"SMITH"},{"data":"Fire Breathing","floor":15,"key":"SMITH"}],"neow_cost":"NONE","seed_source_timestamp":3419624948013783,"circlet_count":0,"master_deck":["AscendersBane","Strike_R","Strike_R","Strike_R","Strike_R","Strike_R","Defend_R","Defend_R","Defend_R","Defend_R","Bash","Fire Breathing+1","Body Slam+1","Havoc+1","Blind+1","Armaments+1","Clash"],"relics":["Burning Blood","Golden Idol","Blood Vial","FaceOfCleric","Darkstone Periapt"],"potions_floor_usage":[],"damage_taken":[{"damage":10,"enemies":"2 Louse","floor":1,"turns":2},{"damage":7,"enemies":"Cultist","floor":2,"turns":4},{"damage":16,"enemies":"Jaw Worm","floor":4,"turns":5},{"damage":37,"enemies":"Lagavulin","floor":14,"turns":7},{"damage":41,"enemies":"Slime Boss","floor":16,"turns":6}],"seed_played":"8973605465254455266","potions_obtained":[{"floor":1,"key":"Strength Potion"},{"floor":14,"key":"Energy Potion"}],"is_trial":false,"path_per_floor":["M","M","?","M","$","R","$","?","T","R","?","R","?","E","R","B"],"character_chosen":"IRONCLAD","items_purchased":["Blind","Armaments"],"campfire_rested":0,"item_purchase_floors":[5,7],"current_hp_per_floor":[71,70,70,60,60,60,60,60,60,60,60,60,60,32,32,0],"gold":81,"neow_bonus":"TEN_PERCENT_HP_BONUS","is_prod":false,"is_daily":false,"chose_seed":false,"campfire_upgraded":4,"win_rate":0,"timestamp":1547641846,"path_taken":["M","M","?","?","?","R","$","?","T","R","?","R","?","E","R","BOSS"],"build_version":"2019-01-10","purchased_purges":0,"victory":false,"max_hp_per_floor":[82,82,82,82,82,82,82,74,74,74,74,74,74,75,75,75],"card_choices":[{"not_picked":["Body Slam","Cleave"],"picked":"Fire Breathing","floor":1},{"not_picked":["Pummel","Havoc"],"picked":"Body Slam","floor":2},{"not_picked":["Intimidate","Wild Strike"],"picked":"Havoc","floor":4},{"not_picked":["Dark Embrace","Flame Barrier"],"picked":"Clash","floor":14}],"player_experience":747444,"relics_obtained":[{"floor":9,"key":"Blood Vial"},{"floor":14,"key":"Darkstone Periapt"}],"event_choices":[{"damage_healed":0,"gold_gain":0,"player_choice":"0 cards matched","damage_taken":0,"max_hp_gain":0,"max_hp_loss":0,"event_name":"Match and Keep!","floor":3,"gold_loss":0,"cards_obtained":[]},{"damage_healed":0,"gold_gain":0,"player_choice":"Lose Max HP","damage_taken":0,"relics_obtained":["Golden Idol"],"max_hp_gain":0,"max_hp_loss":8,"event_name":"Golden Idol","floor":8,"gold_loss":0},{"damage_healed":0,"gold_gain":0,"player_choice":"Grow","damage_taken":0,"max_hp_gain":0,"max_hp_loss":0,"event_name":"Living Wall","floor":11,"gold_loss":0,"cards_upgraded":["Body Slam"]},{"damage_healed":0,"gold_gain":0,"player_choice":"Trade","damage_taken":0,"relics_obtained":["FaceOfCleric"],"max_hp_gain":0,"max_hp_loss":0,"event_name":"FaceTrader","floor":13,"gold_loss":0}],"is_beta":false,"boss_relics":[],"items_purged_floors":[],"is_endless":false,"potions_floor_spawned":[1,14],"killed_by":"Slime Boss","ascension_level":19}