{"gold_per_floor":[110,110,35,35,53,53,53,128,173,200,216,234,234,234,234,330,330,347,447,347,359,234,234,259,283,336,356,356,356,356,374,374,374],"floor_reached":33,"playtime":688,"items_purged":["Defend_R","Defend_R","Strike_R"],"score":286,"play_id":"053da9fa-a1b2-42f4-a8b5-99c447255c3d","local_time":"20190130233655","is_ascension_mode":false,"campfire_choices":[{"data":"Carnage","floor":6,"key":"SMITH"},{"data":"Strike_R","floor":13,"key":"SMITH"},{"data":"Defend_R","floor":15,"key":"SMITH"},{"data":"Feed","floor":23,"key":"SMITH"},{"floor":28,"key":"REST"},{"floor":32,"key":"REST"}],"neow_cost":"NONE","seed_source_timestamp":96722816288104,"circlet_count":0,"master_deck":["Strike_R","Strike_R+1","Defend_R+1","Defend_R","Bash","Carnage+1","Feed+1"],"relics":["Burning Blood","NeowsBlessing","Orichalcum","Happy Flower","Red Skull","Lizard Tail","Blue Candle","Potion Belt","Dream Catcher"],"potions_floor_usage":[16,16,16,16,30,31,33],"damage_taken":[{"damage":0,"enemies":"Jaw Worm","floor":1,"turns":1},{"damage":0,"enemies":"2 Louse","floor":5,"turns":1},{"damage":0,"enemies":"Lagavulin","floor":10,"turns":1},{"damage":0,"enemies":"Small Slimes","floor":11,"turns":2},{"damage":0,"enemies":"3 Louse","floor":12,"turns":3},{"damage":47,"enemies":"Hexaghost","floor":16,"turns":8},{"damage":2,"enemies":"Chosen","floor":18,"turns":3},{"damage":0,"enemies":"Spheric Guardian","floor":21,"turns":3},{"damage":60,"enemies":"Gremlin Leader","floor":24,"turns":7},{"damage":15,"enemies":"Centurion and Healer","floor":27,"turns":4},{"damage":21,"enemies":"Colosseum Slavers","floor":30,"turns":3},{"damage":28,"enemies":"Snake Plant","floor":31,"turns":4},{"damage":72,"enemies":"Collector","floor":33,"turns":6}],"seed_played":"8224074621342408038","potions_obtained":[{"floor":5,"key":"EntropicBrew"},{"floor":10,"key":"EssenceOfSteel"},{"floor":12,"key":"SteroidPotion"},{"floor":21,"key":"EssenceOfSteel"},{"floor":27,"key":"PowerPotion"}],"is_trial":false,"path_per_floor":["M","?","$","?","M","R","?","?","T","E","M","M","R","T","R","B",null,"M","?","$","M","$","R","E","T","T","M","R","?","?","M","R","B"],"character_chosen":"IRONCLAD","items_purchased":[],"campfire_rested":2,"item_purchase_floors":[],"current_hp_per_floor":[80,80,80,80,80,80,73,65,65,71,77,80,80,80,80,39,80,80,80,80,80,80,80,26,26,26,21,46,46,35,26,53,31],"gold":374,"neow_bonus":"THREE_ENEMY_KILL","is_prod":false,"is_daily":false,"chose_seed":false,"campfire_upgraded":4,"win_rate":0,"timestamp":1548904015,"path_taken":["M","?","$","?","M","R","?","?","T","E","M","?","R","?","R","BOSS","M","?","$","?","$","R","E","?","T","M","R","?","?","M","R","BOSS"],"build_version":"2019-01-23","purchased_purges":3,"victory":false,"max_hp_per_floor":[80,80,80,80,80,80,80,80,80,80,80,80,80,80,80,80,80,80,80,80,80,80,80,80,80,80,84,84,84,88,92,92,92],"card_choices":[{"not_picked":["Pommel Strike","Thunderclap","Wild Strike"],"picked":"SKIP","floor":1},{"not_picked":["Twin Strike","Shockwave"],"picked":"Carnage","floor":5},{"not_picked":["Feel No Pain","Entrench","Clothesline"],"picked":"SKIP","floor":10},{"not_picked":["Thunderclap","Headbutt","Havoc"],"picked":"SKIP","floor":11},{"not_picked":["True Grit","Feel No Pain","Headbutt"],"picked":"SKIP","floor":12},{"not_picked":["Reaper","Dark Embrace"],"picked":"Feed","floor":16},{"not_picked":["True Grit","Cleave+1","Warcry"],"picked":"SKIP","floor":18},{"not_picked":["Uppercut","Entrench","Anger"],"picked":"SKIP","floor":21},{"not_picked":["Clash","Second Wind+1","Fire Breathing"],"picked":"SKIP","floor":24},{"not_picked":["Fire Breathing","Cleave","Headbutt"],"picked":"SKIP","floor":27},{"not_picked":["Headbutt+1","Pommel Strike","Inflame+1"],"picked":"SKIP","floor":31}],"player_experience":287105,"relics_obtained":[{"floor":9,"key":"Orichalcum"},{"floor":10,"key":"Happy Flower"},{"floor":14,"key":"Red Skull"},{"floor":24,"key":"Blue Candle"},{"floor":25,"key":"Potion Belt"},{"floor":26,"key":"Dream Catcher"}],"event_choices":[{"cards_removed":["Strike_R"],"damage_healed":0,"gold_gain":0,"player_choice":"Forget","damage_taken":0,"max_hp_gain":0,"max_hp_loss":0,"event_name":"Living Wall","floor":2,"gold_loss":0},{"damage_healed":0,"gold_gain":0,"player_choice":"Ignored","damage_taken":0,"max_hp_gain":0,"max_hp_loss":0,"event_name":"Liars Game","floor":4,"gold_loss":0},{"cards_removed":["Strike_R"],"damage_healed":0,"gold_gain":0,"player_choice":"Card Removal","damage_taken":7,"max_hp_gain":0,"max_hp_loss":0,"event_name":"Golden Wing","floor":7,"gold_loss":0},{"damage_healed":0,"gold_gain":75,"player_choice":"Touch","damage_taken":8,"max_hp_gain":0,"max_hp_loss":0,"event_name":"FaceTrader","floor":8,"gold_loss":0},{"damage_healed":0,"gold_gain":100,"player_choice":"Pray","damage_taken":0,"max_hp_gain":0,"max_hp_loss":0,"event_name":"Golden Shrine","floor":19,"gold_loss":0},{"damage_healed":0,"gold_gain":0,"player_choice":"Ignored","damage_taken":0,"max_hp_gain":0,"max_hp_loss":0,"event_name":"The Mausoleum","floor":29,"gold_loss":0},{"damage_healed":0,"gold_gain":0,"player_choice":"Fight","damage_taken":0,"max_hp_gain":0,"max_hp_loss":0,"event_name":"Colosseum","floor":30,"gold_loss":0},{"damage_healed":0,"gold_gain":0,"player_choice":"Fled From Nobs","damage_taken":0,"max_hp_gain":0,"max_hp_loss":0,"event_name":"Colosseum","floor":30,"gold_loss":0}],"is_beta":false,"boss_relics":[{"not_picked":["Ectoplasm","Eternal Feather"],"picked":"Lizard Tail"}],"items_purged_floors":[3,20,22],"is_endless":false,"potions_floor_spawned":[5,10,12,21,27,30],"killed_by":"Collector","ascension_level":0}