{"gold_per_floor":[119,134,234,70,81,81,94,94,164,174,200,200,233,96,96,199,249,262,274,149,161,194,194,119,131,131,142,232,35,50,64,64,168,168,182,182,202,202,150,150,168,168,194,208,208,218,440,457,457,457],"floor_reached":50,"playtime":3452,"items_purged":["Strike_R","Strike_R","Strike_R","Defend_R"],"score":481,"play_id":"e949fa94-5bbd-4829-a889-9ba01ffe42f0","local_time":"20180722205856","is_ascension_mode":false,"campfire_choices":[{"data":"Flash of Steel","floor":6,"key":"SMITH"},{"data":"Anger","floor":8,"key":"SMITH"},{"data":"Metallicize","floor":15,"key":"SMITH"},{"data":"Shrug It Off","floor":23,"key":"SMITH"},{"floor":32,"key":"REST"},{"data":"Anger","floor":40,"key":"SMITH"},{"data":"Flex","floor":42,"key":"SMITH"},{"data":"Shrug It Off","floor":45,"key":"SMITH"},{"data":"Rampage","floor":49,"key":"SMITH"}],"neow_cost":"TEN_PERCENT_HP_LOSS","seed_source_timestamp":636913156559830,"circlet_count":0,"master_deck":["Defend_R+1","Defend_R+1","Bash","Shrug It Off+1","Flash of Steel+1","Cleave","Anger+1","Battle Trance+1","Metallicize+1","Limit Break","Warcry","Fire Breathing+1","Shrug It Off+1","Anger+1","Flex+1","Fire Breathing+1","Rampage+1"],"relics":["Burning Blood","Ornamental Fan","Pen Nib","War Paint","Tiny House","Red Mask","Anchor","Black Star","Bag of Preparation"],"potions_floor_usage":[50,50],"damage_taken":[{"damage":3,"enemies":"Cultist","floor":1,"turns":5},{"damage":4,"enemies":"2 Louse","floor":2,"turns":4},{"damage":0,"enemies":"Small Slimes","floor":5,"turns":6},{"damage":7,"enemies":"2 Fungi Beasts","floor":7,"turns":3},{"damage":5,"enemies":"Lots of Slimes","floor":10,"turns":3},{"damage":3,"enemies":"3 Sentries","floor":11,"turns":7},{"damage":5,"enemies":"Lagavulin","floor":13,"turns":5},{"damage":16,"enemies":"The Guardian","floor":16,"turns":8},{"damage":7,"enemies":"3 Byrds","floor":18,"turns":5},{"damage":12,"enemies":"2 Thieves","floor":19,"turns":5},{"damage":7,"enemies":"Slaver and Parasite","floor":21,"turns":5},{"damage":20,"floor":22,"turns":5},{"damage":0,"enemies":"Centurion and Healer","floor":25,"turns":4},{"damage":7,"enemies":"Snake Plant","floor":27,"turns":4},{"damage":1,"enemies":"Chosen and Byrds","floor":30,"turns":6},{"damage":0,"enemies":"Centurion and Healer","floor":31,"turns":4},{"damage":41,"enemies":"Automaton","floor":33,"turns":9},{"damage":0,"enemies":"Flame Bruiser 1 Orb","floor":35,"turns":8},{"damage":7,"enemies":"3 Darklings","floor":37,"turns":4},{"damage":11,"enemies":"Spire Growth","floor":41,"turns":4},{"damage":6,"enemies":"4 Shapes","floor":44,"turns":5},{"damage":16,"enemies":"Sphere and 2 Shapes","floor":46,"turns":4},{"damage":0,"enemies":"Transient","floor":48,"turns":5},{"damage":98,"enemies":"Time Eater","floor":50,"turns":9}],"seed_played":"9072567522623546182","potions_obtained":[{"floor":2,"key":"Dexterity Potion"},{"floor":5,"key":"Dexterity Potion"},{"floor":13,"key":"SkillPotion"},{"floor":17,"key":"FairyPotion"},{"floor":22,"key":"Fire Potion"},{"floor":35,"key":"LiquidBronze"}],"is_trial":false,"path_per_floor":["M","M","?","$","M","R","M","R","T","M","E","?","E","$","R","B",null,"M","M","$","M","?","R","?","M","T","M","?","$","M","M","R","B",null,"M","$","M","?","$","R","M","R","T","M","R","M","?","M","R"],"character_chosen":"IRONCLAD","items_purchased":["Flash of Steel","Metallicize","Shrug It Off","Flex"],"campfire_rested":1,"item_purchase_floors":[4,14,29,39],"current_hp_per_floor":[72,72,72,72,72,72,71,71,71,72,72,77,77,77,77,67,82,81,75,75,74,60,60,60,66,66,65,49,49,54,60,82,47,82,82,82,81,81,81,81,76,76,76,76,76,66,66,72,72,0],"gold":457,"neow_bonus":"REMOVE_TWO","is_prod":false,"is_daily":false,"chose_seed":false,"campfire_upgraded":8,"win_rate":0.0,"timestamp":1532264336,"path_taken":["M","M","?","$","M","R","M","R","T","M","E","?","E","$","R","BOSS","M","M","$","M","?","R","?","M","T","M","?","$","M","M","R","BOSS","M","$","M","?","?","R","M","R","T","M","R","M","?","M","R","BOSS"],"build_version":"2018-07-19v2","purchased_purges":4,"victory":false,"max_hp_per_floor":[72,72,72,72,72,72,72,72,72,72,72,77,77,77,77,77,82,82,82,82,82,82,82,82,82,82,82,82,82,82,82,82,82,82,82,82,82,82,82,82,82,82,82,82,82,82,82,82,82,82],"card_choices":[{"not_picked":["Pommel Strike","Sever Soul","Iron Wave"],"picked":"SKIP","floor":1},{"not_picked":["Twin Strike","Clash"],"picked":"Shrug It Off","floor":2},{"not_picked":["Twin Strike","Disarm"],"picked":"Cleave","floor":5},{"not_picked":["Reckless Charge","Second Wind"],"picked":"Anger","floor":7},{"not_picked":["Wild Strike","Impervious","Entrench"],"picked":"SKIP","floor":10},{"not_picked":["Combust","Twin Strike","Clash"],"picked":"SKIP","floor":11},{"not_picked":["Thunderclap","Sword Boomerang"],"picked":"Battle Trance","floor":13},{"not_picked":["Offering","Reaper"],"picked":"Limit Break","floor":16},{"not_picked":["True Grit","Evolve"],"picked":"Warcry","floor":18},{"not_picked":["Carnage","Flame Barrier","Hemokinesis"],"picked":"SKIP","floor":19},{"not_picked":["Sword Boomerang","Entrench","Wild Strike"],"picked":"SKIP","floor":21},{"not_picked":["Clash","Clothesline+1","Shockwave"],"picked":"SKIP","floor":25},{"not_picked":["Bloodletting","Infernal Blade"],"picked":"Fire Breathing+1","floor":27},{"not_picked":["Perfected Strike+1","Armaments","Second Wind+1"],"picked":"SKIP","floor":30},{"not_picked":["Cleave","Bludgeon"],"picked":"Anger","floor":31},{"not_picked":["True Grit","Reckless Charge","Power Through+1"],"picked":"SKIP","floor":35},{"not_picked":["Thunderclap+1","Iron Wave+1","Wild Strike"],"picked":"SKIP","floor":37},{"not_picked":["Thunderclap+1","Sword Boomerang","Iron Wave"],"picked":"SKIP","floor":41},{"not_picked":["Feel No Pain","Clothesline+1","Bludgeon"],"picked":"SKIP","floor":44},{"not_picked":["Searing Blow+1","Combust+1"],"picked":"Fire Breathing+1","floor":46},{"not_picked":["Searing Blow+1","Whirlwind"],"picked":"Rampage","floor":48}],"player_experience":53099,"relics_obtained":[{"floor":9,"key":"Ornamental Fan"},{"floor":11,"key":"Pen Nib"},{"floor":13,"key":"War Paint"},{"floor":22,"key":"Red Mask"},{"floor":26,"key":"Anchor"},{"floor":43,"key":"Bag of Preparation"}],"event_choices":[{"event_name":"Golden Shrine","player_choice":"Pray","floor":3,"damage_taken":0},{"event_name":"Big Fish","player_choice":"Donut","floor":12,"damage_taken":0},{"event_name":"Masked Bandits","player_choice":"Fought over 161 gold","floor":22,"damage_taken":0},{"event_name":"Beggar","player_choice":"Gave Gold","floor":24,"damage_taken":0},{"event_name":"Knowing Skull","player_choice":"GOLD ","floor":28,"damage_taken":0},{"event_name":"Mysterious Sphere","player_choice":"Ignore","floor":38,"damage_taken":0},{"event_name":"Tomb of Lord Red Mask","player_choice":"Wore Mask","floor":47,"damage_taken":0}],"is_beta":false,"boss_relics":[{"not_picked":["Astrolabe","Mark of Pain"],"picked":"Tiny House"},{"not_picked":["Runic Pyramid","Snecko Eye"],"picked":"Black Star"}],"items_purged_floors":[4,14,20,29],"is_endless":false,"potions_floor_spawned":[2,5,13,18,22,27,35,44,48],"killed_by":"Time Eater","ascension_level":0}