{"gold_per_floor":[118,118,43,9,9,9,42,55,105,120,150,163,189,200,200,300,300,316,316,334,360,52,52,68,93,176,188,200,225,271,40,40,144,194,208,208,283,295,306,332,332,362,386,386,43,43,43,58,58,58],"floor_reached":51,"playtime":3328,"items_purged":["Strike_G","Regret"],"score":1103,"play_id":"ff0d70dd-f2a6-419b-b17e-464172c3d208","local_time":"20190131172704","is_ascension_mode":true,"campfire_choices":[{"data":"Crippling Poison","floor":6,"key":"SMITH"},{"data":"After Image","floor":15,"key":"SMITH"},{"floor":23,"key":"REST"},{"floor":27,"key":"REST"},{"data":"Trip","floor":32,"key":"SMITH"},{"data":"Glass Knife","floor":41,"key":"SMITH"},{"floor":44,"key":"DIG"},{"floor":49,"key":"REST"}],"neow_cost":"NONE","seed_source_timestamp":187289248062724,"circlet_count":0,"master_deck":["Defend_G","Defend_G+1","Defend_G","Defend_G+1","Defend_G","Strike_G","Strike_G","Strike_G","Survivor+1","Neutralize","Eviscerate","Trip+1","Crippling Poison+1","Distraction+1","Bane","After Image+1","Backflip+1","Poisoned Stab","Burst+1","Corpse Explosion+1","Escape Plan+1","Calculated Gamble+1","All Out Attack+1","Concentrate+1","Crippling Poison+1","Catalyst+1","Adrenaline+1","Concentrate+1","Glass Knife+1","Underhanded Strike+1","Terror+1","Prepared+1","Panache"],"relics":["Ring of the Snake","NeowsBlessing","Bag of Preparation","Toxic Egg 2","Blood Vial","Centennial Puzzle","Unceasing Top","Black Star","Red Mask","TwistedFunnel","Mercury Hourglass","MawBank","Bottled Lightning","Pantograph","Bag of Marbles","Sundial","Tiny House","Darkstone Periapt","Gremlin Horn","Potion Belt","Shovel","War Paint","Boot","Regal Pillow","Art of War","ClockworkSouvenir"],"potions_floor_usage":[13,16,18,21,30,50,50,50,50],"damage_taken":[{"damage":0,"enemies":"Cultist","floor":1,"turns":1},{"damage":0,"enemies":"Lagavulin","floor":7,"turns":1},{"damage":0,"enemies":"Small Slimes","floor":8,"turns":1},{"damage":0,"enemies":"Jaw Worm","floor":10,"turns":4},{"damage":24,"enemies":"Gremlin Nob","floor":11,"turns":5},{"damage":4,"enemies":"Exordium Thugs","floor":12,"turns":7},{"damage":3,"enemies":"Lagavulin","floor":13,"turns":5},{"damage":0,"enemies":"Blue Slaver","floor":14,"turns":4},{"damage":40,"enemies":"Hexaghost","floor":16,"turns":12},{"damage":19,"enemies":"2 Thieves","floor":18,"turns":2},{"damage":10,"enemies":"Spheric Guardian","floor":20,"turns":4},{"damage":7,"enemies":"Masked Bandits","floor":21,"turns":3},{"damage":0,"enemies":"Centurion and Healer","floor":24,"turns":4},{"damage":22,"enemies":"Book of Stabbing","floor":25,"turns":6},{"damage":0,"enemies":"Shelled Parasite and Fungi","floor":29,"turns":2},{"damage":0,"enemies":"Slavers","floor":30,"turns":2},{"damage":13,"enemies":"Collector","floor":33,"turns":4},{"damage":9,"enemies":"3 Darklings","floor":35,"turns":3},{"damage":0,"enemies":"3 Shapes","floor":38,"turns":1},{"damage":0,"enemies":"Jaw Worm Horde","floor":39,"turns":1},{"damage":7,"enemies":"Reptomancer","floor":40,"turns":4},{"damage":0,"enemies":"Giant Head","floor":42,"turns":4},{"damage":10,"enemies":"3 Darklings","floor":48,"turns":3},{"damage":39,"enemies":"Time Eater","floor":50,"turns":9}],"seed_played":"-2342505942962485055","potions_obtained":[{"floor":7,"key":"EssenceOfSteel"},{"floor":8,"key":"Energy Potion"},{"floor":10,"key":"Strength Potion"},{"floor":16,"key":"Weak Potion"},{"floor":25,"key":"SteroidPotion"},{"floor":29,"key":"SkillPotion"},{"floor":34,"key":"Ancient Potion"},{"floor":38,"key":"Ancient Potion"},{"floor":48,"key":"Dexterity Potion"}],"is_trial":false,"path_per_floor":["M","?","$","$","?","R","E","M","T","M","E","M","E","M","R","B",null,"M","?","M","?","$","R","M","E","T","R","?","M","E","$","R","B",null,"M","T","?","M","M","E","R","E","T","R","$","$","?","M","R","B",null],"character_chosen":"THE_SILENT","items_purchased":["Crippling Poison","TwistedFunnel","Sundial","Art of War","ClockworkSouvenir"],"campfire_rested":3,"item_purchase_floors":[4,22,31,45,45],"current_hp_per_floor":[70,70,70,70,70,70,70,70,70,70,46,44,43,45,45,7,70,51,38,30,25,25,47,49,29,29,51,51,53,55,55,55,62,80,71,71,63,65,67,62,62,64,64,64,64,64,64,56,80,41],"gold":58,"neow_bonus":"THREE_ENEMY_KILL","is_prod":false,"is_daily":false,"chose_seed":false,"campfire_upgraded":4,"win_rate":0,"timestamp":1548923224,"path_taken":["M","?","?","$","?","R","E","M","T","?","E","M","E","M","R","BOSS","M","?","M","?","$","R","M","E","T","R","?","M","E","$","R","BOSS","M","?","?","?","M","E","R","E","T","R","?","$","?","M","R","BOSS"],"build_version":"2019-01-23","purchased_purges":2,"victory":true,"max_hp_per_floor":[70,70,70,70,70,70,70,70,70,70,70,70,70,70,70,70,70,70,75,75,75,75,75,75,75,75,75,75,75,75,75,75,75,80,80,80,80,80,80,80,80,80,80,80,80,80,80,80,80,80],"card_choices":[{"not_picked":["Underhanded Strike","Dagger Throw"],"picked":"Eviscerate","floor":1},{"not_picked":["Dodge and Roll","Sucker Punch"],"picked":"Distraction","floor":7},{"not_picked":["Riddle With Holes","Dagger Spray"],"picked":"Bane","floor":8},{"not_picked":["Backflip+1","PiercingWail+1"],"picked":"After Image","floor":10},{"not_picked":["Quick Slash","PiercingWail+1"],"picked":"Backflip+1","floor":11},{"not_picked":["Acrobatics+1","Sucker Punch"],"picked":"Poisoned Stab","floor":12},{"not_picked":["Dagger Spray","Blade Dance+1"],"picked":"Burst+1","floor":13},{"not_picked":["Poisoned Stab","Cloak And Dagger+1","Eviscerate"],"picked":"SKIP","floor":14},{"not_picked":["Doppelganger+1","After Image"],"picked":"Corpse Explosion+1","floor":16},{"not_picked":["Cloak And Dagger+1","Sucker Punch"],"picked":"Escape Plan+1","floor":18},{"not_picked":["Slice+1","PiercingWail+1"],"picked":"Calculated Gamble+1","floor":20},{"not_picked":["Blade Dance+1","Terror+1"],"picked":"All Out Attack+1","floor":21},{"not_picked":["PiercingWail+1","Underhanded Strike","Slice+1"],"picked":"SKIP","floor":24},{"not_picked":["Backflip+1","Blade Dance+1"],"picked":"Concentrate+1","floor":25},{"not_picked":["Acrobatics+1","Riddle With Holes"],"picked":"Crippling Poison+1","floor":29},{"not_picked":["Malaise+1","Acrobatics+1"],"picked":"Catalyst+1","floor":30},{"not_picked":["Burst+1","Die Die Die"],"picked":"Adrenaline+1","floor":33},{"not_picked":["Sucker Punch","Accuracy"],"picked":"Concentrate+1","floor":34},{"not_picked":["Dodge and Roll+1","Cloak And Dagger+1","PiercingWail+1"],"picked":"SKIP","floor":35},{"not_picked":["Deadly Poison+1","Accuracy"],"picked":"Glass Knife","floor":38},{"not_picked":["Deflect+1","Backflip+1"],"picked":"Underhanded Strike+1","floor":39},{"not_picked":["Flying Knee","Quick Slash+1"],"picked":"Terror+1","floor":40},{"not_picked":["Outmaneuver+1","Slice+1"],"picked":"Prepared+1","floor":42},{"not_picked":["Purity+1","HandOfGreed"],"picked":"Panache","floor":47},{"not_picked":["Quick Slash+1","Bane","Finisher"],"picked":"SKIP","floor":48}],"player_experience":132358,"relics_obtained":[{"floor":7,"key":"Toxic Egg 2"},{"floor":9,"key":"Blood Vial"},{"floor":11,"key":"Centennial Puzzle"},{"floor":13,"key":"Unceasing Top"},{"floor":21,"key":"Red Mask"},{"floor":25,"key":"Mercury Hourglass"},{"floor":25,"key":"MawBank"},{"floor":26,"key":"Bottled Lightning"},{"floor":30,"key":"Pantograph"},{"floor":30,"key":"Bag of Marbles"},{"floor":36,"key":"Darkstone Periapt"},{"floor":40,"key":"Gremlin Horn"},{"floor":40,"key":"Potion Belt"},{"floor":42,"key":"Shovel"},{"floor":42,"key":"War Paint"},{"floor":43,"key":"Boot"},{"floor":44,"key":"Regal Pillow"}],"event_choices":[{"damage_healed":0,"gold_gain":0,"player_choice":"1 cards matched","damage_taken":0,"max_hp_gain":0,"max_hp_loss":0,"event_name":"Match and Keep!","floor":2,"gold_loss":0,"cards_obtained":["Trip"]},{"damage_healed":0,"gold_gain":0,"player_choice":"Box","damage_taken":0,"relics_obtained":["Bag of Preparation"],"max_hp_gain":0,"max_hp_loss":0,"event_name":"Big Fish","floor":5,"gold_loss":0,"cards_obtained":["Regret"]},{"damage_healed":0,"gold_gain":0,"player_choice":"Shed Blood","damage_taken":18,"max_hp_gain":5,"max_hp_loss":0,"event_name":"Forgotten Altar","floor":19,"gold_loss":0},{"damage_healed":0,"gold_gain":0,"player_choice":"Fought Bandits","damage_taken":0,"max_hp_gain":0,"max_hp_loss":0,"event_name":"Masked Bandits","floor":21,"gold_loss":0},{"cards_removed":["Strike_G"],"damage_healed":0,"gold_gain":0,"player_choice":"Offered Basic","damage_taken":0,"max_hp_gain":0,"max_hp_loss":0,"event_name":"Bonfire Elementals","floor":28,"gold_loss":0},{"damage_healed":0,"gold_gain":75,"player_choice":"Touch","damage_taken":8,"max_hp_gain":0,"max_hp_loss":0,"event_name":"FaceTrader","floor":37,"gold_loss":0},{"damage_healed":0,"gold_gain":0,"player_choice":"Memory 1","damage_taken":0,"max_hp_gain":0,"max_hp_loss":0,"event_name":"SensoryStone","floor":47,"gold_loss":0}],"is_beta":false,"boss_relics":[{"not_picked":["White Beast Statue","Empty Cage"],"picked":"Black Star"},{"not_picked":["Ring of the Serpent","Velvet Choker"],"picked":"Tiny House"}],"items_purged_floors":[3,22],"is_endless":false,"potions_floor_spawned":[7,8,10,12,16,25,29,38,48],"ascension_level":4}