{"gold_per_floor":[111,111,140,171,183,228,301,189,215,215,43,43,60,86,86,190,190,206,206,206,206,221,248,134,165,189,222,238,238,255,270,270,370,370,390,314,328,328,428,456,456,14,14,49,49,65,65,65,65,65],"floor_reached":51,"playtime":8367,"items_purged":["Strike_G","Strike_G"],"score":816,"play_id":"70235c69-6e4c-4633-929e-03acafd07196","local_time":"20190129205955","is_ascension_mode":true,"campfire_choices":[{"floor":10.0,"key":"REST"},{"floor":15.0,"key":"REST"},{"data":"Glass Knife","floor":29.0,"key":"SMITH"},{"data":"A Thousand Cuts","floor":32.0,"key":"SMITH"},{"floor":41,"key":"DIG"},{"floor":47,"key":"REST"},{"floor":49,"key":"DIG"}],"neow_cost":"NONE","seed_source_timestamp":0,"circlet_count":0,"master_deck":["Defend_G+1","Defend_G+1","Defend_G+1","Defend_G+1","Strike_G+1","Strike_G+1","Strike_G+1","Survivor+1","Neutralize","Footwork","Backstab+1","Expertise","Backstab","Backflip","Backstab","A Thousand Cuts+1","Backflip","Finisher","Adrenaline+1","Deflect","Well Laid Plans","Dagger Throw+1","Backstab","Distraction","After Image","Glass Knife+1","Escape Plan+1","Slice","Deflect","Adrenaline","Well Laid Plans","Swift Strike","Bullet Time","Distraction+1"],"special_seed":0,"relics":["Ring of the Snake","MawBank","Potion Belt","Kunai","Matryoshka","Dream Catcher","WristBlade","Nloth\u0027s Gift","Bag of Marbles","Snake Skull","Letter Opener","Centennial Puzzle","Bag of Preparation","Lizard Tail","Shovel","Regal Pillow","Lantern","Pen Nib","OrangePellets","War Paint","Molten Egg 2","Juzu Bracelet","Pantograph"],"potions_floor_usage":[50,50,50],"damage_taken":[{"damage":0.0,"enemies":"2 Louse","floor":1.0,"turns":3.0},{"damage":0.0,"enemies":"Cultist","floor":3.0,"turns":6.0},{"damage":0.0,"enemies":"Small Slimes","floor":4.0,"turns":3.0},{"damage":68.0,"enemies":"Lagavulin","floor":6.0,"turns":18.0},{"damage":0.0,"enemies":"Blue Slaver","floor":13.0,"turns":1.0},{"damage":12.0,"enemies":"Gremlin Nob","floor":14.0,"turns":5.0},{"damage":17.0,"enemies":"The Guardian","floor":16.0,"turns":21.0},{"damage":3.0,"enemies":"3 Byrds","floor":18.0,"turns":9.0},{"damage":0.0,"enemies":"2 Thieves","floor":22.0,"turns":5.0},{"damage":1.0,"enemies":"Slavers","floor":23.0,"turns":8.0},{"damage":8.0,"enemies":"Book of Stabbing","floor":25.0,"turns":4.0},{"damage":3.0,"enemies":"Slavers","floor":27.0,"turns":4.0},{"damage":0.0,"enemies":"Shelled Parasite and Fungi","floor":28.0,"turns":2.0},{"damage":0.0,"enemies":"Centurion and Healer","floor":30.0,"turns":2.0},{"damage":0.0,"enemies":"Snake Plant","floor":31.0,"turns":1.0},{"damage":5.0,"enemies":"Collector","floor":33.0,"turns":7.0},{"damage":10.0,"enemies":"3 Shapes","floor":35.0,"turns":2.0},{"damage":0.0,"enemies":"Orb Walker","floor":37.0,"turns":1.0},{"damage":0,"enemies":"Mind Bloom Boss Battle","floor":39,"turns":6},{"damage":8,"enemies":"Reptomancer","floor":40,"turns":2},{"damage":10,"enemies":"Nemesis","floor":44,"turns":3},{"damage":3,"enemies":"Spire Growth","floor":46,"turns":2},{"damage":32,"enemies":"Donu and Deca","floor":50,"turns":10}],"seed_played":"6257861079069372565","potions_obtained":[{"floor":1.0,"key":"Energy Potion"},{"floor":4.0,"key":"SteroidPotion"},{"floor":13.0,"key":"GhostInAJar"},{"floor":14.0,"key":"Weak Potion"},{"floor":22.0,"key":"Weak Potion"},{"floor":23.0,"key":"GhostInAJar"},{"floor":25.0,"key":"Strength Potion"},{"floor":27.0,"key":"AttackPotion"}],"is_trial":false,"path_per_floor":["M","?","M","M","?","E","?","$","T","R","$","T","M","E","R","B",null,"M","?","?","?","M","E","$","E","T","E","M","R","M","M","R","B",null,"M","$","M","?","?","E","R","$","T","E","$","M","R","$","R","B",null],"character_chosen":"THE_SILENT","items_purchased":["Backflip","Backstab","Backstab","Distraction","Well Laid Plans","Swift Strike","Pen Nib","OrangePellets"],"campfire_rested":3,"item_purchase_floors":[8,11,24,24,36,42,42,42],"current_hp_per_floor":[77,77,77,77,74,6,6,6,6,29,29,29,29,17,40,23,77,74,74,65,65,65,64,64,56,56,53,53,53,53,53,53,48,77,67,67,67,67,67,59,59,59,59,49,49,46,77,77,77,45],"gold":65,"neow_bonus":"TEN_PERCENT_HP_BONUS","is_prod":false,"is_daily":false,"chose_seed":false,"campfire_upgraded":2,"win_rate":0,"timestamp":1548817195,"path_taken":["M","?","M","?","?","E","?","$","T","R","$","?","M","E","R","BOSS","BOSS","M","?","?","?","?","E","$","E","T","E","M","R","M","M","R","BOSS","M","?","M","?","?","E","R","$","T","E","$","M","R","?","R","BOSS"],"build_version":"2019-01-23","purchased_purges":2,"victory":true,"max_hp_per_floor":[77,77,77,77,77,77,77,77,77,77,77,77,77,77,77,77,77,77,77,77,77,77,77,77,77,77,77,77,77,77,77,77,77,77,77,77,77,77,77,77,77,77,77,77,77,77,77,77,77,77],"card_choices":[{"not_picked":["Bane","Reflex"],"picked":"Footwork","floor":1.0},{"not_picked":["Poisoned Stab","Underhanded Strike"],"picked":"Backstab","floor":3.0},{"not_picked":["Sucker Punch","Flying Knee"],"picked":"Expertise","floor":4.0},{"not_picked":["Heel Hook","Blade Dance"],"picked":"Backstab","floor":6.0},{"not_picked":["Bane","Backflip"],"picked":"A Thousand Cuts","floor":13.0},{"not_picked":["Masterful Stab","Dagger Throw"],"picked":"Backflip","floor":14.0},{"not_picked":["Terror","Deflect"],"picked":"Finisher","floor":15.0},{"not_picked":["Tools of the Trade","A Thousand Cuts"],"picked":"Adrenaline","floor":16.0},{"not_picked":["Flechettes","Dodge and Roll"],"picked":"Deflect","floor":18.0},{"not_picked":["Quick Slash","Setup"],"picked":"Well Laid Plans","floor":22.0},{"not_picked":["Infinite Blades","Wraith Form v2"],"picked":"Dagger Throw+1","floor":23.0},{"not_picked":["Setup","Quick Slash"],"picked":"After Image","floor":25.0},{"not_picked":["Deflect+1","Masterful Stab"],"picked":"Glass Knife","floor":27.0},{"not_picked":["Dash","Blade Dance"],"picked":"Escape Plan+1","floor":28.0},{"not_picked":["Masterful Stab","Deadly Poison"],"picked":"Slice","floor":30.0},{"not_picked":["Dagger Spray","Cloak And Dagger+1"],"picked":"Deflect","floor":31.0},{"not_picked":["Wraith Form v2","Glass Knife"],"picked":"Adrenaline","floor":33.0},{"not_picked":["Blade Dance+1","Endless Agony","Dodge and Roll"],"picked":"SKIP","floor":35.0},{"not_picked":["Backflip+1","Finisher","Sucker Punch+1"],"picked":"SKIP","floor":37.0},{"not_picked":["Acrobatics","Underhanded Strike+1","Venomology"],"picked":"SKIP","floor":40},{"not_picked":["Backflip+1","PiercingWail"],"picked":"Bullet Time","floor":44},{"not_picked":["Deadly Poison+1","Eviscerate+1","Wraith Form v2"],"picked":"SKIP","floor":46},{"not_picked":["Noxious Fumes+1","Underhanded Strike+1"],"picked":"Distraction+1","floor":47}],"player_experience":254880,"relics_obtained":[{"floor":6.0,"key":"Kunai"},{"floor":9.0,"key":"Whetstone"},{"floor":12.0,"key":"Matryoshka"},{"floor":14.0,"key":"Dream Catcher"},{"floor":23.0,"key":"Bag of Marbles"},{"floor":25.0,"key":"Snake Skull"},{"floor":26.0,"key":"Letter Opener"},{"floor":26.0,"key":"Centennial Puzzle"},{"floor":27.0,"key":"Bag of Preparation"},{"floor":39,"key":"Shovel"},{"floor":40,"key":"Regal Pillow"},{"floor":41,"key":"Lantern"},{"floor":43,"key":"War Paint"},{"floor":43,"key":"Molten Egg 2"},{"floor":44,"key":"Juzu Bracelet"},{"floor":49,"key":"Pantograph"}],"event_choices":[{"damage_healed":0.0,"max_hp_gain":0.0,"max_hp_loss":0.0,"gold_gain":0.0,"event_name":"WeMeetAgain","player_choice":"Gave Potion","floor":2.0,"gold_loss":0.0,"damage_taken":0.0,"relics_obtained":["MawBank"]},{"damage_healed":0.0,"max_hp_gain":0.0,"max_hp_loss":0.0,"gold_gain":0.0,"event_name":"Scrap Ooze","player_choice":"Success","floor":5.0,"gold_loss":0.0,"damage_taken":3.0,"relics_obtained":["Potion Belt"]},{"damage_healed":0.0,"max_hp_gain":0.0,"max_hp_loss":0.0,"gold_gain":61.0,"event_name":"Golden Wing","player_choice":"Gained Gold","floor":7.0,"gold_loss":0.0,"damage_taken":0.0},{"damage_healed":0.0,"max_hp_gain":0.0,"max_hp_loss":0.0,"gold_gain":0.0,"event_name":"Back to Basics","player_choice":"Simplicity","floor":19.0,"gold_loss":0.0,"damage_taken":0.0,"cards_upgraded":["Defend_G","Defend_G","Defend_G","Defend_G","Defend_G","Strike_G","Strike_G"]},{"damage_healed":0.0,"max_hp_gain":0.0,"max_hp_loss":0.0,"gold_gain":0.0,"event_name":"Cursed Tome","player_choice":"Stopped","floor":20.0,"gold_loss":0.0,"damage_taken":9.0},{"damage_healed":0.0,"max_hp_gain":0.0,"max_hp_loss":0.0,"gold_gain":0.0,"event_name":"N\u0027loth","player_choice":"Traded Relic","floor":21.0,"relics_lost":["Whetstone"],"gold_loss":0.0,"damage_taken":0.0,"relics_obtained":["Nloth\u0027s Gift"]},{"cards_removed":["Defend_G"],"damage_healed":0.0,"max_hp_gain":0.0,"max_hp_loss":0.0,"gold_gain":0.0,"event_name":"Falling","player_choice":"Removed Skill","floor":38.0,"gold_loss":0.0,"damage_taken":0.0},{"damage_healed":0,"gold_gain":0,"player_choice":"Fight","damage_taken":0,"max_hp_gain":0,"max_hp_loss":0,"event_name":"MindBloom","floor":39,"gold_loss":0}],"is_beta":false,"boss_relics":[{"not_picked":["Black Star","Cursed Key"],"picked":"WristBlade"},{"not_picked":["Tiny House","Fusion Hammer"],"picked":"Lizard Tail"}],"items_purged_floors":[8,11],"is_endless":false,"potions_floor_spawned":[1,4,13,14,22,23,25,27,28,33,35,37,46],"ascension_level":2}