{"gold_per_floor":[12,12,12,28,45,45,61,90,90,90,104,104,124,137,137,213,213,233,148,160,160],"floor_reached":21,"playtime":1082,"items_purged":[],"score":339,"play_id":"2a0c7950-e563-456a-b5d2-5f0fc4ae877e","local_time":"20190101040750","is_ascension_mode":true,"campfire_choices":[{"data":"Perfected Strike","floor":6,"key":"SMITH"},{"data":"Dark Shackles","floor":10,"key":"SMITH"},{"data":"Infernal Blade","floor":15,"key":"SMITH"}],"neow_cost":"NO_GOLD","seed_source_timestamp":2089264347160121,"circlet_count":0,"master_deck":["AscendersBane","Strike_R","Strike_R","Strike_R","Strike_R","Defend_R","Defend_R","Defend_R","Defend_R","Bash","Dark Shackles+1","Apotheosis+1","Sword Boomerang","Twin Strike","Perfected Strike+1","Rage","Infernal Blade+1","Pommel Strike+1","Double Tap","Flex+1"],"relics":["Burning Blood","Molten Egg 2","Shuriken","Eternal Feather","Pen Nib"],"potions_floor_usage":[14,18,21,21],"damage_taken":[{"damage":8,"enemies":"2 Louse","floor":1,"turns":3},{"damage":3,"enemies":"Cultist","floor":4,"turns":4},{"damage":12,"enemies":"Jaw Worm","floor":5,"turns":3},{"damage":0,"enemies":"Large Slime","floor":7,"turns":6},{"damage":17,"enemies":"Lagavulin","floor":8,"turns":6},{"damage":8,"enemies":"Blue Slaver","floor":11,"turns":3},{"damage":9,"enemies":"Exordium Wildlife","floor":13,"turns":5},{"damage":5,"enemies":"Looter","floor":14,"turns":2},{"damage":36,"enemies":"The Guardian","floor":16,"turns":11},{"damage":37,"enemies":"Shell Parasite","floor":18,"turns":5},{"damage":8,"enemies":"Chosen","floor":20,"turns":5},{"damage":28,"enemies":"Snake Plant","floor":21,"turns":3}],"seed_played":"-355962096596306141","potions_obtained":[{"floor":4,"key":"Energy Potion"},{"floor":8,"key":"AttackPotion"},{"floor":14,"key":"Dexterity Potion"},{"floor":18,"key":"Dexterity Potion"}],"is_trial":false,"path_per_floor":["M","?","?","M","M","R","M","E","T","R","M","?","M","M","R","B",null,"M","?","M","M"],"character_chosen":"IRONCLAD","items_purchased":[],"campfire_rested":0,"item_purchase_floors":[],"current_hp_per_floor":[66,59,59,62,56,56,62,51,51,51,49,49,46,47,47,17,61,30,30,28,0],"gold":160,"neow_bonus":"RANDOM_COLORLESS_2","is_prod":false,"is_daily":false,"chose_seed":false,"campfire_upgraded":3,"win_rate":0,"timestamp":1546312070,"path_taken":["M","?","?","?","M","R","M","E","T","R","M","?","M","M","R","BOSS","M","?","M","M"],"build_version":"2018-12-20","purchased_purges":0,"victory":false,"max_hp_per_floor":[75,75,75,75,75,75,75,75,75,75,75,75,75,75,75,75,75,75,75,75,75],"card_choices":[{"not_picked":["Body Slam","Heavy Blade"],"picked":"Sword Boomerang","floor":1},{"not_picked":["Armaments","Dual Wield"],"picked":"Twin Strike","floor":4},{"not_picked":["Corruption","Warcry"],"picked":"Perfected Strike","floor":5},{"not_picked":["Havoc","Reckless Charge","Headbutt"],"picked":"SKIP","floor":7},{"not_picked":["Cleave","Fire Breathing","Clothesline"],"picked":"SKIP","floor":8},{"not_picked":["Headbutt+1","Havoc"],"picked":"Rage","floor":11},{"not_picked":["Corruption","Armaments"],"picked":"Infernal Blade","floor":13},{"not_picked":["Second Wind","Seeing Red"],"picked":"Pommel Strike+1","floor":14},{"not_picked":["Offering","Fiend Fire+1"],"picked":"Double Tap","floor":16},{"not_picked":["Heavy Blade+1","True Grit"],"picked":"Flex+1","floor":18},{"not_picked":["Thunderclap+1","Clash+1","Sentinel+1"],"picked":"SKIP","floor":20}],"player_experience":644622,"relics_obtained":[{"floor":8,"key":"Molten Egg 2"},{"floor":9,"key":"Shuriken"}],"event_choices":[{"cards_removed":["Strike_R"],"damage_healed":0,"gold_gain":0,"player_choice":"Card Removal","damage_taken":7,"max_hp_gain":0,"max_hp_loss":0,"event_name":"Golden Wing","floor":2,"gold_loss":0},{"damage_healed":0,"gold_gain":0,"player_choice":"Forge","damage_taken":0,"max_hp_gain":0,"max_hp_loss":0,"event_name":"Accursed Blacksmith","floor":3,"gold_loss":0,"cards_upgraded":["Apotheosis"]},{"damage_healed":0,"gold_gain":0,"player_choice":"Ignored","damage_taken":0,"max_hp_gain":0,"max_hp_loss":0,"event_name":"Liars Game","floor":12,"gold_loss":0},{"damage_healed":0,"gold_gain":0,"player_choice":"Obtained Relic","damage_taken":0,"relics_obtained":["Pen Nib"],"max_hp_gain":0,"max_hp_loss":0,"event_name":"Addict","floor":19,"gold_loss":85}],"is_beta":false,"boss_relics":[{"not_picked":["Calling Bell","Snecko Eye"],"picked":"Eternal Feather"}],"items_purged_floors":[],"is_endless":false,"potions_floor_spawned":[4,8,14,18],"killed_by":"Snake Plant","ascension_level":17}