{"gold_per_floor":[117,16,31,45,45,45,64,98,154,172,172,172,204,229,229,333,333,353,368,188,188,204,204,219,219],"floor_reached":25,"playtime":1855,"items_purged":["Strike_B","Zap"],"score":330,"play_id":"bd337880-b097-4e55-afd4-cad9de5804d3","local_time":"20190130234850","is_ascension_mode":true,"campfire_choices":[{"data":"Ball Lightning","floor":6,"key":"SMITH"},{"floor":12,"key":"REST"},{"data":"Creative AI","floor":15,"key":"SMITH"},{"floor":23,"key":"REST"}],"neow_cost":"NONE","seed_source_timestamp":606801254248300,"circlet_count":0,"master_deck":["AscendersBane","Strike_B","Strike_B","Strike_B","Defend_B+1","Defend_B","Defend_B","Dualcast+1","Ball Lightning+1","Ball Lightning","Gash","Gash","Steam","Beam Cell","Conserve Battery","Hyperbeam+1","FTL","Go for the Eyes+1","Scrape","Beam Cell","Hologram","Auto Shields+1"],"relics":["Cracked Core","Smiling Mask","Tiny Chest","War Paint","Happy Flower","Odd Mushroom","Empty Cage"],"potions_floor_usage":[8,13,16,19,24,25],"damage_taken":[{"damage":1,"enemies":"Cultist","floor":1,"turns":3},{"damage":0,"enemies":"2 Louse","floor":3,"turns":2},{"damage":0,"enemies":"Small Slimes","floor":4,"turns":2},{"damage":10,"enemies":"Gremlin Gang","floor":7,"turns":4},{"damage":19,"enemies":"Lagavulin","floor":8,"turns":4},{"damage":3,"enemies":"Blue Slaver","floor":10,"turns":3},{"damage":9,"enemies":"Gremlin Nob","floor":13,"turns":3},{"damage":12,"enemies":"The Mushroom Lair","floor":14,"turns":4},{"damage":27,"enemies":"Hexaghost","floor":16,"turns":7},{"damage":11,"enemies":"Spheric Guardian","floor":18,"turns":3},{"damage":11,"enemies":"2 Thieves","floor":19,"turns":3},{"damage":9,"enemies":"Centurion and Healer","floor":22,"turns":4},{"damage":38,"enemies":"Snecko","floor":24,"turns":6},{"damage":13,"enemies":"Book of Stabbing","floor":25,"turns":3}],"seed_played":"-2623272166191350049","potions_obtained":[{"floor":7,"key":"Regen Potion"},{"floor":10,"key":"FearPotion"},{"floor":13,"key":"LiquidBronze"},{"floor":16,"key":"Explosive Potion"},{"floor":18,"key":"EssenceOfSteel"},{"floor":22,"key":"SteroidPotion"}],"is_trial":false,"path_per_floor":["M","$","M","M","$","R","M","E","T","M","?","R","E","?","R","B",null,"M","M","$","?","M","R","M","E"],"character_chosen":"DEFECT","items_purchased":["Ball Lightning","Scrape","Beam Cell"],"campfire_rested":2,"item_purchase_floors":[2,20,20],"current_hp_per_floor":[67,67,67,67,67,67,57,47,47,44,41,63,54,42,42,15,60,49,38,38,38,29,51,13,0],"gold":219,"neow_bonus":"THREE_CARDS","is_prod":false,"is_daily":false,"chose_seed":false,"campfire_upgraded":2,"win_rate":0,"timestamp":1548892130,"path_taken":["M","?","M","M","$","R","M","E","T","M","?","R","E","?","R","BOSS","M","M","$","?","M","R","M","E"],"build_version":"2019-01-23","purchased_purges":2,"victory":false,"max_hp_per_floor":[75,75,75,75,75,75,75,75,75,75,75,75,75,75,75,75,75,75,75,75,75,75,75,75,75],"card_choices":[{"not_picked":["Cold Snap","Barrage"],"picked":"Ball Lightning","floor":0},{"not_picked":["Leap","Heatsinks","Melter"],"picked":"SKIP","floor":1},{"not_picked":["Glacier","Doom and Gloom"],"picked":"Gash","floor":3},{"not_picked":["Steam","Conserve Battery"],"picked":"Gash","floor":4},{"not_picked":["Lockon","Turbo"],"picked":"Steam","floor":7},{"not_picked":["Conserve Battery","Self Repair"],"picked":"Creative AI","floor":8},{"not_picked":["Cold Snap","Coolheaded"],"picked":"Beam Cell","floor":10},{"not_picked":["Barrage","Reinforced Body","Fission"],"picked":"SKIP","floor":13},{"not_picked":["Beam Cell","Ball Lightning"],"picked":"Conserve Battery","floor":14},{"not_picked":["Biased Cognition","Rainbow"],"picked":"Hyperbeam","floor":16},{"not_picked":["Rebound","Reprogram"],"picked":"FTL","floor":18},{"not_picked":["Reinforced Body","Coolheaded"],"picked":"Go for the Eyes+1","floor":19},{"not_picked":["Steam","Genetic Algorithm+1"],"picked":"Hologram","floor":22},{"not_picked":["Leap","Tempest"],"picked":"Auto Shields+1","floor":24}],"player_experience":214006,"relics_obtained":[{"floor":8,"key":"Smiling Mask"},{"floor":9,"key":"Tiny Chest"},{"floor":13,"key":"Happy Flower"},{"floor":14,"key":"Odd Mushroom"}],"event_choices":[{"damage_healed":0,"gold_gain":0,"player_choice":"Success","damage_taken":3,"relics_obtained":["War Paint"],"max_hp_gain":0,"max_hp_loss":0,"event_name":"Scrap Ooze","floor":11,"gold_loss":0},{"damage_healed":0,"gold_gain":0,"player_choice":"Fought Mushrooms","damage_taken":0,"max_hp_gain":0,"max_hp_loss":0,"event_name":"Mushrooms","floor":14,"gold_loss":0},{"damage_healed":0,"gold_gain":0,"player_choice":"Forge","damage_taken":0,"max_hp_gain":0,"max_hp_loss":0,"event_name":"Accursed Blacksmith","floor":21,"gold_loss":0,"cards_upgraded":["Hyperbeam"]}],"is_beta":false,"boss_relics":[{"not_picked":["Fusion Hammer","Inserter"],"picked":"Empty Cage"}],"items_purged_floors":[2,20],"is_endless":false,"potions_floor_spawned":[7,10,13,16,18,22],"killed_by":"Book of Stabbing","ascension_level":11}