{"gold_per_floor":[119,132,132,132,52,84,94,94,94,94,118,118,138,169,169,169],"floor_reached":16,"playtime":567,"items_purged":[],"score":205,"play_id":"653fdc85-49b5-46df-992d-4d0a48c457e6","local_time":"20190108211032","is_ascension_mode":true,"campfire_choices":[{"data":"True Grit","floor":10,"key":"SMITH"},{"floor":15,"key":"REST"}],"neow_cost":"PERCENT_DAMAGE","seed_source_timestamp":2755932829397351,"circlet_count":0,"master_deck":["AscendersBane","Strike_R","Strike_R","Strike_R","Defend_R","Defend_R","Defend_R","Defend_R","Bash","Spot Weakness","Headbutt","Iron Wave","Ghostly Armor","Brutality","True Grit+1"],"relics":["Burning Blood","Paper Frog","Darkstone Periapt","Juzu Bracelet","PreservedInsect","Blood Vial"],"potions_floor_usage":[6,14,14],"damage_taken":[{"damage":20,"enemies":"Small Slimes","floor":1,"turns":5},{"damage":26,"enemies":"Jaw Worm","floor":2,"turns":5},{"damage":15,"enemies":"Lagavulin","floor":6,"turns":7},{"damage":3,"enemies":"2 Louse","floor":7,"turns":4},{"damage":11,"enemies":"Large Slime","floor":13,"turns":6},{"damage":1,"enemies":"Gremlin Nob","floor":14,"turns":3},{"damage":56,"enemies":"Hexaghost","floor":16,"turns":9}],"seed_played":"7762398126860853227","potions_obtained":[{"floor":1,"key":"PowerPotion"},{"floor":6,"key":"Fire Potion"},{"floor":13,"key":"Fire Potion"}],"is_trial":false,"path_per_floor":["M","M","?","?","$","E","M","$","T","R","T","?","M","E","R","B"],"character_chosen":"IRONCLAD","items_purchased":["Ghostly Armor"],"campfire_rested":1,"item_purchase_floors":[5],"current_hp_per_floor":[36,16,41,34,34,25,28,28,28,28,28,28,23,28,50,0],"gold":169,"neow_bonus":"TRANSFORM_TWO_CARDS","is_prod":false,"is_daily":false,"chose_seed":false,"campfire_upgraded":1,"win_rate":0,"timestamp":1546978232,"path_taken":["M","M","?","?","$","E","M","$","T","R","?","?","M","E","R","BOSS"],"build_version":"2019-01-03v4","purchased_purges":0,"victory":false,"max_hp_per_floor":[75,75,75,75,75,75,75,75,75,75,75,75,75,75,75,75],"card_choices":[{"not_picked":["Dual Wield","Power Through"],"picked":"Headbutt","floor":1},{"not_picked":["Body Slam","Clothesline"],"picked":"Iron Wave","floor":2},{"not_picked":["Corruption","Shockwave"],"picked":"Brutality","floor":6},{"not_picked":["Iron Wave","Havoc"],"picked":"True Grit","floor":7},{"not_picked":["Clothesline","Havoc","True Grit"],"picked":"SKIP","floor":13},{"not_picked":["Cleave","Burning Pact","Armaments"],"picked":"SKIP","floor":14}],"player_experience":689756,"relics_obtained":[{"floor":6,"key":"Paper Frog"},{"floor":9,"key":"Darkstone Periapt"},{"floor":11,"key":"Juzu Bracelet"},{"floor":14,"key":"Blood Vial"}],"event_choices":[{"damage_healed":25,"gold_gain":0,"player_choice":"Banana","damage_taken":0,"max_hp_gain":0,"max_hp_loss":0,"event_name":"Big Fish","floor":3,"gold_loss":0},{"cards_removed":["Perfected Strike"],"damage_healed":0,"gold_gain":0,"player_choice":"Card Removal","damage_taken":7,"max_hp_gain":0,"max_hp_loss":0,"event_name":"Golden Wing","floor":4,"gold_loss":0},{"damage_healed":0,"gold_gain":0,"player_choice":"Searched \u00271\u0027 times","damage_taken":0,"relics_obtained":["PreservedInsect"],"max_hp_gain":0,"max_hp_loss":0,"event_name":"Dead Adventurer","floor":12,"gold_loss":0}],"is_beta":false,"boss_relics":[],"items_purged_floors":[],"is_endless":false,"potions_floor_spawned":[1,6,13],"killed_by":"Hexaghost","ascension_level":18}