{"gold_per_floor":[114,133,133,145,145,170,170,95,95,95,95,110,120,20,20,116,116,131,131,131,6,19,19],"floor_reached":23,"playtime":889,"items_purged":["Strike_R","Bash","Defend_R"],"score":214,"play_id":"f33a016a-c33f-42d3-971e-f502a6ee2878","local_time":"20190201230000","is_ascension_mode":false,"campfire_choices":[{"data":"Limit Break","floor":7,"key":"SMITH"},{"floor":15,"key":"REST"}],"neow_cost":"NONE","seed_source_timestamp":267106917773302,"circlet_count":0,"master_deck":["Strike_R","Strike_R","Strike_R","Defend_R","Limit Break+1","Reaper"],"relics":["Burning Blood","Shuriken","Blue Candle","Fusion Hammer"],"potions_floor_usage":[6,18,23,23],"damage_taken":[{"damage":5,"enemies":"Small Slimes","floor":1,"turns":3},{"damage":2,"enemies":"2 Louse","floor":2,"turns":3},{"damage":6,"enemies":"Jaw Worm","floor":4,"turns":6},{"damage":34,"enemies":"3 Sentries","floor":6,"turns":10},{"damage":12,"enemies":"3 Louse","floor":12,"turns":3},{"damage":28,"enemies":"Gremlin Gang","floor":13,"turns":7},{"damage":17,"enemies":"The Guardian","floor":16,"turns":9},{"damage":13,"enemies":"3 Byrds","floor":18,"turns":7},{"damage":46,"enemies":"2 Thieves","floor":22,"turns":4},{"damage":43,"enemies":"Slavers","floor":23,"turns":3}],"seed_played":"-2874627013518417054","potions_obtained":[{"floor":4,"key":"Explosive Potion"},{"floor":13,"key":"SkillPotion"},{"floor":16,"key":"SpeedPotion"},{"floor":18,"key":"Weak Potion"}],"is_trial":false,"path_per_floor":["M","M","?","M","?","E","R","$","T","?","$","M","M","$","R","B",null,"M","?","?","$","M","E"],"character_chosen":"IRONCLAD","items_purchased":[],"campfire_rested":1,"item_purchase_floors":[],"current_hp_per_floor":[80,80,85,85,85,57,57,57,57,50,50,44,22,22,47,36,85,78,62,62,62,46,15],"gold":19,"neow_bonus":"REMOVE_CARD","is_prod":false,"is_daily":false,"chose_seed":false,"campfire_upgraded":1,"win_rate":0,"timestamp":1549074600,"path_taken":["M","M","?","M","?","E","R","$","T","?","$","M","M","$","R","BOSS","M","?","?","$","?","E"],"build_version":"2019-01-23","purchased_purges":3,"victory":false,"max_hp_per_floor":[80,80,85,85,85,85,85,85,85,85,85,85,85,85,85,85,85,85,90,90,90,90,90],"card_choices":[{"not_picked":["Havoc","Flame Barrier","Iron Wave"],"picked":"SKIP","floor":1},{"not_picked":["Dual Wield","Entrench","Metallicize"],"picked":"SKIP","floor":2},{"not_picked":["Burning Pact","Rage","Body Slam"],"picked":"SKIP","floor":4},{"not_picked":["Perfected Strike","Shrug It Off"],"picked":"Limit Break","floor":6},{"not_picked":["Sword Boomerang","Flex","Clothesline"],"picked":"SKIP","floor":12},{"not_picked":["Pommel Strike","Cleave","Headbutt"],"picked":"SKIP","floor":13},{"not_picked":["Limit Break","Impervious"],"picked":"Reaper","floor":16},{"not_picked":["Twin Strike","Thunderclap","Wild Strike"],"picked":"SKIP","floor":18},{"not_picked":["Infernal Blade+1","Fire Breathing","Uppercut"],"picked":"SKIP","floor":22}],"player_experience":310711,"relics_obtained":[{"floor":6,"key":"Shuriken"},{"floor":9,"key":"Blue Candle"}],"event_choices":[{"damage_healed":0,"gold_gain":0,"player_choice":"Donut","damage_taken":0,"max_hp_gain":5,"max_hp_loss":0,"event_name":"Big Fish","floor":3,"gold_loss":0},{"cards_removed":["Defend_R"],"damage_healed":0,"gold_gain":0,"player_choice":"Forget","damage_taken":0,"max_hp_gain":0,"max_hp_loss":0,"event_name":"Living Wall","floor":5,"gold_loss":0},{"cards_removed":["Defend_R"],"damage_healed":0,"gold_gain":0,"player_choice":"Card Removal","damage_taken":7,"max_hp_gain":0,"max_hp_loss":0,"event_name":"Golden Wing","floor":10,"gold_loss":0},{"damage_healed":0,"gold_gain":0,"player_choice":"Shed Blood","damage_taken":21,"max_hp_gain":5,"max_hp_loss":0,"event_name":"Forgotten Altar","floor":19,"gold_loss":0},{"damage_healed":0,"gold_gain":0,"player_choice":"Ignored","damage_taken":0,"max_hp_gain":0,"max_hp_loss":0,"event_name":"Duplicator","floor":20,"gold_loss":0}],"is_beta":false,"boss_relics":[{"not_picked":["Ectoplasm","Orrery"],"picked":"Fusion Hammer"}],"items_purged_floors":[8,14,21],"is_endless":false,"potions_floor_spawned":[4,13,16,18],"killed_by":"Slavers","ascension_level":0}