{"gold_per_floor":[118,134,134,150,163,189,200,200,200,210,240,255,255,316,316,419,419,436,436,452,463,478,511,511,426,426,437,362,362,390,405,405,405],"floor_reached":33,"playtime":3315,"items_purged":["Defend_B"],"score":301,"play_id":"4d82b15c-1bed-462e-9ad5-e837f806f7b9","local_time":"20190107184940","is_ascension_mode":false,"campfire_choices":[{"data":"Echo Form","floor":8,"key":"SMITH"},{"data":"Defragment","floor":15,"key":"SMITH"},{"data":"Chill","floor":24,"key":"SMITH"},{"data":"Conserve Battery","floor":29,"key":"SMITH"},{"data":"Zap","floor":32,"key":"SMITH"}],"neow_cost":"NONE","seed_source_timestamp":80071843473100,"circlet_count":0,"master_deck":["Strike_B","Strike_B","Strike_B","Defend_B","Defend_B","Defend_B","Zap+1","Dualcast","Conserve Battery+1","Chill+1","Chaos+1","Rebound","Coolheaded+1","Echo Form+1","Defragment+1","Steam Power+1","Conserve Battery+1","Leap+1","Buffer+1","Clumsy","Writhe","Injury","Defragment+1","Echo Form+1","Hologram+1","Redo+1","Seek+1","Blizzard+1","Steam+1","Melter"],"relics":["Cracked Core","Toxic Egg 2","Meat on the Bone","Blood Vial","Frozen Egg 2","Calling Bell","Pen Nib","Sundial","Prayer Wheel","Ornamental Fan","Juzu Bracelet","Oddly Smooth Stone","Mercury Hourglass"],"potions_floor_usage":[16,30,33,33],"damage_taken":[{"damage":0,"enemies":"2 Louse","floor":1,"turns":2},{"damage":0,"enemies":"Jaw Worm","floor":2,"turns":3},{"damage":0,"enemies":"Cultist","floor":4,"turns":3},{"damage":0,"enemies":"Large Slime","floor":5,"turns":7},{"damage":29,"enemies":"Lagavulin","floor":6,"turns":6},{"damage":1,"enemies":"3 Louse","floor":7,"turns":4},{"damage":13,"enemies":"Red Slaver","floor":10,"turns":4},{"damage":29,"enemies":"3 Sentries","floor":11,"turns":8},{"damage":0,"enemies":"Large Slime","floor":12,"turns":5},{"damage":9,"enemies":"3 Sentries","floor":14,"turns":6},{"damage":32,"enemies":"Hexaghost","floor":16,"turns":10},{"damage":10,"enemies":"Spheric Guardian","floor":18,"turns":6},{"damage":10,"enemies":"Shell Parasite","floor":20,"turns":8},{"damage":25,"enemies":"Chosen and Byrds","floor":21,"turns":10},{"damage":5,"enemies":"Snecko","floor":22,"turns":7},{"damage":13,"enemies":"Slavers","floor":23,"turns":6},{"damage":7,"enemies":"Snake Plant","floor":27,"turns":6},{"damage":10,"enemies":"Gremlin Leader","floor":30,"turns":7},{"damage":2,"enemies":"Centurion and Healer","floor":31,"turns":8},{"damage":63,"enemies":"Collector","floor":33,"turns":7}],"seed_played":"-751813109799439272","potions_obtained":[{"floor":1,"key":"SneckoOil"},{"floor":4,"key":"GamblersBrew"},{"floor":5,"key":"SpeedPotion"},{"floor":6,"key":"Energy Potion"},{"floor":11,"key":"Fire Potion"},{"floor":14,"key":"Regen Potion"},{"floor":21,"key":"GamblersBrew"},{"floor":27,"key":"Ancient Potion"},{"floor":30,"key":"SteroidPotion"}],"is_trial":false,"path_per_floor":["M","M","$","M","M","E","M","R","T","M","E","M","?","?","R","B",null,"M","?","M","M","M","E","R","?","T","M","$","R","E","M","R","B"],"character_chosen":"DEFECT","items_purchased":[],"campfire_rested":0,"item_purchase_floors":[],"current_hp_per_floor":[75,75,75,75,75,46,45,45,45,44,27,41,41,46,46,28,75,65,65,57,46,43,44,44,44,44,39,39,39,43,43,43,0],"gold":405,"neow_bonus":"REMOVE_CARD","is_prod":false,"is_daily":false,"chose_seed":false,"campfire_upgraded":5,"win_rate":0.0,"timestamp":1546886980,"path_taken":["M","M","$","M","M","E","M","R","T","M","E","M","?","?","R","BOSS","M","?","M","M","?","E","R","?","T","M","$","R","E","M","R","BOSS"],"build_version":"2019-01-03v4","purchased_purges":1,"victory":false,"max_hp_per_floor":[75,75,75,75,75,75,75,75,75,75,75,75,75,75,75,75,75,75,75,75,75,75,75,75,75,75,75,75,75,75,75,75,75],"card_choices":[{"not_picked":["FTL","Compile Driver"],"picked":"Conserve Battery","floor":1},{"not_picked":["Ball Lightning","Conserve Battery"],"picked":"Chill","floor":2},{"not_picked":["Fusion","Auto Shields"],"picked":"Chaos","floor":4},{"not_picked":["Stack","Redo"],"picked":"Rebound","floor":5},{"not_picked":["Ball Lightning","Go for the Eyes"],"picked":"Coolheaded","floor":6},{"not_picked":["Genetic Algorithm+1","Sweeping Beam"],"picked":"Echo Form","floor":7},{"not_picked":["Loop","Storm"],"picked":"Defragment","floor":10},{"not_picked":["Ball Lightning","Gash"],"picked":"Steam Power+1","floor":11},{"not_picked":["Streamline","Sweeping Beam"],"picked":"Conserve Battery+1","floor":12},{"not_picked":["Gash","Heatsinks"],"picked":"Leap+1","floor":14},{"not_picked":["Biased Cognition+1","Echo Form+1"],"picked":"Buffer+1","floor":16},{"not_picked":["Steam Power+1","Gash+1"],"picked":"Defragment+1","floor":18},{"not_picked":["Rebound","Lockon"],"picked":"Echo Form+1","floor":18},{"not_picked":["Tempest+1","Gash"],"picked":"Hologram+1","floor":20},{"not_picked":["Tempest+1","Lockon","Conserve Battery+1"],"picked":"SKIP","floor":20},{"not_picked":["Lockon+1","Fusion+1"],"picked":"Redo+1","floor":21},{"not_picked":["Self Repair+1","Hologram+1","BootSequence+1"],"picked":"SKIP","floor":21},{"not_picked":["Redo+1","Loop+1"],"picked":"Seek+1","floor":22},{"not_picked":["Darkness+1","Redo+1"],"picked":"Blizzard+1","floor":22},{"not_picked":["Cold Snap","Undo+1","Genetic Algorithm+1"],"picked":"SKIP","floor":23},{"not_picked":["Compile Driver","Sunder"],"picked":"Steam+1","floor":27},{"not_picked":["Sweeping Beam","Rebound","Force Field+1"],"picked":"SKIP","floor":27},{"not_picked":["Streamline+1","Stack+1","Rip and Tear"],"picked":"SKIP","floor":30},{"not_picked":["Stack+1","Machine Learning+1"],"picked":"Melter","floor":31},{"not_picked":["Ball Lightning+1","Coolheaded+1","Gash"],"picked":"SKIP","floor":31}],"player_experience":56687,"relics_obtained":[{"floor":6,"key":"Toxic Egg 2"},{"floor":9,"key":"Meat on the Bone"},{"floor":11,"key":"Blood Vial"},{"floor":14,"key":"Frozen Egg 2"},{"floor":17,"key":"Pen Nib"},{"floor":17,"key":"Sundial"},{"floor":17,"key":"Prayer Wheel"},{"floor":23,"key":"Ornamental Fan"},{"floor":26,"key":"Oddly Smooth Stone"},{"floor":30,"key":"Mercury Hourglass"}],"event_choices":[{"damage_healed":0,"gold_gain":0,"player_choice":"Ignored","damage_taken":0,"max_hp_gain":0,"max_hp_loss":0,"event_name":"Liars Game","floor":13,"gold_loss":0},{"damage_healed":0,"gold_gain":30,"player_choice":"Searched \u00273\u0027 times","damage_taken":0,"max_hp_gain":0,"max_hp_loss":0,"event_name":"Dead Adventurer","floor":14,"gold_loss":0},{"damage_healed":0,"gold_gain":0,"player_choice":"Forge","damage_taken":0,"max_hp_gain":0,"max_hp_loss":0,"event_name":"Accursed Blacksmith","floor":19,"gold_loss":0,"cards_upgraded":["Chaos"]},{"damage_healed":0,"gold_gain":0,"player_choice":"Obtained Relic","damage_taken":0,"relics_obtained":["Juzu Bracelet"],"max_hp_gain":0,"max_hp_loss":0,"event_name":"Addict","floor":25,"gold_loss":85}],"is_beta":false,"boss_relics":[{"not_picked":["Philosopher\u0027s Stone","Cursed Key"],"picked":"Calling Bell"}],"items_purged_floors":[28],"is_endless":false,"potions_floor_spawned":[1,4,5,6,11,14,21,27,30],"killed_by":"Collector","ascension_level":0}