{"gold_per_floor":[111,186,186,200,149,192,213,213,213,313,64,89,102,117,117,238,238,257,257,257,257,257,286,61,61,61,61,75,93,108,141,141,236,236,248,95,109,125,347,374,374,374,374,51,86,86,86,104,104,104],"floor_reached":50,"playtime":2136,"items_purged":["Brutality"],"score":593,"play_id":"b4da7122-c591-4b96-adb5-6ef19f1777b2","local_time":"20180625173308","is_ascension_mode":false,"campfire_choices":[{"data":"Armaments","floor":8,"key":"SMITH"},{"data":"Cleave","floor":15,"key":"SMITH"},{"data":"Armaments","floor":25,"key":"SMITH"},{"data":"Armaments","floor":27,"key":"SMITH"},{"data":"Inflame","floor":32,"key":"SMITH"},{"data":"Double Tap","floor":42,"key":"SMITH"},{"data":"Heavy Blade","floor":47,"key":"SMITH"},{"data":"Spot Weakness","floor":49,"key":"SMITH"}],"neow_cost":"NONE","seed_source_timestamp":529775267921621,"circlet_count":0,"master_deck":["Strike_R","Strike_R","Strike_R","Strike_R","Strike_R","Defend_R","Defend_R","Defend_R","Defend_R","Bash","Pommel Strike","Pommel Strike","Armaments+1","Armaments+1","Cleave+1","Armaments+1","Rampage","Thunderclap","Double Tap+1","Thunderclap+1","Heavy Blade+1","Spot Weakness","Inflame+1","Heavy Blade+1","Spot Weakness+1","Reaper","Shrug It Off+1","Reaper","Thunderclap","Metallicize+1"],"relics":["Burning Blood","NeowsBlessing","Bloody Idol","Shuriken","Bag of Marbles","Bottled Flame","Velvet Choker","Potion Belt","Orichalcum","Dodecahedron","Red Mask","Sozu","Happy Flower","Prayer Wheel","Bottled Tornado","Bronze Scales","Gremlin Horn"],"potions_floor_usage":[23,23,33,40,45],"damage_taken":[{"damage":0,"enemies":"Jaw Worm","floor":1,"turns":1},{"damage":0,"enemies":"2 Louse","floor":4,"turns":1},{"damage":0,"enemies":"Lagavulin","floor":6,"turns":1},{"damage":5,"enemies":"Small Slimes","floor":7,"turns":4},{"damage":5,"enemies":"3 Louse","floor":12,"turns":2},{"damage":0,"enemies":"Exordium Wildlife","floor":13,"turns":3},{"damage":4,"enemies":"2 Fungi Beasts","floor":14,"turns":2},{"damage":41,"enemies":"Slime Boss","floor":16,"turns":12},{"damage":10,"enemies":"2 Thieves","floor":18,"turns":3},{"damage":21,"enemies":"Slavers","floor":23,"turns":3},{"damage":0,"enemies":"3 Byrds","floor":28,"turns":3},{"damage":0,"enemies":"Snecko","floor":29,"turns":3},{"damage":7,"enemies":"Centurion and Healer","floor":30,"turns":3},{"damage":0,"floor":31,"turns":3},{"damage":63,"enemies":"Champ","floor":33,"turns":8},{"damage":13,"enemies":"3 Darklings","floor":35,"turns":4},{"damage":16,"enemies":"3 Shapes","floor":37,"turns":4},{"damage":15,"enemies":"3 Darklings","floor":38,"turns":3},{"damage":72,"enemies":"2 Orb Walkers","floor":40,"turns":6},{"damage":32,"enemies":"Giant Head","floor":45,"turns":6},{"damage":0,"enemies":"Sphere and 2 Shapes","floor":48,"turns":2},{"damage":122,"enemies":"Time Eater","floor":50,"turns":9}],"seed_played":"8355442995504463722","potions_obtained":[{"floor":6,"key":"SmokeBomb"},{"floor":13,"key":"Fire Potion"},{"floor":14,"key":"Fire Potion"},{"floor":23,"key":"Regen Potion"},{"floor":29,"key":"FearPotion"}],"is_trial":false,"path_per_floor":["M","?","?","M","$","E","M","R","T","?","$","M","M","M","R","B",null,"M","?","?","$","?","E","$","R","T","R","M","M","M","?","R","B",null,"M","$","M","M","?","E","?","R","T","$","E","T","R","M","R"],"character_chosen":"IRONCLAD","items_purchased":["Armaments","Bottled Flame","Orichalcum","BloodPotion","Reaper","Bottled Tornado"],"campfire_rested":0,"item_purchase_floors":[5,11,24,24,36,44],"current_hp_per_floor":[80,69,49,55,55,61,62,62,62,62,62,63,69,71,71,36,80,76,76,76,76,76,66,66,66,66,66,77,80,80,80,80,28,80,78,78,78,74,79,49,49,49,49,49,63,63,63,74,74,0],"gold":104,"neow_bonus":"THREE_ENEMY_KILL","is_prod":false,"is_daily":false,"chose_seed":false,"campfire_upgraded":8,"win_rate":0,"timestamp":1529940788,"path_taken":["M","?","?","M","$","E","?","R","T","?","$","M","M","M","R","BOSS","M","?","?","$","?","E","$","R","T","R","M","?","M","?","R","BOSS","M","$","M","M","?","E","?","R","T","$","E","?","R","M","R","BOSS"],"build_version":"2018-06-21v2","purchased_purges":1,"victory":false,"max_hp_per_floor":[80,80,80,80,80,80,80,80,80,80,80,80,80,80,80,80,80,80,80,80,80,80,80,80,80,80,80,80,80,80,80,80,80,80,80,80,80,80,80,80,80,80,80,80,80,80,80,80,80,80],"card_choices":[{"not_picked":["Perfected Strike","Warcry"],"picked":"Pommel Strike","floor":1},{"not_picked":["Burning Pact","Rupture"],"picked":"Pommel Strike","floor":4},{"not_picked":["Searing Blow","Anger"],"picked":"Armaments","floor":6},{"not_picked":["Clash","Body Slam"],"picked":"Cleave","floor":7},{"not_picked":["Anger","Thunderclap"],"picked":"Armaments","floor":12},{"not_picked":["Warcry","Clothesline"],"picked":"Rampage","floor":13},{"not_picked":["Immolate","Entrench"],"picked":"Thunderclap","floor":14},{"not_picked":["Brutality","Bludgeon"],"picked":"Double Tap","floor":16},{"not_picked":["Havoc","Reckless Charge"],"picked":"Thunderclap+1","floor":18},{"not_picked":["Dark Embrace","Thunderclap"],"picked":"Spot Weakness","floor":23},{"not_picked":["Power Through","Warcry"],"picked":"Inflame","floor":28},{"not_picked":["Combust","Clash+1"],"picked":"Heavy Blade+1","floor":29},{"not_picked":["Anger","Body Slam"],"picked":"Spot Weakness","floor":30},{"not_picked":["Feed","Impervious"],"picked":"Brutality","floor":33},{"not_picked":["Flex","Second Wind+1","Warcry"],"picked":"SKIP","floor":35},{"not_picked":["Iron Wave","Heavy Blade"],"picked":"Shrug It Off+1","floor":37},{"not_picked":["Feel No Pain","Thunderclap"],"picked":"Reaper","floor":38},{"not_picked":["Feed","Havoc"],"picked":"Thunderclap","floor":40},{"not_picked":["Shockwave+1","Burning Pact"],"picked":"Metallicize+1","floor":45},{"not_picked":["Anger","Hemokinesis","True Grit+1"],"picked":"SKIP","floor":48},{"not_picked":["Clash","Twin Strike","Sword Boomerang"],"picked":"SKIP","floor":48}],"player_experience":58264,"relics_obtained":[{"floor":6,"key":"Shuriken"},{"floor":9,"key":"Bag of Marbles"},{"floor":23,"key":"Potion Belt"},{"floor":26,"key":"Dodecahedron"},{"floor":31,"key":"Red Mask"},{"floor":40,"key":"Happy Flower"},{"floor":43,"key":"Prayer Wheel"},{"floor":45,"key":"Bronze Scales"},{"floor":46,"key":"Gremlin Horn"}],"event_choices":[{"event_name":"World of Goop","player_choice":"Gather Gold","floor":2,"damage_taken":0},{"event_name":"Golden Idol","player_choice":"Take Damage","floor":3,"damage_taken":0},{"event_name":"Golden Shrine","player_choice":"Pray","floor":10,"damage_taken":0},{"event_name":"Vampires","player_choice":"Ignored","floor":19,"damage_taken":0},{"event_name":"Forgotten Altar","player_choice":"Gave Idol","floor":20,"damage_taken":0},{"event_name":"The Library","player_choice":"Read","floor":22,"damage_taken":0},{"event_name":"Masked Bandits","player_choice":"Fought over 108 gold","floor":31,"damage_taken":0},{"event_name":"Tomb of Lord Red Mask","player_choice":"Wore Mask","floor":39,"damage_taken":0},{"event_name":"The Lab","player_choice":"Got Potions","floor":41,"damage_taken":0}],"boss_relics":[{"not_picked":["Runic Cube","Empty Cage"],"picked":"Velvet Choker"},{"not_picked":["Black Blood","Coffee Dripper"],"picked":"Sozu"}],"items_purged_floors":[44],"is_endless":false,"potions_floor_spawned":[6,13,14,16,23,29,38,45,48],"killed_by":"Time Eater","ascension_level":0}