{"gold_per_floor":[359,370,0,11,26,26,26,46,46,46,46,46,46,46,46,145,145,158,158],"floor_reached":19,"playtime":599,"items_purged":["Defend_B"],"score":157,"play_id":"8dd0ab36-946c-49e4-9348-a606b567f77a","local_time":"20190126134253","is_ascension_mode":false,"campfire_choices":[{"data":"Conserve Battery","floor":7,"key":"SMITH"},{"floor":12,"key":"REST"},{"data":"Conserve Battery","floor":15,"key":"SMITH"}],"neow_cost":"PERCENT_DAMAGE","seed_source_timestamp":590254735504697,"circlet_count":0,"master_deck":["Strike_B","Strike_B","Strike_B","Defend_B","Defend_B","Zap","Dualcast+1","Conserve Battery+1","Consume+1","Conserve Battery+1","Fission"],"relics":["Cracked Core","Prayer Wheel","Meat on the Bone","Inserter"],"potions_floor_usage":[19],"damage_taken":[{"damage":1,"enemies":"Jaw Worm","floor":1,"turns":3},{"damage":1,"enemies":"Cultist","floor":2,"turns":3},{"damage":0,"enemies":"Small Slimes","floor":4,"turns":2},{"damage":9,"enemies":"Blue Slaver","floor":5,"turns":4},{"damage":7,"enemies":"Exordium Wildlife","floor":8,"turns":5},{"damage":18,"enemies":"The Guardian","floor":16,"turns":11},{"damage":27,"enemies":"Spheric Guardian","floor":18,"turns":6},{"damage":32,"enemies":"Colosseum Slavers","floor":19,"turns":5},{"damage":7,"enemies":"Colosseum Nobs","floor":19,"turns":3}],"seed_played":"756892221217693267","potions_obtained":[{"floor":1,"key":"PowerPotion"}],"is_trial":false,"path_per_floor":["M","M","$","M","M","?","R","M","T","$","?","R","?","$","R","B",null,"M","?"],"character_chosen":"DEFECT","items_purchased":["Prayer Wheel"],"campfire_rested":1,"item_purchase_floors":[3],"current_hp_per_floor":[53,52,52,52,43,43,43,36,36,36,21,43,43,43,43,37,75,48,21],"gold":158,"neow_bonus":"TWO_FIFTY_GOLD","is_prod":false,"is_daily":false,"chose_seed":false,"campfire_upgraded":2,"win_rate":0,"timestamp":1548522773,"path_taken":["M","M","$","M","M","?","R","?","T","$","?","R","?","?","R","BOSS","M","?"],"build_version":"2019-01-23","purchased_purges":1,"victory":false,"max_hp_per_floor":[75,75,75,75,75,75,75,75,75,75,75,75,75,75,75,75,75,75,75],"card_choices":[{"not_picked":["Force Field","Sweeping Beam","Undo"],"picked":"SKIP","floor":1},{"not_picked":["Double Energy","Hologram"],"picked":"Conserve Battery","floor":2},{"not_picked":["Barrage","Streamline"],"picked":"Consume","floor":4},{"not_picked":["Streamline","Static Discharge","Redo"],"picked":"SKIP","floor":4},{"not_picked":["Leap","Cold Snap"],"picked":"Conserve Battery","floor":5},{"not_picked":["Leap","Redo","Skim"],"picked":"SKIP","floor":5},{"not_picked":["Streamline","Genetic Algorithm","Leap"],"picked":"SKIP","floor":8},{"not_picked":["Leap","Streamline","Go for the Eyes"],"picked":"SKIP","floor":8},{"not_picked":["Biased Cognition","Core Surge"],"picked":"Fission","floor":16},{"not_picked":["Doom and Gloom","Steam+1","Skim"],"picked":"SKIP","floor":18},{"not_picked":["Rip and Tear","Chill","Consume"],"picked":"SKIP","floor":18}],"player_experience":229889,"relics_obtained":[{"floor":9,"key":"Meat on the Bone"}],"event_choices":[{"cards_removed":["Defend_B"],"damage_healed":0,"gold_gain":0,"player_choice":"Purged","damage_taken":0,"max_hp_gain":0,"max_hp_loss":0,"event_name":"Purifier","floor":6,"gold_loss":0},{"damage_healed":0,"gold_gain":0,"player_choice":"Entered Light","damage_taken":15,"max_hp_gain":0,"max_hp_loss":0,"event_name":"Shining Light","floor":11,"gold_loss":0,"cards_upgraded":["Dualcast","Consume"]},{"cards_removed":["Strike_B"],"damage_healed":0,"gold_gain":0,"player_choice":"Forget","damage_taken":0,"max_hp_gain":0,"max_hp_loss":0,"event_name":"Living Wall","floor":13,"gold_loss":0},{"damage_healed":0,"gold_gain":0,"player_choice":"Fight","damage_taken":0,"max_hp_gain":0,"max_hp_loss":0,"event_name":"Colosseum","floor":19,"gold_loss":0},{"damage_healed":0,"gold_gain":0,"player_choice":"Fought Nobs","damage_taken":0,"max_hp_gain":0,"max_hp_loss":0,"event_name":"Colosseum","floor":19,"gold_loss":0}],"is_beta":false,"boss_relics":[{"not_picked":["Snecko Eye","Cursed Key"],"picked":"Inserter"}],"items_purged_floors":[3],"is_endless":false,"potions_floor_spawned":[1],"killed_by":"Colosseum Nobs","ascension_level":0}