{"gold_per_floor":[112,112,112,132,57,57,85,85,110,144,174,174,187,203,203,303,303,315,315,265,299,224,224,238,265,265,265,295,295,314,330,330,431,431,450,672,689,709,722,722,797,817,842,862,882,902,902,552,552,552],"floor_reached":50,"playtime":3665,"items_purged":["Defend_R","Writhe","Strike_R"],"score":594,"play_id":"0bdf5a5d-2e87-4a0d-9823-c1debaf79385","local_time":"20181230020552","is_ascension_mode":true,"campfire_choices":[{"data":"Cleave","floor":6,"key":"SMITH"},{"data":"Strike_R","floor":8,"key":"SMITH"},{"data":"Anger","floor":15,"key":"SMITH"},{"data":"Strike_R","floor":23,"key":"SMITH"},{"floor":27,"key":"REST"},{"data":"Pommel Strike","floor":29,"key":"SMITH"},{"data":"Bash","floor":32,"key":"SMITH"},{"floor":40,"key":"REST"},{"floor":47,"key":"REST"},{"data":"Defend_R","floor":49,"key":"SMITH"}],"neow_cost":"NONE","seed_source_timestamp":700893546080143,"circlet_count":0,"master_deck":["Strike_R+1","Strike_R+1","Strike_R","Strike_R+1","Defend_R+1","Defend_R+1","Bash+1","Cleave+1","Anger+1","Pommel Strike+1","Pommel Strike+1"],"relics":["Burning Blood","NeowsBlessing","Regal Pillow","Oddly Smooth Stone","Orichalcum","Kunai","Odd Mushroom","Sozu","Smiling Mask","Red Mask","Thread and Needle","Pen Nib","Ornamental Fan","Black Star","Happy Flower","Boot","Dream Catcher"],"potions_floor_usage":[16,21,50],"damage_taken":[{"damage":0,"enemies":"Jaw Worm","floor":1,"turns":1},{"damage":0,"enemies":"2 Louse","floor":4,"turns":1},{"damage":0,"enemies":"Gremlin Nob","floor":7,"turns":1},{"damage":15,"enemies":"3 Sentries","floor":10,"turns":5},{"damage":3,"enemies":"The Mushroom Lair","floor":11,"turns":3},{"damage":6,"enemies":"Small Slimes","floor":13,"turns":2},{"damage":8,"enemies":"Red Slaver","floor":14,"turns":2},{"damage":19,"enemies":"Hexaghost","floor":16,"turns":8},{"damage":1,"enemies":"3 Byrds","floor":18,"turns":4},{"damage":14,"enemies":"Masked Bandits","floor":21,"turns":4},{"damage":11,"enemies":"2 Thieves","floor":24,"turns":3},{"damage":30,"enemies":"Slavers","floor":25,"turns":7},{"damage":9,"enemies":"Gremlin Leader","floor":28,"turns":6},{"damage":18,"enemies":"Sentry and Sphere","floor":30,"turns":4},{"damage":4,"enemies":"3 Cultists","floor":31,"turns":4},{"damage":46,"enemies":"Champ","floor":33,"turns":9},{"damage":2,"enemies":"3 Darklings","floor":35,"turns":6},{"damage":26,"enemies":"3 Shapes","floor":37,"turns":4},{"damage":28,"enemies":"3 Darklings","floor":38,"turns":3},{"damage":14,"enemies":"Jaw Worm Horde","floor":39,"turns":4},{"damage":30,"enemies":"Spire Growth","floor":42,"turns":4},{"damage":8,"enemies":"3 Darklings","floor":44,"turns":3},{"damage":3,"enemies":"Sphere and 2 Shapes","floor":45,"turns":3},{"damage":0,"enemies":"Transient","floor":46,"turns":5},{"damage":84,"enemies":"Donu and Deca","floor":50,"turns":8}],"seed_played":"9059184586741400934","potions_obtained":[{"floor":1,"key":"Energy Potion"},{"floor":4,"key":"Dexterity Potion"},{"floor":13,"key":"Fire Potion"}],"is_trial":false,"path_per_floor":["M","?","?","M","$","R","E","R","T","E","?","?","M","M","R","B",null,"M","?","$","?","?","R","M","E","T","R","E","R","M","M","R","B",null,"M","?","M","M","M","R","?","M","T","M","M","M","R","$","R","B"],"character_chosen":"IRONCLAD","items_purchased":["Boot","Dream Catcher"],"campfire_rested":3,"item_purchase_floors":[48,48],"current_hp_per_floor":[80,55,39,45,45,45,51,51,51,42,45,45,45,43,43,30,80,80,80,80,72,72,72,67,43,43,80,77,77,65,67,67,27,80,80,80,60,38,30,69,61,37,37,35,38,44,80,80,80,0],"gold":552,"neow_bonus":"THREE_ENEMY_KILL","is_prod":false,"is_daily":false,"chose_seed":false,"campfire_upgraded":7,"win_rate":0,"timestamp":1546148152,"path_taken":["M","?","?","M","$","R","E","R","T","E","?","?","?","M","R","BOSS","M","?","$","?","?","R","M","E","T","R","E","R","?","M","R","BOSS","M","?","M","M","M","R","?","M","T","M","?","?","R","$","R","BOSS"],"build_version":"2018-12-20","purchased_purges":3,"victory":false,"max_hp_per_floor":[80,80,80,80,80,80,80,80,80,80,80,80,80,80,80,80,80,80,80,80,80,80,80,80,80,80,80,80,80,80,80,80,80,80,80,80,80,80,80,80,80,80,80,80,80,80,80,80,80,80],"card_choices":[{"not_picked":["Pummel","Sword Boomerang","Metallicize"],"picked":"SKIP","floor":1},{"not_picked":["Sword Boomerang","Dropkick"],"picked":"Cleave","floor":4},{"not_picked":["Combust","Clothesline","Warcry"],"picked":"SKIP","floor":7},{"not_picked":["Flex","Wild Strike"],"picked":"Anger","floor":10},{"not_picked":["Anger","Sword Boomerang","Power Through"],"picked":"SKIP","floor":13},{"not_picked":["Battle Trance","Anger","Power Through"],"picked":"SKIP","floor":14},{"not_picked":["Thunderclap","Fire Breathing+1","Shockwave"],"picked":"SKIP","floor":18},{"not_picked":["Uppercut+1","Clothesline"],"picked":"Pommel Strike","floor":24},{"not_picked":["Pommel Strike","Headbutt","Flex"],"picked":"SKIP","floor":25},{"not_picked":["Battle Trance","Sword Boomerang","Warcry"],"picked":"SKIP","floor":28},{"not_picked":["Cleave+1","Hemokinesis","Pommel Strike"],"picked":"SKIP","floor":30},{"not_picked":["Corruption","Spot Weakness","Sword Boomerang+1"],"picked":"SKIP","floor":31},{"not_picked":["Entrench","True Grit"],"picked":"Pommel Strike+1","floor":35},{"not_picked":["Sword Boomerang","Pommel Strike","Havoc"],"picked":"SKIP","floor":37},{"not_picked":["Carnage+1","Shrug It Off","Sword Boomerang"],"picked":"SKIP","floor":38},{"not_picked":["Anger+1","Armaments+1","Sword Boomerang"],"picked":"SKIP","floor":39},{"not_picked":["Intimidate","Seeing Red","Dropkick+1"],"picked":"SKIP","floor":42},{"not_picked":["Cleave","Disarm","Rupture+1"],"picked":"SKIP","floor":44},{"not_picked":["Anger","Exhume","Power Through"],"picked":"SKIP","floor":45},{"not_picked":["Armaments","Headbutt","Bloodletting"],"picked":"SKIP","floor":46}],"player_experience":119620,"relics_obtained":[{"floor":7,"key":"Oddly Smooth Stone"},{"floor":9,"key":"Orichalcum"},{"floor":10,"key":"Kunai"},{"floor":11,"key":"Odd Mushroom"},{"floor":21,"key":"Red Mask"},{"floor":25,"key":"Thread and Needle"},{"floor":26,"key":"Pen Nib"},{"floor":28,"key":"Ornamental Fan"},{"floor":43,"key":"Happy Flower"}],"event_choices":[{"damage_healed":0,"gold_gain":0,"player_choice":"Success","damage_taken":25,"relics_obtained":["Regal Pillow"],"max_hp_gain":0,"max_hp_loss":0,"event_name":"Scrap Ooze","floor":2,"gold_loss":0},{"damage_healed":0,"gold_gain":0,"player_choice":"Entered Light","damage_taken":16,"max_hp_gain":0,"max_hp_loss":0,"event_name":"Shining Light","floor":3,"gold_loss":0,"cards_upgraded":["Strike_R","Defend_R"]},{"damage_healed":0,"gold_gain":0,"player_choice":"Fought Mushrooms","damage_taken":0,"max_hp_gain":0,"max_hp_loss":0,"event_name":"Mushrooms","floor":11,"gold_loss":0},{"damage_healed":0,"gold_gain":0,"player_choice":"0 cards matched","damage_taken":0,"max_hp_gain":0,"max_hp_loss":0,"event_name":"Match and Keep!","floor":12,"gold_loss":0,"cards_obtained":[]},{"damage_healed":0,"gold_gain":0,"player_choice":"Opened","damage_taken":0,"relics_obtained":["Smiling Mask"],"max_hp_gain":0,"max_hp_loss":0,"event_name":"The Mausoleum","floor":19,"gold_loss":0,"cards_obtained":["Writhe"]},{"damage_healed":0,"gold_gain":0,"player_choice":"Fought Bandits","damage_taken":0,"max_hp_gain":0,"max_hp_loss":0,"event_name":"Masked Bandits","floor":21,"gold_loss":0},{"cards_removed":["Defend_R"],"damage_healed":0,"gold_gain":0,"player_choice":"Gave Gold","damage_taken":0,"max_hp_gain":0,"max_hp_loss":0,"event_name":"Beggar","floor":22,"gold_loss":75},{"damage_healed":0,"gold_gain":222,"player_choice":"Wore Mask","damage_taken":0,"max_hp_gain":0,"max_hp_loss":0,"event_name":"Tomb of Lord Red Mask","floor":36,"gold_loss":0},{"damage_healed":0,"gold_gain":75,"player_choice":"Touch","damage_taken":8,"max_hp_gain":0,"max_hp_loss":0,"event_name":"FaceTrader","floor":41,"gold_loss":0}],"is_beta":false,"boss_relics":[{"not_picked":["Astrolabe","Pandora\u0027s Box"],"picked":"Sozu"},{"not_picked":["Cursed Key","Orrery"],"picked":"Black Star"}],"items_purged_floors":[5,20,48],"is_endless":false,"potions_floor_spawned":[1,4,13,25,30,31,35,38,39,46],"killed_by":"Donu and Deca","ascension_level":2}