{"gold_per_floor":[111,111,131,98,113,139,139,166,219,219,250,250,269,295,295,400,400,389,401,206,206,221,250,250,250,325,335,335,361,166,186,186,186],"floor_reached":33,"playtime":2116,"items_purged":[],"score":407,"play_id":"253284c1-8e3f-479c-a20e-5acf6d4c908e","local_time":"20181213205932","is_ascension_mode":true,"campfire_choices":[{"data":"Footwork","floor":7,"key":"SMITH"},{"data":"A Thousand Cuts","floor":10,"key":"SMITH"},{"floor":15,"key":"REST"},{"floor":25,"key":"REST"},{"floor":28,"key":"REST"},{"floor":32,"key":"REST"}],"neow_cost":"CURSE","seed_source_timestamp":469039589997628,"circlet_count":0,"master_deck":["Defend_G","Defend_G","Defend_G","Defend_G","Defend_G","Strike_G","Strike_G","Strike_G","Strike_G","Strike_G","Survivor","Neutralize","Slice","Dash","Blur","Footwork+1","A Thousand Cuts+1","Dash","A Thousand Cuts","Outmaneuver+1","Caltrops","Caltrops","Backstab+1"],"relics":["Ring of the Snake","Ginger","Letter Opener","Ancient Tea Set","Blood Vial","Vajra","Bag of Preparation","Black Star","Juzu Bracelet","Pen Nib","Centennial Puzzle","Enchiridion","Ornamental Fan","Mercury Hourglass","Incense Burner","Happy Flower"],"potions_floor_usage":[6,8,14,22,23,33,33],"damage_taken":[{"damage":2,"enemies":"Small Slimes","floor":1,"turns":4},{"damage":1,"enemies":"Jaw Worm","floor":3,"turns":4},{"damage":1,"enemies":"Cultist","floor":5,"turns":4},{"damage":7,"enemies":"3 Sentries","floor":6,"turns":14},{"damage":3,"enemies":"Lagavulin","floor":8,"turns":9},{"damage":14,"enemies":"Gremlin Nob","floor":11,"turns":5},{"damage":0,"enemies":"2 Fungi Beasts","floor":13,"turns":4},{"damage":0,"enemies":"3 Sentries","floor":14,"turns":10},{"damage":0,"enemies":"The Guardian","floor":16,"turns":15},{"damage":7,"enemies":"2 Thieves","floor":18,"turns":4},{"damage":6,"enemies":"Shell Parasite","floor":19,"turns":10},{"damage":6,"enemies":"Snake Plant","floor":22,"turns":4},{"damage":41,"enemies":"Gremlin Leader","floor":23,"turns":7},{"damage":1,"enemies":"Centurion and Healer","floor":27,"turns":7},{"damage":16,"enemies":"Book of Stabbing","floor":29,"turns":6},{"damage":0,"enemies":"Chosen and Byrds","floor":31,"turns":7},{"damage":78,"enemies":"Champ","floor":33,"turns":8}],"seed_played":"-7455248583726678746","potions_obtained":[{"floor":1,"key":"Poison Potion"},{"floor":3,"key":"Block Potion"},{"floor":6,"key":"Poison Potion"},{"floor":16,"key":"EssenceOfSteel"},{"floor":18,"key":"Block Potion"},{"floor":31,"key":"Poison Potion"}],"is_trial":false,"path_per_floor":["M","?","M","$","M","E","R","E","T","R","E","?","M","E","R","B",null,"M","M","$","?","M","E","?","R","T","M","R","E","$","M","R","B"],"character_chosen":"THE_SILENT","items_purchased":["Blur","Caltrops","Juzu Bracelet","Happy Flower","Energy Potion"],"campfire_rested":4,"item_purchase_floors":[4,20,20,30,30],"current_hp_per_floor":[68,73,72,72,71,64,64,61,61,61,49,49,51,53,72,72,72,65,61,61,61,57,18,2,23,23,24,45,31,31,33,54,0],"gold":186,"neow_bonus":"ONE_RARE_RELIC","is_prod":false,"is_daily":false,"chose_seed":false,"campfire_upgraded":2,"win_rate":0,"timestamp":1544731172,"path_taken":["M","?","M","$","M","E","R","E","T","R","E","?","M","E","R","BOSS","M","M","$","?","M","E","?","R","T","M","R","E","$","M","R","BOSS"],"build_version":"2018-12-06","purchased_purges":0,"victory":false,"max_hp_per_floor":[70,75,75,75,75,75,75,75,75,75,75,72,72,72,72,72,72,72,72,72,72,72,72,72,72,72,72,72,72,72,72,72,72],"card_choices":[{"not_picked":["Outmaneuver","Deadly Poison"],"picked":"Slice","floor":1},{"not_picked":["Outmaneuver","Well Laid Plans"],"picked":"Dash","floor":3},{"not_picked":["PiercingWail","Blade Dance"],"picked":"Footwork","floor":5},{"not_picked":["Flechettes","Blade Dance","Heel Hook"],"picked":"SKIP","floor":6},{"not_picked":["Dodge and Roll","Wraith Form v2"],"picked":"A Thousand Cuts","floor":8},{"not_picked":["Deadly Poison","Tactician"],"picked":"Dash","floor":11},{"not_picked":["Calculated Gamble","Dodge and Roll","Acrobatics"],"picked":"SKIP","floor":13},{"not_picked":["Cloak And Dagger","Crippling Poison","Acrobatics"],"picked":"SKIP","floor":14},{"not_picked":["Venomology","Malaise"],"picked":"A Thousand Cuts","floor":16},{"not_picked":["Escape Plan","Sucker Punch"],"picked":"Outmaneuver+1","floor":18},{"not_picked":["Acrobatics","Dodge and Roll+1","Quick Slash"],"picked":"SKIP","floor":19},{"not_picked":["Catalyst","Quick Slash","Dagger Spray"],"picked":"SKIP","floor":22},{"not_picked":["Malaise","Dagger Throw+1","Cloak And Dagger"],"picked":"SKIP","floor":23},{"not_picked":["Accuracy","Bane","Flying Knee"],"picked":"SKIP","floor":27},{"not_picked":["Bouncing Flask","Deadly Poison+1"],"picked":"Backstab+1","floor":29},{"not_picked":["Prepared","Quick Slash","Calculated Gamble"],"picked":"SKIP","floor":31}],"player_experience":168779,"relics_obtained":[{"floor":6,"key":"Letter Opener"},{"floor":8,"key":"Ancient Tea Set"},{"floor":9,"key":"Blood Vial"},{"floor":11,"key":"Vajra"},{"floor":14,"key":"Bag of Preparation"},{"floor":23,"key":"Pen Nib"},{"floor":23,"key":"Centennial Puzzle"},{"floor":24,"key":"Enchiridion"},{"floor":26,"key":"Ornamental Fan"},{"floor":29,"key":"Mercury Hourglass"},{"floor":29,"key":"Incense Burner"}],"event_choices":[{"damage_healed":0,"gold_gain":0,"player_choice":"Donut","damage_taken":0,"max_hp_gain":5,"max_hp_loss":0,"event_name":"Big Fish","floor":2,"gold_loss":0},{"cards_removed":["Parasite"],"damage_healed":0,"gold_gain":0,"player_choice":"Purged","damage_taken":0,"max_hp_gain":0,"max_hp_loss":0,"event_name":"Purifier","floor":12,"gold_loss":0},{"damage_healed":0,"gold_gain":0,"player_choice":"Read","damage_taken":0,"max_hp_gain":0,"max_hp_loss":0,"event_name":"The Library","floor":21,"gold_loss":0,"cards_obtained":["Caltrops"]},{"damage_healed":0,"gold_gain":0,"player_choice":"Obtained Book","damage_taken":16,"max_hp_gain":0,"max_hp_loss":0,"event_name":"Cursed Tome","floor":24,"gold_loss":0}],"is_beta":false,"boss_relics":[{"not_picked":["Astrolabe","Runic Dome"],"picked":"Black Star"}],"items_purged_floors":[],"is_endless":false,"potions_floor_spawned":[1,3,6,16,18,31],"killed_by":"Champ","ascension_level":1}