{"gold_per_floor":[119,37,37,37,56,56,79,119,119,119,159,230,250,425,425,544,544,565,565,294,277,277,320,340,16,16,291,311,311,329,329],"floor_reached":31,"playtime":2555,"items_purged":["Doubt","Injury"],"score":276,"play_id":"1ace12ac-cbbb-4487-8ea1-3f09bc7a5170","local_time":"20190113173600","is_ascension_mode":true,"campfire_choices":[{"data":"Anger","floor":6,"key":"SMITH"},{"data":"Rage","floor":10,"key":"SMITH"},{"data":"Pommel Strike","floor":15,"key":"SMITH"},{"data":"Barricade","floor":29,"key":"SMITH"}],"neow_cost":"NONE","seed_source_timestamp":135839085386186,"circlet_count":0,"master_deck":["Strike_R","Strike_R","Strike_R","Strike_R","Strike_R","Defend_R","Defend_R","Defend_R","Defend_R","Bash","Anger+1","Metallicize","Headbutt","Thunderclap","Rage+1","Flame Barrier","Flame Barrier","Pommel Strike+1","Barricade+1","Armaments","Body Slam","Clothesline","Metallicize","Offering","Warcry"],"relics":["Burning Blood","Golden Idol","Dream Catcher","Dodecahedron","Bottled Lightning","Lantern","Busted Crown","CultistMask","Omamori","Blood Vial","Sundial"],"potions_floor_usage":[16,16,16,28,31],"damage_taken":[{"damage":8,"enemies":"Jaw Worm","floor":1,"turns":5},{"damage":0,"enemies":"Cultist","floor":5,"turns":2},{"damage":2,"enemies":"Small Slimes","floor":7,"turns":3},{"damage":28,"enemies":"Lagavulin","floor":8,"turns":6},{"damage":5,"enemies":"3 Sentries","floor":11,"turns":7},{"damage":9,"enemies":"Gremlin Nob","floor":12,"turns":4},{"damage":12,"enemies":"Blue Slaver","floor":13,"turns":4},{"damage":70,"enemies":"Slime Boss","floor":16,"turns":18},{"damage":4,"enemies":"Shell Parasite","floor":18,"turns":6},{"damage":20,"enemies":"2 Thieves","floor":21,"turns":4},{"damage":28,"enemies":"Book of Stabbing","floor":23,"turns":6},{"damage":13,"enemies":"Snake Plant","floor":24,"turns":4},{"damage":7,"enemies":"Cultist and Chosen","floor":28,"turns":8},{"damage":15,"enemies":"Centurion and Healer","floor":30,"turns":7},{"damage":47,"enemies":"Slavers","floor":31,"turns":3}],"seed_played":"1593416002355200274","potions_obtained":[{"floor":5,"key":"Dexterity Potion"},{"floor":12,"key":"Regen Potion"},{"floor":13,"key":"Dexterity Potion"},{"floor":23,"key":"GamblersBrew"},{"floor":28,"key":"SpeedPotion"}],"is_trial":false,"path_per_floor":["M","$","?","?","M","R","M","E","T","R","E","?","M","?","R","B",null,"M","?","$","M","?","E","M","$","T","?","M","R","M","E"],"character_chosen":"IRONCLAD","items_purchased":["Metallicize","Armaments","Omamori","Metallicize","Offering"],"campfire_rested":0,"item_purchase_floors":[2,20,20,25,25],"current_hp_per_floor":[86,86,86,88,88,88,88,66,66,66,67,64,58,58,58,9,88,88,88,88,74,74,52,47,47,47,47,48,48,41,0],"gold":329,"neow_bonus":"TEN_PERCENT_HP_BONUS","is_prod":false,"is_daily":false,"chose_seed":false,"campfire_upgraded":4,"win_rate":0,"timestamp":1547418960,"path_taken":["M","$","?","?","?","R","M","E","T","R","E","?","M","?","R","BOSS","M","?","$","?","?","E","M","$","T","?","M","R","?","E"],"build_version":"2019-01-10","purchased_purges":2,"victory":false,"max_hp_per_floor":[88,88,88,88,88,88,88,88,88,88,88,88,88,88,88,88,88,88,88,88,88,88,88,88,88,88,88,88,88,88,88],"card_choices":[{"not_picked":["Warcry","Thunderclap"],"picked":"Anger","floor":1},{"not_picked":["Cleave","Clothesline"],"picked":"Headbutt","floor":5},{"not_picked":["Heavy Blade","Twin Strike"],"picked":"Thunderclap","floor":7},{"not_picked":["Corruption","Sword Boomerang"],"picked":"Rage","floor":8},{"not_picked":["Spot Weakness","Uppercut"],"picked":"Flame Barrier","floor":11},{"not_picked":["Fiend Fire","Thunderclap"],"picked":"Flame Barrier","floor":12},{"not_picked":["Twin Strike","Uppercut"],"picked":"Pommel Strike","floor":13},{"not_picked":["Berserk","Feed"],"picked":"Barricade","floor":16},{"not_picked":["Perfected Strike+1"],"picked":"SKIP","floor":18},{"not_picked":[],"picked":"Body Slam","floor":21},{"not_picked":[],"picked":"Clothesline","floor":23},{"not_picked":["Perfected Strike+1"],"picked":"SKIP","floor":24},{"not_picked":[],"picked":"Warcry","floor":28},{"not_picked":["Pummel"],"picked":"SKIP","floor":30}],"player_experience":86464,"relics_obtained":[{"floor":8,"key":"Dream Catcher"},{"floor":9,"key":"Dodecahedron"},{"floor":11,"key":"Bottled Lightning"},{"floor":12,"key":"Lantern"},{"floor":23,"key":"Blood Vial"},{"floor":26,"key":"Sundial"}],"event_choices":[{"damage_healed":0,"gold_gain":0,"player_choice":"Take Wound","damage_taken":0,"relics_obtained":["Golden Idol"],"max_hp_gain":0,"max_hp_loss":0,"event_name":"Golden Idol","floor":3,"gold_loss":0,"cards_obtained":["Injury"]},{"damage_healed":2,"gold_gain":0,"player_choice":"Full Heal","damage_taken":0,"max_hp_gain":0,"max_hp_loss":0,"event_name":"Wheel of Change","floor":4,"gold_loss":0},{"damage_healed":0,"gold_gain":0,"player_choice":"Searched \u00271\u0027 times","damage_taken":0,"max_hp_gain":0,"max_hp_loss":0,"event_name":"Dead Adventurer","floor":12,"gold_loss":0},{"damage_healed":0,"gold_gain":175,"player_choice":"AGREE","damage_taken":0,"max_hp_gain":0,"max_hp_loss":0,"event_name":"Liars Game","floor":14,"gold_loss":0,"cards_obtained":["Doubt"]},{"damage_healed":0,"gold_gain":0,"player_choice":"Trade","damage_taken":0,"relics_obtained":["CultistMask"],"max_hp_gain":0,"max_hp_loss":0,"event_name":"FaceTrader","floor":19,"gold_loss":0},{"damage_healed":0,"gold_gain":0,"player_choice":"Ignored","damage_taken":0,"max_hp_gain":0,"max_hp_loss":0,"event_name":"Ghosts","floor":22,"gold_loss":0},{"damage_healed":0,"gold_gain":275,"player_choice":"Desecrate","damage_taken":0,"max_hp_gain":0,"max_hp_loss":0,"event_name":"Golden Shrine","floor":27,"gold_loss":0,"cards_obtained":["Regret"]}],"is_beta":false,"boss_relics":[{"not_picked":["Orrery","Ectoplasm"],"picked":"Busted Crown"}],"items_purged_floors":[20,25],"is_endless":false,"potions_floor_spawned":[5,12,13,23,28],"killed_by":"Slavers","ascension_level":1}