{"gold_per_floor":[111,121,46,57,75,75,105,105,105,124,124,136,152,170,170,269,269,280,280,44,56,69,69,69,86,86,86,86],"floor_reached":28,"playtime":1100,"items_purged":["Strike_R"],"score":258,"play_id":"44938a9a-17ab-4393-8888-58ca755af0c7","local_time":"20190120124609","is_ascension_mode":true,"campfire_choices":[{"data":"Forethought","floor":6.0,"key":"SMITH"},{"floor":8.0,"key":"REST"},{"data":"Armaments","floor":11.0,"key":"SMITH"},{"data":"Metallicize","floor":15.0,"key":"SMITH"},{"floor":23,"key":"REST"}],"neow_cost":"NONE","seed_source_timestamp":4700751540211,"circlet_count":0,"master_deck":["Strike_R","Strike_R","Strike_R","Strike_R","Defend_R","Defend_R","Defend_R","Defend_R","Bash","Forethought+1","Sever Soul","Shrug It Off","Double Tap","Heavy Blade","Armaments+1","Shockwave","Metallicize+1","Clothesline","Reaper","Inflame","Limit Break","Flame Barrier","Flex+1","RitualDagger"],"special_seed":0,"relics":["Burning Blood","StoneCalendar","Fusion Hammer","Nloth\u0027s Gift","Strawberry","Matryoshka"],"potions_floor_usage":[25,28],"damage_taken":[{"damage":7.0,"enemies":"Small Slimes","floor":1.0,"turns":3.0},{"damage":10.0,"enemies":"Cultist","floor":2.0,"turns":4.0},{"damage":10.0,"enemies":"2 Louse","floor":4.0,"turns":3.0},{"damage":14.0,"enemies":"Large Slime","floor":5.0,"turns":11.0},{"damage":25.0,"enemies":"Gremlin Nob","floor":7.0,"turns":4.0},{"damage":15.0,"enemies":"Gremlin Gang","floor":10.0,"turns":7.0},{"damage":1.0,"enemies":"Looter","floor":12.0,"turns":4.0},{"damage":20.0,"enemies":"Red Slaver","floor":13.0,"turns":5.0},{"damage":28.0,"enemies":"Exordium Wildlife","floor":14.0,"turns":7.0},{"damage":15.0,"enemies":"Slime Boss","floor":16.0,"turns":7.0},{"damage":5.0,"enemies":"Chosen","floor":18.0,"turns":5.0},{"damage":49.0,"enemies":"3 Byrds","floor":21.0,"turns":7.0},{"damage":36,"enemies":"Sentry and Sphere","floor":22,"turns":8},{"damage":23,"enemies":"Centurion and Healer","floor":25,"turns":5},{"damage":50,"enemies":"Book of Stabbing","floor":28,"turns":6}],"seed_played":"-591341589997460609","potions_obtained":[{"floor":2.0,"key":"BloodPotion"},{"floor":5.0,"key":"SkillPotion"},{"floor":7.0,"key":"Dexterity Potion"},{"floor":10.0,"key":"Weak Potion"},{"floor":22,"key":"BloodPotion"}],"is_trial":false,"path_per_floor":["M","M","$","M","M","R","E","R","T","M","R","M","M","M","R","B",null,"M","?","$","M","M","R","$","M","T","?","E"],"character_chosen":"IRONCLAD","items_purchased":["Strawberry","Inflame"],"campfire_rested":2,"item_purchase_floors":[20,20],"current_hp_per_floor":[79,75,75,71,63,63,44,68,68,59,59,64,50,36,36,27,80,80,80,87,58,28,54,54,45,45,39,0],"gold":86,"neow_bonus":"RANDOM_COLORLESS","is_prod":false,"is_daily":false,"chose_seed":false,"campfire_upgraded":3,"win_rate":0,"timestamp":1547984769,"path_taken":["M","M","$","M","M","R","E","R","T","M","R","M","M","M","R","BOSS","M","?","$","?","M","R","?","M","T","?","E"],"build_version":"2019-01-17v2","purchased_purges":1,"victory":false,"max_hp_per_floor":[80,80,80,80,80,80,80,80,80,80,80,80,80,80,80,80,80,80,80,87,87,87,87,87,87,87,87,87],"card_choices":[{"not_picked":["Body Slam","Headbutt"],"picked":"Sever Soul","floor":1.0},{"not_picked":["Thunderclap","Spot Weakness"],"picked":"Shrug It Off","floor":2.0},{"not_picked":["Perfected Strike","Heavy Blade"],"picked":"Double Tap","floor":4.0},{"not_picked":["Disarm","Dropkick"],"picked":"Heavy Blade","floor":5.0},{"not_picked":["Battle Trance","Headbutt"],"picked":"Armaments","floor":7.0},{"not_picked":["Bloodletting","Armaments"],"picked":"Shockwave","floor":10.0},{"not_picked":["Havoc","Twin Strike","Body Slam"],"picked":"SKIP","floor":12.0},{"not_picked":["Rampage","True Grit"],"picked":"Metallicize","floor":13.0},{"not_picked":["Headbutt","Hemokinesis"],"picked":"Clothesline","floor":14.0},{"not_picked":["Juggernaut","Immolate"],"picked":"Reaper","floor":16.0},{"not_picked":["Battle Trance","Pommel Strike","Seeing Red"],"picked":"SKIP","floor":18.0},{"not_picked":["Infernal Blade","Havoc"],"picked":"Limit Break","floor":21.0},{"not_picked":["Pummel","Offering"],"picked":"Flame Barrier","floor":22},{"not_picked":["Intimidate","Havoc"],"picked":"Flex+1","floor":25}],"player_experience":229406,"relics_obtained":[{"floor":7.0,"key":"WingedGreaves"},{"floor":9.0,"key":"StoneCalendar"},{"floor":26,"key":"Matryoshka"}],"event_choices":[{"damage_healed":0.0,"max_hp_gain":0.0,"max_hp_loss":0.0,"gold_gain":0.0,"event_name":"N\u0027loth","player_choice":"Traded Relic","floor":19.0,"relics_lost":["WingedGreaves"],"gold_loss":0.0,"damage_taken":0.0,"relics_obtained":["Nloth\u0027s Gift"]},{"damage_healed":0,"gold_gain":0,"player_choice":"Joined the Cult","damage_taken":6,"max_hp_gain":0,"max_hp_loss":0,"event_name":"Nest","floor":27,"gold_loss":0,"cards_obtained":["RitualDagger"]}],"is_beta":false,"boss_relics":[{"not_picked":["White Beast Statue","Orrery"],"picked":"Fusion Hammer"}],"items_purged_floors":[3],"is_endless":false,"potions_floor_spawned":[2,5,7,10,12,22],"killed_by":"Book of Stabbing","ascension_level":3}