{"gold_per_floor":[110,127,127,127,144,176,195,195,195,224,224,42,42,58,58,162,162,182,198,198,209,225,225,258,258,282,282,1,18,43,58,58,58],"floor_reached":33,"playtime":1917,"items_purged":["Strike_R"],"score":347,"play_id":"7fc687c9-3087-4b51-9c70-78d33f060350","local_time":"20190126150242","is_ascension_mode":false,"campfire_choices":[{"floor":13.0,"key":"REST"},{"floor":15.0,"key":"REST"},{"floor":23.0,"key":"REST"},{"floor":25.0,"key":"REST"},{"floor":27.0,"key":"DIG"},{"floor":32.0,"key":"REST"}],"neow_cost":"NONE","seed_source_timestamp":22537008951777,"circlet_count":0,"master_deck":["Strike_R","Strike_R","Strike_R","Defend_R","Defend_R","Defend_R","Defend_R","Bash","Headbutt","Shrug It Off","Ghostly Armor","Barricade+1","Iron Wave","Metallicize","Shrug It Off","Disarm","Entrench","Immolate","Disarm","Body Slam+1","Flame Barrier","Evolve","Spot Weakness","Heavy Blade","Impervious","True Grit","Shockwave","Flame Barrier+1"],"special_seed":0,"relics":["Burning Blood","Vajra","Singing Bowl","Letter Opener","Kunai","Red Skull","Black Star","Shovel","The Courier","Strawberry","Happy Flower","Mango","Anchor"],"potions_floor_usage":[33],"damage_taken":[{"damage":0.0,"enemies":"Cultist","floor":1.0,"turns":4.0},{"damage":1.0,"enemies":"Jaw Worm","floor":2.0,"turns":3.0},{"damage":6.0,"enemies":"2 Louse","floor":5.0,"turns":3.0},{"damage":14.0,"enemies":"3 Sentries","floor":6.0,"turns":15.0},{"damage":44.0,"enemies":"Gremlin Gang","floor":7.0,"turns":6.0},{"damage":34.0,"enemies":"Lagavulin","floor":10.0,"turns":12.0},{"damage":2.0,"enemies":"Blue Slaver","floor":14.0,"turns":5.0},{"damage":17.0,"enemies":"Hexaghost","floor":16.0,"turns":29.0},{"damage":32.0,"enemies":"3 Byrds","floor":18.0,"turns":11.0},{"damage":20.0,"enemies":"2 Thieves","floor":19.0,"turns":3.0},{"damage":14.0,"enemies":"Snake Plant","floor":21.0,"turns":8.0},{"damage":12.0,"enemies":"Snecko","floor":22.0,"turns":5.0},{"damage":20.0,"enemies":"Book of Stabbing","floor":24.0,"turns":7.0},{"damage":6.0,"enemies":"Centurion and Healer","floor":29.0,"turns":10.0},{"damage":48.0,"enemies":"Slavers","floor":30.0,"turns":7.0},{"damage":31.0,"enemies":"3 Cultists","floor":31.0,"turns":5.0},{"damage":60,"enemies":"Automaton","floor":33,"turns":6}],"seed_played":"-3459594173110083561","potions_obtained":[{"floor":5.0,"key":"SpeedPotion"},{"floor":7.0,"key":"BloodPotion"},{"floor":10.0,"key":"Explosive Potion"},{"floor":14.0,"key":"Dexterity Potion"},{"floor":16.0,"key":"LiquidBronze"},{"floor":19.0,"key":"Energy Potion"},{"floor":24.0,"key":"SpeedPotion"}],"is_trial":false,"path_per_floor":["M","M","?","?","M","E","M","?","T","E","?","$","R","M","R","B",null,"M","M","?","M","M","R","E","R","T","R","$","M","E","M","R","B"],"character_chosen":"IRONCLAD","items_purchased":["Metallicize","Shrug It Off","Disarm","Spot Weakness","Heavy Blade","Impervious"],"campfire_rested":5,"item_purchase_floors":[12,12,12,28,28,28],"current_hp_per_floor":[80,80,73,78,78,70,34,31,31,11,11,11,37,41,67,56,87,61,47,47,39,35,61,47,73,80,80,80,80,52,27,60,0],"gold":58,"neow_bonus":"RANDOM_COMMON_RELIC","is_prod":false,"is_daily":false,"chose_seed":false,"campfire_upgraded":0,"win_rate":0,"timestamp":1548536562,"path_taken":["M","?","?","?","M","E","M","?","T","E","?","$","R","M","R","BOSS","M","?","?","M","M","R","E","R","T","R","$","M","E","?","R","BOSS"],"build_version":"2019-01-23","purchased_purges":1,"victory":false,"max_hp_per_floor":[80,80,80,85,85,85,87,87,87,87,87,87,87,87,87,87,87,87,87,87,87,89,89,89,89,96,96,96,96,110,110,110,110],"card_choices":[{"not_picked":["Wild Strike","True Grit"],"picked":"Headbutt","floor":1.0},{"not_picked":["Perfected Strike","Clash"],"picked":"Shrug It Off","floor":2.0},{"not_picked":["Burning Pact","Entrench"],"picked":"Ghostly Armor","floor":5.0},{"not_picked":["Metallicize","Twin Strike"],"picked":"Barricade","floor":6.0},{"not_picked":["Twin Strike","Armaments","Clothesline"],"picked":"Singing Bowl","floor":7.0},{"not_picked":["Blood for Blood","Sentinel"],"picked":"Iron Wave","floor":10.0},{"not_picked":["Intimidate","Perfected Strike"],"picked":"Entrench","floor":14.0},{"not_picked":["Brutality","Dark Embrace"],"picked":"Immolate","floor":16.0},{"not_picked":["Warcry","Dropkick+1"],"picked":"Disarm","floor":18.0},{"not_picked":["Headbutt+1","Twin Strike+1"],"picked":"Body Slam+1","floor":19.0},{"not_picked":["Clash+1","Sentinel"],"picked":"Flame Barrier","floor":21.0},{"not_picked":["Headbutt","Rupture","Pommel Strike"],"picked":"Singing Bowl","floor":22.0},{"not_picked":["Wild Strike","Infernal Blade"],"picked":"Evolve","floor":24.0},{"not_picked":["Ghostly Armor","Clothesline+1"],"picked":"True Grit","floor":29.0},{"not_picked":["Flame Barrier","Blood for Blood+1"],"picked":"Shockwave","floor":30.0},{"not_picked":["Reckless Charge","Anger"],"picked":"Flame Barrier+1","floor":31.0}],"player_experience":324285,"relics_obtained":[{"floor":6.0,"key":"Singing Bowl"},{"floor":9.0,"key":"Kunai"},{"floor":10.0,"key":"Red Skull"},{"floor":24.0,"key":"Shovel"},{"floor":24.0,"key":"The Courier"},{"floor":26.0,"key":"Strawberry"},{"floor":27.0,"key":"Happy Flower"},{"floor":30.0,"key":"Mango"},{"floor":30.0,"key":"Anchor"}],"event_choices":[{"cards_removed":["Strike_R"],"damage_healed":0.0,"max_hp_gain":0.0,"max_hp_loss":0.0,"gold_gain":0.0,"event_name":"Golden Wing","player_choice":"Card Removal","floor":3.0,"gold_loss":0.0,"damage_taken":7.0},{"damage_healed":0.0,"max_hp_gain":5.0,"max_hp_loss":0.0,"gold_gain":0.0,"event_name":"Big Fish","player_choice":"Donut","floor":4.0,"gold_loss":0.0,"damage_taken":0.0},{"damage_healed":0.0,"max_hp_gain":0.0,"max_hp_loss":0.0,"gold_gain":0.0,"event_name":"Scrap Ooze","player_choice":"Success","floor":8.0,"gold_loss":0.0,"damage_taken":3.0,"relics_obtained":["Letter Opener"]},{"damage_healed":0.0,"max_hp_gain":0.0,"max_hp_loss":0.0,"gold_gain":0.0,"event_name":"Accursed Blacksmith","player_choice":"Forge","floor":11.0,"gold_loss":0.0,"damage_taken":0.0,"cards_upgraded":["Barricade"]},{"damage_healed":0.0,"max_hp_gain":0.0,"max_hp_loss":0.0,"gold_gain":0.0,"event_name":"N\u0027loth","player_choice":"Ignored","floor":20.0,"gold_loss":0.0,"damage_taken":0.0}],"is_beta":false,"boss_relics":[{"not_picked":["Busted Crown","Astrolabe"],"picked":"Black Star"}],"items_purged_floors":[28],"is_endless":false,"potions_floor_spawned":[5,7,10,14,16,19,24],"killed_by":"Automaton","ascension_level":0}