{"gold_per_floor":[114,114,114,114,126,152,152,163,163,147,147,161,178,190,190,291,291,303,303,303],"floor_reached":20,"playtime":602,"items_purged":[],"score":246,"play_id":"7b294832-0b24-4c8f-b347-2f14e45cce8a","local_time":"20190103195217","is_ascension_mode":true,"campfire_choices":[{"floor":7.0,"key":"REST"},{"data":"Carnage","floor":11.0,"key":"SMITH"},{"data":"Wild Strike","floor":15.0,"key":"SMITH"}],"neow_cost":"NONE","seed_source_timestamp":0,"circlet_count":0,"master_deck":["Strike_R+1","Strike_R+1","Strike_R","Strike_R","Strike_R","Defend_R","Defend_R","Defend_R","Defend_R","Bash","Dark Embrace","Carnage+1","Pommel Strike","Wild Strike+1","Feed","Shrug It Off"],"special_seed":0,"relics":["Burning Blood","Pantograph","Shuriken","Runic Pyramid"],"potions_floor_usage":[],"damage_taken":[{"damage":5.0,"enemies":"Small Slimes","floor":1.0,"turns":5.0},{"damage":8.0,"enemies":"2 Louse","floor":5.0,"turns":3.0},{"damage":24.0,"enemies":"Gremlin Nob","floor":6.0,"turns":4.0},{"damage":12.0,"enemies":"Jaw Worm","floor":8.0,"turns":2.0},{"damage":12.0,"enemies":"Exordium Thugs","floor":10.0,"turns":4.0},{"damage":0.0,"enemies":"3 Louse","floor":12.0,"turns":4.0},{"damage":4.0,"enemies":"Red Slaver","floor":13.0,"turns":2.0},{"damage":1.0,"enemies":"Looter","floor":14.0,"turns":2.0},{"damage":56.0,"enemies":"The Guardian","floor":16.0,"turns":11.0},{"damage":36,"enemies":"2 Thieves","floor":18,"turns":4},{"damage":28,"enemies":"Colosseum Slavers","floor":19,"turns":5},{"damage":13,"enemies":"Shell Parasite","floor":20,"turns":3}],"seed_played":"697034160301807521","potions_obtained":[{"floor":6.0,"key":"Dexterity Potion"},{"floor":10.0,"key":"AttackPotion"},{"floor":12.0,"key":"LiquidBronze"},{"floor":14.0,"key":"LiquidBronze"}],"is_trial":false,"path_per_floor":["M","?","?","?","M","E","R","M","T","M","R","M","M","M","R","B",null,"M","?","M"],"character_chosen":"IRONCLAD","items_purchased":[],"campfire_rested":1,"item_purchase_floors":[],"current_hp_per_floor":[73,73,57,62,60,42,67,61,61,55,55,61,63,68,68,35,73,46,27,14],"gold":303,"neow_bonus":"ONE_RANDOM_RARE_CARD","is_prod":false,"is_daily":false,"chose_seed":false,"campfire_upgraded":2,"win_rate":0,"timestamp":1546541537,"path_taken":["M","?","?","?","M","E","R","M","T","M","R","M","?","M","R","BOSS","M","?","M"],"build_version":"2018-12-20","purchased_purges":0,"victory":false,"max_hp_per_floor":[80,80,80,85,85,85,85,85,85,85,85,85,85,85,85,85,85,88,91,91],"card_choices":[{"not_picked":["Havoc","Sword Boomerang","Fire Breathing"],"picked":"SKIP","floor":1.0},{"not_picked":["Fire Breathing","Anger","Cleave"],"picked":"SKIP","floor":5.0},{"not_picked":["Sword Boomerang","Double Tap"],"picked":"Carnage","floor":6.0},{"not_picked":["Burning Pact","Cleave"],"picked":"Pommel Strike","floor":8.0},{"not_picked":["Twin Strike","Clash"],"picked":"Wild Strike","floor":10.0},{"not_picked":["Rampage","Clothesline","Burning Pact"],"picked":"SKIP","floor":12.0},{"not_picked":["Uppercut","Rampage","Thunderclap"],"picked":"SKIP","floor":13.0},{"not_picked":["Headbutt","Cleave","Clash"],"picked":"SKIP","floor":14.0},{"not_picked":["Reaper","Brutality"],"picked":"Feed","floor":16.0},{"not_picked":["Body Slam+1","Rupture+1"],"picked":"Shrug It Off","floor":18}],"player_experience":254258,"relics_obtained":[{"floor":6.0,"key":"Pantograph"},{"floor":9.0,"key":"Shuriken"}],"event_choices":[{"damage_healed":0.0,"max_hp_gain":0.0,"max_hp_loss":0.0,"gold_gain":0.0,"event_name":"The Cleric","player_choice":"Leave","floor":2.0,"gold_loss":0.0,"damage_taken":0.0},{"damage_healed":0.0,"max_hp_gain":0.0,"max_hp_loss":0.0,"gold_gain":0.0,"event_name":"Shining Light","player_choice":"Entered Light","floor":3.0,"gold_loss":0.0,"damage_taken":16.0,"cards_upgraded":["Strike_R","Strike_R"]},{"damage_healed":0.0,"max_hp_gain":5.0,"max_hp_loss":0.0,"gold_gain":0.0,"event_name":"Big Fish","player_choice":"Donut","floor":4.0,"gold_loss":0.0,"damage_taken":0.0},{"damage_healed":0,"gold_gain":0,"player_choice":"Fight","damage_taken":0,"max_hp_gain":0,"max_hp_loss":0,"event_name":"Colosseum","floor":19,"gold_loss":0},{"damage_healed":0,"gold_gain":0,"player_choice":"Fled From Nobs","damage_taken":0,"max_hp_gain":0,"max_hp_loss":0,"event_name":"Colosseum","floor":19,"gold_loss":0}],"is_beta":false,"boss_relics":[{"not_picked":["Busted Crown","Lizard Tail"],"picked":"Runic Pyramid"}],"items_purged_floors":[],"is_endless":false,"potions_floor_spawned":[6,10,12,14,19],"killed_by":"Shell Parasite","ascension_level":8}