{"gold_per_floor":[116,133,149,169,169,198,198,163,163,163,174,174,199,179,179,179],"floor_reached":16,"playtime":745,"items_purged":[],"score":149,"play_id":"76554d51-c928-4e65-8ac4-109d65b0be7f","local_time":"20181222145138","is_ascension_mode":true,"campfire_choices":[{"floor":7,"key":"REST"},{"floor":12,"key":"REST"},{"floor":15,"key":"REST"}],"neow_cost":"NONE","seed_source_timestamp":225131909345421,"circlet_count":0,"master_deck":["Defend_G","Defend_G","Defend_G","Defend_G","Defend_G","Strike_G","Strike_G","Strike_G","Strike_G","Survivor","Neutralize","Sucker Punch","Cloak And Dagger","Bouncing Flask","PiercingWail","Choke","Footwork","Deflect"],"relics":["Ring of the Snake","Pen Nib","Bottled Lightning","Ninja Scroll","Art of War"],"potions_floor_usage":[6,16,16,16],"damage_taken":[{"damage":7,"enemies":"Jaw Worm","floor":1,"turns":5},{"damage":2,"enemies":"Small Slimes","floor":2,"turns":4},{"damage":0,"enemies":"2 Louse","floor":3,"turns":4},{"damage":0,"enemies":"Looter","floor":4,"turns":3},{"damage":36,"enemies":"Gremlin Nob","floor":6,"turns":6},{"damage":8,"enemies":"Red Slaver","floor":11,"turns":2},{"damage":19,"enemies":"Lagavulin","floor":13,"turns":6},{"damage":53,"enemies":"Slime Boss","floor":16,"turns":14}],"seed_played":"6737988238112593697","potions_obtained":[{"floor":4,"key":"GhostInAJar"},{"floor":6,"key":"LiquidBronze"},{"floor":11,"key":"SpeedPotion"},{"floor":14,"key":"EssenceOfSteel"}],"is_trial":false,"path_per_floor":["M","M","M","M","?","E","R","?","T","?","M","R","E","?","R","B"],"character_chosen":"THE_SILENT","items_purchased":[],"campfire_rested":3,"item_purchase_floors":[],"current_hp_per_floor":[63,61,61,61,54,18,41,60,60,42,34,57,38,38,61,8],"gold":179,"neow_bonus":"TEN_PERCENT_HP_BONUS","is_prod":false,"is_daily":false,"chose_seed":false,"campfire_upgraded":0,"win_rate":0,"timestamp":1545519098,"path_taken":["M","M","M","M","?","E","R","?","T","?","M","R","E","?","R","BOSS"],"build_version":"2018-12-20","purchased_purges":0,"victory":false,"max_hp_per_floor":[77,77,77,77,77,77,77,77,77,77,77,77,77,77,77,77],"card_choices":[{"not_picked":["PiercingWail","Acrobatics"],"picked":"Sucker Punch","floor":1},{"not_picked":["Dodge and Roll","Slice"],"picked":"Cloak And Dagger","floor":2},{"not_picked":["Blade Dance","Slice"],"picked":"Bouncing Flask","floor":3},{"not_picked":["Choke","Outmaneuver"],"picked":"PiercingWail","floor":4},{"not_picked":["Prepared","Backstab"],"picked":"Choke","floor":6},{"not_picked":["Prepared","Dagger Spray"],"picked":"Footwork","floor":11},{"not_picked":["Calculated Gamble","Eviscerate"],"picked":"Deflect","floor":13}],"player_experience":222311,"relics_obtained":[{"floor":6,"key":"Pen Nib"},{"floor":9,"key":"Bottled Lightning"},{"floor":13,"key":"Art of War"}],"event_choices":[{"cards_removed":["Strike_G"],"damage_healed":0,"gold_gain":0,"player_choice":"Card Removal","damage_taken":7,"max_hp_gain":0,"max_hp_loss":0,"event_name":"Golden Wing","floor":5,"gold_loss":0},{"damage_healed":19,"gold_gain":0,"player_choice":"Healed","damage_taken":0,"max_hp_gain":0,"max_hp_loss":0,"event_name":"The Cleric","floor":8,"gold_loss":35},{"damage_healed":0,"gold_gain":0,"player_choice":"Success","damage_taken":18,"relics_obtained":["Ninja Scroll"],"max_hp_gain":0,"max_hp_loss":0,"event_name":"Scrap Ooze","floor":10,"gold_loss":0},{"damage_healed":0,"gold_gain":0,"player_choice":"Bought 1 Potion","damage_taken":0,"max_hp_gain":0,"max_hp_loss":0,"event_name":"The Woman in Blue","floor":14,"gold_loss":0}],"is_beta":false,"boss_relics":[],"items_purged_floors":[],"is_endless":false,"potions_floor_spawned":[4,6,11],"killed_by":"Slime Boss","ascension_level":7}