{"gold_per_floor":[110,60,72,72,83,83,108,122,122,157,157,157,0,0,0,99,99,111,11,29,29,49,49,59,59,59,59,59,89,108,135,135,232,232,248,248,267,285,85,85,85,85,85,85,85,100,118,130,130,130],"floor_reached":51,"playtime":3897,"items_purged":["Strike_B","Defend_B","Shame"],"score":729,"play_id":"0bab95cd-b308-4229-8b49-aae78c8cfddc","local_time":"20190128213132","is_ascension_mode":true,"campfire_choices":[{"data":"Multi-Cast","floor":6,"key":"SMITH"},{"floor":12,"key":"REST"},{"data":"Seek","floor":15,"key":"SMITH"},{"floor":23,"key":"REST"},{"floor":25,"key":"REST"},{"data":"Auto Shields","floor":27,"key":"SMITH"},{"floor":32,"key":"REST"},{"data":"Buffer","floor":40,"key":"SMITH"},{"data":"Creative AI","floor":42,"key":"SMITH"},{"floor":49,"key":"REST"}],"neow_cost":"NONE","seed_source_timestamp":90278463512412,"circlet_count":0,"master_deck":["Strike_B","Defend_B","Defend_B","Zap","Dualcast","Ball Lightning","Redo","Multi-Cast+1","Seek+1","Rebound","Steam","Doom and Gloom","Echo Form","Sunder","Hologram","Coolheaded","Auto Shields+1","Undo","All For One","Leap","Redo+1","Buffer+1","Parasite","Injury","Conserve Battery+1","Doom and Gloom+1","Leap+1","Creative AI+1","Pain","Steam+1","White Noise+1"],"relics":["Cracked Core","NeowsBlessing","Regal Pillow","Gremlin Horn","Happy Flower","DataDisk","Boot","Inserter","Bottled Lightning","Pantograph","Centennial Puzzle","Calling Bell","Oddly Smooth Stone","Meat on the Bone","Mango","Toxic Egg 2","Darkstone Periapt","Pocketwatch","WarpedTongs"],"potions_floor_usage":[10,16,18,22,31,31,38,38,50],"damage_taken":[{"damage":0,"enemies":"2 Louse","floor":1,"turns":1},{"damage":0,"enemies":"Small Slimes","floor":3,"turns":1},{"damage":0,"enemies":"Cultist","floor":5,"turns":1},{"damage":39,"enemies":"3 Sentries","floor":7,"turns":8},{"damage":2,"enemies":"Blue Slaver","floor":8,"turns":3},{"damage":18,"enemies":"Lagavulin","floor":10,"turns":6},{"damage":19,"enemies":"Hexaghost","floor":16,"turns":6},{"damage":23,"enemies":"2 Thieves","floor":18,"turns":3},{"damage":14,"enemies":"Shell Parasite","floor":20,"turns":4},{"damage":18,"enemies":"Cultist and Chosen","floor":22,"turns":5},{"damage":37,"enemies":"Centurion and Healer","floor":24,"turns":3},{"damage":35,"enemies":"Gremlin Leader","floor":29,"turns":7},{"damage":4,"enemies":"Snake Plant","floor":30,"turns":5},{"damage":0,"enemies":"Book of Stabbing","floor":31,"turns":6},{"damage":25,"enemies":"Collector","floor":33,"turns":9},{"damage":13,"enemies":"3 Darklings","floor":35,"turns":6},{"damage":10,"enemies":"3 Shapes","floor":37,"turns":4},{"damage":0,"enemies":"Maw","floor":38,"turns":7},{"damage":1,"enemies":"4 Shapes","floor":46,"turns":7},{"damage":16,"enemies":"3 Darklings","floor":47,"turns":8},{"damage":7,"enemies":"Transient","floor":48,"turns":5},{"damage":22,"enemies":"Donu and Deca","floor":50,"turns":9}],"seed_played":"-6425377351874716381","potions_obtained":[{"floor":3,"key":"SteroidPotion"},{"floor":7,"key":"SpeedPotion"},{"floor":10,"key":"Regen Potion"},{"floor":16,"key":"Block Potion"},{"floor":20,"key":"GamblersBrew"},{"floor":22,"key":"Dexterity Potion"},{"floor":30,"key":"SkillPotion"},{"floor":33,"key":"Strength Potion"},{"floor":35,"key":"Dexterity Potion"},{"floor":37,"key":"Swift Potion"}],"is_trial":false,"path_per_floor":["M","?","M","?","M","R","E","M","T","E","?","R","$","?","R","B",null,"M","$","M","?","M","R","M","R","T","R","?","E","M","E","R","B",null,"M","T","M","M","$","R","T","R","T","$","?","M","M","M","R","B",null],"character_chosen":"DEFECT","items_purchased":["Doom and Gloom","Creative AI"],"campfire_rested":5,"item_purchase_floors":[13,39],"current_hp_per_floor":[75,75,75,75,75,75,36,34,34,16,16,53,53,46,46,41,75,52,52,38,38,20,57,20,57,57,57,57,22,18,18,55,50,89,76,76,66,66,66,66,66,66,66,66,72,71,55,48,91,73],"gold":130,"neow_bonus":"THREE_ENEMY_KILL","is_prod":false,"is_daily":false,"chose_seed":false,"campfire_upgraded":5,"win_rate":0,"timestamp":1548678692,"path_taken":["M","?","M","?","?","R","E","M","T","E","?","R","$","?","R","BOSS","M","$","M","?","M","R","M","R","T","R","?","E","M","E","R","BOSS","M","?","?","M","$","R","?","R","T","$","?","M","?","M","R","BOSS"],"build_version":"2019-01-23","purchased_purges":3,"victory":true,"max_hp_per_floor":[75,75,75,75,75,75,75,75,75,75,75,75,75,75,75,75,75,75,75,75,75,75,75,75,75,75,75,75,75,75,75,75,75,89,89,89,89,89,89,89,89,89,89,89,95,95,95,95,95,95],"card_choices":[{"not_picked":["Beam Cell","Turbo"],"picked":"Ball Lightning","floor":1},{"not_picked":["Hologram","Stack"],"picked":"Redo","floor":3},{"not_picked":["Rip and Tear","Steam"],"picked":"Multi-Cast","floor":5},{"not_picked":["Coolheaded","Go for the Eyes"],"picked":"Seek","floor":7},{"not_picked":["Barrage","Ball Lightning"],"picked":"Rebound","floor":8},{"not_picked":["Rip and Tear","Redo"],"picked":"Steam","floor":10},{"not_picked":["Machine Learning","All For One"],"picked":"Echo Form","floor":16},{"not_picked":["Loop","Hologram+1"],"picked":"Sunder","floor":18},{"not_picked":["Sweeping Beam","Rebound"],"picked":"Hologram","floor":20},{"not_picked":["Recycle","Redo+1"],"picked":"Auto Shields","floor":22},{"not_picked":["Skim","Streamline+1"],"picked":"Undo","floor":24},{"not_picked":["Ball Lightning","Doom and Gloom"],"picked":"All For One","floor":29},{"not_picked":["Capacitor+1","Steam"],"picked":"Leap","floor":30},{"not_picked":["Double Energy","Force Field"],"picked":"Redo+1","floor":31},{"not_picked":["Machine Learning","All For One"],"picked":"Buffer","floor":33},{"not_picked":["Stack+1","Redo+1"],"picked":"Conserve Battery+1","floor":35},{"not_picked":["Gash+1","Cold Snap+1"],"picked":"Doom and Gloom+1","floor":37},{"not_picked":["Melter","Gash+1"],"picked":"Leap+1","floor":38},{"not_picked":["Cold Snap","All For One","Sweeping Beam+1"],"picked":"SKIP","floor":46},{"not_picked":["Sunder","Streamline"],"picked":"Steam+1","floor":47},{"not_picked":["FTL+1","Cold Snap+1"],"picked":"White Noise+1","floor":48}],"player_experience":88200,"relics_obtained":[{"floor":7,"key":"Gremlin Horn"},{"floor":9,"key":"Happy Flower"},{"floor":10,"key":"DataDisk"},{"floor":26,"key":"Bottled Lightning"},{"floor":29,"key":"Pantograph"},{"floor":31,"key":"Centennial Puzzle"},{"floor":34,"key":"Oddly Smooth Stone"},{"floor":34,"key":"Meat on the Bone"},{"floor":34,"key":"Mango"},{"floor":36,"key":"Toxic Egg 2"},{"floor":41,"key":"Darkstone Periapt"},{"floor":43,"key":"Pocketwatch"}],"event_choices":[{"cards_removed":["Strike_B"],"damage_healed":0,"gold_gain":0,"player_choice":"Card Removal","damage_taken":0,"max_hp_gain":0,"max_hp_loss":0,"event_name":"The Cleric","floor":2,"gold_loss":50},{"damage_healed":0,"gold_gain":0,"player_choice":"Gave Potion","damage_taken":0,"relics_obtained":["Regal Pillow"],"max_hp_gain":0,"max_hp_loss":0,"event_name":"WeMeetAgain","floor":4,"gold_loss":0},{"damage_healed":0,"gold_gain":0,"player_choice":"Searched \u00271\u0027 times","damage_taken":0,"relics_obtained":["Boot"],"max_hp_gain":0,"max_hp_loss":0,"event_name":"Dead Adventurer","floor":11,"gold_loss":0},{"cards_removed":["Strike_B"],"damage_healed":0,"gold_gain":0,"player_choice":"Card Removal","damage_taken":7,"max_hp_gain":0,"max_hp_loss":0,"event_name":"Golden Wing","floor":14,"gold_loss":0},{"damage_healed":0,"gold_gain":0,"player_choice":"Read","damage_taken":0,"max_hp_gain":0,"max_hp_loss":0,"event_name":"The Library","floor":21,"gold_loss":0,"cards_obtained":["Coolheaded"]},{"cards_removed":["Defend_B"],"damage_healed":0,"gold_gain":0,"player_choice":"Purged","damage_taken":0,"max_hp_gain":0,"max_hp_loss":0,"event_name":"Purifier","floor":28,"gold_loss":0},{"damage_healed":0,"gold_gain":0,"player_choice":"Rummage","damage_taken":0,"relics_obtained":["WarpedTongs"],"max_hp_gain":0,"max_hp_loss":0,"event_name":"Accursed Blacksmith","floor":45,"gold_loss":0,"cards_obtained":["Pain"]}],"is_beta":false,"boss_relics":[{"not_picked":["Orrery","Runic Pyramid"],"picked":"Inserter"},{"not_picked":["Black Star","Pandora\u0027s Box"],"picked":"Calling Bell"}],"items_purged_floors":[13,19,39],"is_endless":false,"potions_floor_spawned":[3,7,10,16,20,22,30,33,35,37],"ascension_level":1}