{"gold_per_floor":[115,115,125,135,135,146,176,187,187,187,213,231,231,244,244,345,345,345],"floor_reached":18,"playtime":1033,"items_purged":[],"score":209,"play_id":"d650192f-7d49-4a5f-8a6f-dbe76a958075","local_time":"20181220195817","is_ascension_mode":true,"campfire_choices":[{"data":"Metallicize","floor":10,"key":"SMITH"},{"data":"Bash","floor":13,"key":"SMITH"},{"floor":15,"key":"REST"}],"neow_cost":"NONE","seed_source_timestamp":70435964684275,"circlet_count":0,"master_deck":["Strike_R","Strike_R","Strike_R","Strike_R","Strike_R","Defend_R","Defend_R","Defend_R","Defend_R","Bash+1","Clash","Clash+1","Ghostly Armor","Metallicize+1","Flex","Intimidate","Clash","Bloodletting","Barricade","Parasite","Doubt","Decay"],"relics":["Burning Blood","Bag of Marbles","Blood Vial","Sundial","Champion Belt","Calling Bell","Bag of Preparation","Pantograph","WingedGreaves"],"potions_floor_usage":[8,16,16,16],"damage_taken":[{"damage":14,"enemies":"Jaw Worm","floor":1,"turns":5},{"damage":0,"enemies":"Small Slimes","floor":3,"turns":3},{"damage":1,"enemies":"Cultist","floor":4,"turns":3},{"damage":14,"enemies":"Large Slime","floor":6,"turns":5},{"damage":13,"enemies":"Lagavulin","floor":7,"turns":5},{"damage":9,"enemies":"Gremlin Gang","floor":8,"turns":5},{"damage":28,"enemies":"Gremlin Nob","floor":11,"turns":4},{"damage":3,"enemies":"2 Fungi Beasts","floor":12,"turns":3},{"damage":2,"enemies":"3 Louse","floor":14,"turns":2},{"damage":64,"enemies":"Slime Boss","floor":16,"turns":14},{"damage":85,"enemies":"Spheric Guardian","floor":18,"turns":12}],"seed_played":"4540858136294044369","potions_obtained":[{"floor":4,"key":"Weak Potion"},{"floor":6,"key":"FearPotion"},{"floor":7,"key":"Poison Potion"},{"floor":11,"key":"EssenceOfSteel"},{"floor":16,"key":"SpeedPotion"}],"is_trial":false,"path_per_floor":["M","?","M","M","?","M","E","M","T","R","E","M","R","M","R","B",null,"M"],"character_chosen":"IRONCLAD","items_purchased":[],"campfire_rested":1,"item_purchase_floors":[],"current_hp_per_floor":[80,55,61,66,66,58,51,50,50,50,30,35,35,41,67,11,88,3],"gold":345,"neow_bonus":"TEN_PERCENT_HP_BONUS","is_prod":false,"is_daily":false,"chose_seed":false,"campfire_upgraded":2,"win_rate":0,"timestamp":1545364697,"path_taken":["M","?","M","M","?","?","E","M","T","R","E","M","R","M","R","BOSS","M"],"build_version":"2018-12-20","purchased_purges":0,"victory":false,"max_hp_per_floor":[88,88,88,88,88,88,88,88,88,88,88,88,88,88,88,88,88,88],"card_choices":[{"not_picked":["Anger","Cleave"],"picked":"Clash","floor":1},{"not_picked":["Heavy Blade","Armaments"],"picked":"Clash","floor":3},{"not_picked":["Pommel Strike","Iron Wave"],"picked":"Ghostly Armor","floor":4},{"not_picked":["Perfected Strike","Corruption"],"picked":"Metallicize","floor":6},{"not_picked":["Perfected Strike","Sword Boomerang","Body Slam"],"picked":"SKIP","floor":7},{"not_picked":["Pommel Strike","Bloodletting"],"picked":"Flex","floor":8},{"not_picked":["Limit Break","True Grit"],"picked":"Intimidate","floor":11},{"not_picked":["Whirlwind","Feel No Pain"],"picked":"Clash","floor":12},{"not_picked":["Sever Soul","Wild Strike"],"picked":"Bloodletting","floor":14},{"not_picked":["Double Tap","Brutality"],"picked":"Barricade","floor":16}],"player_experience":211754,"relics_obtained":[{"floor":7,"key":"Blood Vial"},{"floor":9,"key":"Sundial"},{"floor":11,"key":"Champion Belt"},{"floor":17,"key":"Bag of Preparation"},{"floor":17,"key":"Pantograph"},{"floor":17,"key":"WingedGreaves"}],"event_choices":[{"damage_healed":0,"gold_gain":0,"player_choice":"Success","damage_taken":25,"relics_obtained":["Bag of Marbles"],"max_hp_gain":0,"max_hp_loss":0,"event_name":"Scrap Ooze","floor":2,"gold_loss":0},{"damage_healed":0,"gold_gain":0,"player_choice":"Upgraded","damage_taken":0,"max_hp_gain":0,"max_hp_loss":0,"event_name":"Upgrade Shrine","floor":5,"gold_loss":0,"cards_upgraded":["Clash"]}],"is_beta":false,"boss_relics":[{"not_picked":["Velvet Choker","Eternal Feather"],"picked":"Calling Bell"}],"items_purged_floors":[],"is_endless":false,"potions_floor_spawned":[4,6,7,11,16],"killed_by":"Spheric Guardian","ascension_level":4}