{"gold_per_floor":[114,34,52,127,145,145,204,217,217,233,247,247,247,247,247,378,378,396,389,402,416,431,431,431],"floor_reached":24,"playtime":1580,"items_purged":[],"score":211,"play_id":"96d86fee-ae80-4601-b798-672dc60d92f6","local_time":"20180818150928","is_ascension_mode":true,"campfire_choices":[{"data":"Self Repair","floor":6,"key":"SMITH"},{"data":"Leap","floor":13,"key":"SMITH"},{"data":"Streamline","floor":15,"key":"SMITH"},{"floor":23,"key":"REST"}],"neow_cost":"NONE","seed_source_timestamp":195427669749775,"circlet_count":0,"master_deck":["Strike_B","Strike_B","Strike_B","Strike_B","Defend_B","Defend_B","Defend_B","Defend_B","Zap","Dualcast","Coolheaded","Streamline+1","Self Repair+1","White Noise","Coolheaded","Leap+1","FTL","Core Surge","Go for the Eyes+1"],"relics":["Cracked Core","Dead Branch","Shovel","Golden Idol","White Beast Statue"],"potions_floor_usage":[16,19,20,22],"damage_taken":[{"damage":0,"enemies":"2 Louse","floor":1,"turns":2},{"damage":3,"enemies":"Small Slimes","floor":3,"turns":4},{"damage":7,"enemies":"Jaw Worm","floor":5,"turns":2},{"damage":29,"enemies":"3 Sentries","floor":7,"turns":10},{"damage":7,"enemies":"3 Louse","floor":8,"turns":6},{"damage":4,"enemies":"Looter","floor":10,"turns":4},{"damage":6,"enemies":"2 Fungi Beasts","floor":11,"turns":4},{"damage":43,"enemies":"The Guardian","floor":16,"turns":17},{"damage":23,"enemies":"Chosen","floor":18,"turns":6},{"damage":27,"enemies":"2 Thieves","floor":19,"turns":5},{"damage":48,"enemies":"Sentry and Sphere","floor":20,"turns":13},{"damage":29,"enemies":"Centurion and Healer","floor":21,"turns":11},{"damage":13,"enemies":"Snecko","floor":22,"turns":7},{"damage":38,"enemies":"Snake Plant","floor":24,"turns":6}],"seed_played":"6350319785379044854","potions_obtained":[{"floor":5,"key":"FearPotion"},{"floor":7,"key":"Energy Potion"},{"floor":10,"key":"SpeedPotion"},{"floor":16,"key":"Regen Potion"},{"floor":18,"key":"FairyPotion"},{"floor":19,"key":"Swift Potion"},{"floor":20,"key":"SkillPotion"},{"floor":21,"key":"Explosive Potion"},{"floor":22,"key":"SneckoOil"}],"is_trial":false,"path_per_floor":["M","$","M","?","M","R","?","M","T","M","M","?","R","?","R","B",null,"M","M","M","M","M","R"],"character_chosen":"DEFECT","items_purchased":["Self Repair"],"campfire_rested":1,"item_purchase_floors":[2],"current_hp_per_floor":[75,75,75,64,57,57,38,41,41,47,51,75,75,57,57,31,75,62,45,22,15,12,34,0],"gold":431,"neow_bonus":"THREE_CARDS","is_prod":false,"is_daily":false,"chose_seed":false,"campfire_upgraded":3,"win_rate":0,"timestamp":1534576168,"path_taken":["M","$","M","?","M","R","?","?","T","M","M","?","R","?","R","BOSS","M","?","M","M","M","R","M"],"build_version":"2018-08-16","purchased_purges":0,"victory":false,"max_hp_per_floor":[75,75,75,75,75,75,75,75,75,75,75,75,75,75,75,75,75,75,75,75,75,75,75,75],"card_choices":[{"not_picked":["Chill","Heatsinks"],"picked":"Coolheaded","floor":0},{"not_picked":["Cold Snap","Turbo"],"picked":"Streamline","floor":1},{"not_picked":["Cold Snap","Redo"],"picked":"White Noise","floor":3},{"not_picked":["Sweeping Beam","Cold Snap"],"picked":"Coolheaded","floor":5},{"not_picked":["Amplify","Stack"],"picked":"Leap","floor":7},{"not_picked":["Steam","Tempest"],"picked":"FTL","floor":8},{"not_picked":["White Noise","Stack","Sunder"],"picked":"SKIP","floor":10},{"not_picked":["Sweeping Beam","Tempest","Steam"],"picked":"SKIP","floor":11},{"not_picked":["Electrodynamics","Creative AI"],"picked":"Core Surge","floor":16},{"not_picked":["Redo","Chill","Self Repair"],"picked":"SKIP","floor":18},{"not_picked":["Redo","Steam","Streamline"],"picked":"SKIP","floor":19},{"not_picked":["Barrage","Ball Lightning+1"],"picked":"Go for the Eyes+1","floor":20},{"not_picked":["Cold Snap+1","Steam Power","Stack"],"picked":"SKIP","floor":21},{"not_picked":["Echo Form","Sweeping Beam","Melter+1"],"picked":"SKIP","floor":22}],"player_experience":245333,"relics_obtained":[{"floor":7,"key":"Dead Branch"},{"floor":9,"key":"Shovel"}],"event_choices":[{"event_name":"World of Goop","player_choice":"Gather Gold","floor":4,"damage_taken":0},{"event_name":"Dead Adventurer","player_choice":"Searched \u00271\u0027 times","floor":7,"damage_taken":0},{"event_name":"Wheel of Change","player_choice":"Full Heal","floor":12,"damage_taken":0},{"event_name":"Golden Idol","player_choice":"Take Damage","floor":14,"damage_taken":0}],"is_beta":false,"boss_relics":[{"not_picked":["Cursed Key","Runic Dome"],"picked":"White Beast Statue"}],"items_purged_floors":[],"is_endless":false,"potions_floor_spawned":[5,7,10,11,16,18,19,20,21,22],"killed_by":"Snake Plant","ascension_level":2}