{"gold_per_floor":[111,122,13,13,31,31,57,57,83,83,98,98,114,145,145,244,244,264,363,378,378,395,395,246,246,270,270,300,356,356,367,367,367],"floor_reached":33,"playtime":1238,"items_purged":["Strike_B","Strike_B"],"score":300,"play_id":"4e20a898-f37d-42f2-bb4a-0aaf78e0939d","local_time":"20180818161916","is_ascension_mode":true,"campfire_choices":[{"data":"Zap","floor":6,"key":"SMITH"},{"data":"Redo","floor":8,"key":"SMITH"},{"data":"Dualcast","floor":10,"key":"SMITH"},{"floor":15,"key":"REST"},{"data":"Leap","floor":23,"key":"SMITH"},{"data":"Loop","floor":27,"key":"SMITH"},{"floor":30,"key":"REST"},{"floor":32,"key":"REST"}],"neow_cost":"NONE","seed_source_timestamp":199958216491884,"circlet_count":0,"master_deck":["Strike_B","Defend_B","Defend_B","Defend_B+1","Defend_B","Zap+1","Dualcast+1","FTL","Redo+1","FTL","Leap+1","Leap+1","Machine Learning","Hyperbeam","Streamline+1","Loop+1","Go for the Eyes","FTL","Redo+1","Leap+1"],"relics":["Cracked Core","Oddly Smooth Stone","Juzu Bracelet","Bronze Scales","Nuclear Battery","War Paint","Anchor","Tiny Chest"],"potions_floor_usage":[],"damage_taken":[{"damage":1,"enemies":"Cultist","floor":1,"turns":3},{"damage":4,"enemies":"2 Louse","floor":2,"turns":3},{"damage":0,"enemies":"Jaw Worm","floor":5,"turns":3},{"damage":16,"enemies":"3 Sentries","floor":7,"turns":7},{"damage":1,"enemies":"Blue Slaver","floor":11,"turns":3},{"damage":4,"enemies":"3 Louse","floor":13,"turns":3},{"damage":8,"enemies":"Gremlin Nob","floor":14,"turns":4},{"damage":61,"enemies":"Slime Boss","floor":16,"turns":12},{"damage":16,"enemies":"2 Thieves","floor":18,"turns":3},{"damage":2,"enemies":"Shell Parasite","floor":20,"turns":5},{"damage":11,"enemies":"Centurion and Healer","floor":22,"turns":7},{"damage":11,"enemies":"Slavers","floor":28,"turns":3},{"damage":27,"enemies":"Snake Plant","floor":31,"turns":4},{"damage":65,"enemies":"Automaton","floor":33,"turns":10}],"seed_played":"7826429325004050344","potions_obtained":[{"floor":2,"key":"Weak Potion"},{"floor":5,"key":"Energy Potion"},{"floor":13,"key":"Energy Potion"},{"floor":22,"key":"AttackPotion"}],"is_trial":false,"path_per_floor":["M","M","$","?","M","R","E","R","T","R","M","$","M","E","R","B",null,"M","?","M","?","M","R","$","?","T","R","E","T","R","M","R"],"character_chosen":"DEFECT","items_purchased":["FTL","Go for the Eyes"],"campfire_rested":3,"item_purchase_floors":[3,24],"current_hp_per_floor":[74,70,70,75,75,75,59,59,59,59,58,58,54,46,70,9,80,64,64,62,62,51,51,51,51,51,51,40,40,64,37,61,0],"gold":367,"neow_bonus":"REMOVE_CARD","is_prod":false,"is_daily":false,"chose_seed":false,"campfire_upgraded":5,"win_rate":0,"timestamp":1534580356,"path_taken":["M","M","$","?","M","R","E","R","T","R","M","$","M","E","R","BOSS","M","?","M","?","M","R","$","?","T","R","E","?","R","M","R","BOSS"],"build_version":"2018-08-16","purchased_purges":2,"victory":false,"max_hp_per_floor":[75,75,75,80,80,80,80,80,80,80,80,80,80,80,80,80,80,80,80,80,80,80,80,80,80,80,80,80,80,80,80,80,80],"card_choices":[{"not_picked":["Stack","Aggregate"],"picked":"FTL","floor":1},{"not_picked":["Beam Cell","Glacier"],"picked":"Redo","floor":2},{"not_picked":["Skim","Doom and Gloom","Storm"],"picked":"SKIP","floor":5},{"not_picked":["Glacier","Storm","Rebound"],"picked":"SKIP","floor":7},{"not_picked":["Steam","Force Field"],"picked":"Leap","floor":11},{"not_picked":["Loop","Stack"],"picked":"Leap","floor":13},{"not_picked":["Skim","Hologram"],"picked":"Machine Learning","floor":14},{"not_picked":["Reboot","Multi-Cast"],"picked":"Hyperbeam","floor":16},{"not_picked":["Leap","Steam+1"],"picked":"Streamline+1","floor":18},{"not_picked":["Ball Lightning","Barrage","Glacier"],"picked":"SKIP","floor":20},{"not_picked":["Skim","Scrape"],"picked":"Loop","floor":22},{"not_picked":["Undo","Blizzard"],"picked":"Redo+1","floor":28},{"not_picked":["Scrape+1","Loop+1"],"picked":"Leap+1","floor":31}],"player_experience":249819,"relics_obtained":[{"floor":7,"key":"Oddly Smooth Stone"},{"floor":9,"key":"Juzu Bracelet"},{"floor":14,"key":"Bronze Scales"},{"floor":26,"key":"War Paint"},{"floor":28,"key":"Anchor"},{"floor":29,"key":"Tiny Chest"}],"event_choices":[{"event_name":"Big Fish","player_choice":"Donut","floor":4,"damage_taken":0},{"event_name":"Nest","player_choice":"Stole From Cult","floor":19,"damage_taken":0},{"event_name":"Ghosts","player_choice":"Ignored","floor":21,"damage_taken":0},{"event_name":"Duplicator","player_choice":"One dupe","floor":25,"damage_taken":0}],"is_beta":false,"boss_relics":[{"not_picked":["Pandora\u0027s Box","FrozenCore"],"picked":"Nuclear Battery"}],"items_purged_floors":[3,24],"is_endless":false,"potions_floor_spawned":[2,5,13,14,22,28],"killed_by":"Automaton","ascension_level":2}