{"gold_per_floor":[367,387,122,139,139,139,139,139,163,179,193,91,105,180,180,282,282,293,51,0,13,13,13],"floor_reached":23,"playtime":841,"items_purged":["Strike_R","Heavy Blade","Offering"],"score":181,"play_id":"6523616e-3b7c-46eb-8f23-377b09ff3c93","local_time":"20190129203608","is_ascension_mode":false,"campfire_choices":[{"data":"Metamorphosis","floor":6,"key":"SMITH"},{"data":"Rampage","floor":8,"key":"SMITH"},{"floor":15,"key":"REST"}],"neow_cost":"PERCENT_DAMAGE","seed_source_timestamp":525054648498000,"circlet_count":0,"master_deck":["Bash","Rampage+1","Flame Barrier","Adrenaline","Double Tap","Limit Break","Perfected Strike","Thunderclap","Flex","Flex","Havoc"],"relics":["Burning Blood","Smiling Mask","Pandora\u0027s Box","Lee\u0027s Waffle"],"potions_floor_usage":[16,16,23],"damage_taken":[{"damage":8,"enemies":"Small Slimes","floor":1,"turns":4},{"damage":1,"enemies":"Cultist","floor":2,"turns":4},{"damage":12,"enemies":"Jaw Worm","floor":4,"turns":4},{"damage":2,"enemies":"Exordium Wildlife","floor":10,"turns":5},{"damage":7,"enemies":"3 Louse","floor":11,"turns":5},{"damage":4,"enemies":"Blue Slaver","floor":13,"turns":4},{"damage":43,"enemies":"Slime Boss","floor":16,"turns":11},{"damage":34,"enemies":"2 Thieves","floor":18,"turns":4},{"damage":56,"enemies":"Shell Parasite","floor":21,"turns":9},{"damage":37,"enemies":"Slavers","floor":23,"turns":2}],"seed_played":"-4788925458001454188","potions_obtained":[{"floor":10,"key":"EssenceOfSteel"},{"floor":13,"key":"Regen Potion"},{"floor":16,"key":"SteroidPotion"}],"is_trial":false,"path_per_floor":["M","M","$","M","?","R","?","R","T","M","M","$","M","?","R","B",null,"M","$","?","M","?","E"],"character_chosen":"IRONCLAD","items_purchased":["Metamorphosis","PowerPotion","Lee\u0027s Waffle"],"campfire_rested":1,"item_purchase_floors":[3,12,19],"current_hp_per_floor":[54,59,59,53,53,53,53,53,53,57,56,56,58,47,71,47,80,52,87,87,37,37,0],"gold":13,"neow_bonus":"TWO_FIFTY_GOLD","is_prod":false,"is_daily":false,"chose_seed":false,"campfire_upgraded":2,"win_rate":0,"timestamp":1548822968,"path_taken":["M","M","$","M","?","R","?","R","T","M","?","$","M","?","R","BOSS","M","$","?","M","?","E"],"build_version":"2019-01-23","purchased_purges":3,"victory":false,"max_hp_per_floor":[80,80,80,80,80,80,80,80,80,80,80,80,80,80,80,80,80,80,87,87,87,87,87],"card_choices":[{"not_picked":["Fire Breathing","Burning Pact"],"picked":"Heavy Blade","floor":1},{"not_picked":["Flame Barrier","Sword Boomerang"],"picked":"Rampage","floor":2},{"not_picked":["Cleave","Sever Soul","Pummel"],"picked":"SKIP","floor":4},{"not_picked":["Pommel Strike","Thunderclap","Burning Pact"],"picked":"SKIP","floor":10},{"not_picked":["Anger","Perfected Strike","Pummel"],"picked":"SKIP","floor":11},{"not_picked":["Shockwave","True Grit","Inflame"],"picked":"SKIP","floor":13},{"not_picked":["Dark Embrace","Fiend Fire"],"picked":"Double Tap","floor":16},{"not_picked":["Anger","Cleave","Pummel"],"picked":"SKIP","floor":18},{"not_picked":["True Grit","Headbutt","Dropkick"],"picked":"SKIP","floor":21}],"player_experience":73455,"relics_obtained":[{"floor":9,"key":"Smiling Mask"}],"event_choices":[{"damage_healed":0,"gold_gain":0,"cards_transformed":["Strike_R"],"player_choice":"Change","damage_taken":0,"max_hp_gain":0,"max_hp_loss":0,"event_name":"Living Wall","floor":5,"gold_loss":0,"cards_obtained":["Flame Barrier"]},{"cards_removed":["Metamorphosis"],"damage_healed":0,"gold_gain":0,"player_choice":"Took Card","damage_taken":0,"max_hp_gain":0,"max_hp_loss":0,"event_name":"NoteForYourself","floor":7,"gold_loss":0,"cards_obtained":["Adrenaline"]},{"damage_healed":0,"gold_gain":75,"player_choice":"Gather Gold","damage_taken":11,"max_hp_gain":0,"max_hp_loss":0,"event_name":"World of Goop","floor":14,"gold_loss":0},{"damage_healed":0,"gold_gain":0,"player_choice":"Paid Fearfully","damage_taken":0,"max_hp_gain":0,"max_hp_loss":0,"event_name":"Masked Bandits","floor":20,"gold_loss":51},{"damage_healed":0,"gold_gain":0,"player_choice":"Ignored","damage_taken":0,"max_hp_gain":0,"max_hp_loss":0,"event_name":"Beggar","floor":22,"gold_loss":0}],"is_beta":false,"boss_relics":[{"not_picked":["Black Blood","Black Star"],"picked":"Pandora\u0027s Box"}],"items_purged_floors":[3,12,19],"is_endless":false,"potions_floor_spawned":[10,13,16],"killed_by":"Slavers","ascension_level":0}