{"gold_per_floor":[111,126,144,69,80,108,108,123,123,156,1,1,21,35,35,35],"floor_reached":16,"playtime":595,"items_purged":["Strike_R"],"score":131,"play_id":"4283f196-eaa8-44fc-a141-ea3b98c45186","local_time":"20190120121424","is_ascension_mode":true,"campfire_choices":[{"floor":7,"key":"REST"},{"floor":12,"key":"REST"},{"data":"1","floor":15,"key":"LIFT"}],"neow_cost":"NONE","seed_source_timestamp":4050921113002,"circlet_count":0,"master_deck":["Strike_R","Strike_R","Strike_R","Defend_R","Defend_R","Defend_R","Defend_R","Bash","Dual Wield","Iron Wave","Pommel Strike","Intimidate","Whirlwind","Flex","Flame Barrier","Double Tap"],"special_seed":0,"relics":["Burning Blood","Mercury Hourglass","Girya","Charon\u0027s Ashes","Anchor"],"potions_floor_usage":[6],"damage_taken":[{"damage":10.0,"enemies":"Cultist","floor":1.0,"turns":5.0},{"damage":13.0,"enemies":"Jaw Worm","floor":2.0,"turns":7.0},{"damage":8.0,"enemies":"2 Louse","floor":3.0,"turns":3.0},{"damage":9,"enemies":"Looter","floor":5,"turns":3},{"damage":50,"enemies":"Lagavulin","floor":6,"turns":9},{"damage":1,"enemies":"3 Louse","floor":8,"turns":3},{"damage":25,"enemies":"3 Sentries","floor":10,"turns":7},{"damage":10,"enemies":"2 Fungi Beasts","floor":13,"turns":3},{"damage":10,"enemies":"Large Slime","floor":14,"turns":4},{"damage":48,"enemies":"Hexaghost","floor":16,"turns":9}],"seed_played":"-4843485958724569105","potions_obtained":[{"floor":3.0,"key":"PowerPotion"},{"floor":6,"key":"SpeedPotion"},{"floor":8,"key":"Energy Potion"},{"floor":14,"key":"Explosive Potion"}],"is_trial":false,"path_per_floor":["M","M","M","$","M","E","R","M","T","E","$","R","M","M","R","B"],"character_chosen":"IRONCLAD","items_purchased":["Anchor"],"campfire_rested":2,"item_purchase_floors":[11],"current_hp_per_floor":[76,69,67,67,64,20,44,49,49,30,30,54,50,46,46,0],"gold":35,"neow_bonus":"TRANSFORM_CARD","is_prod":false,"is_daily":false,"chose_seed":false,"campfire_upgraded":0,"win_rate":0,"timestamp":1547982864,"path_taken":["M","?","M","$","M","E","R","M","T","E","$","R","M","M","R","BOSS"],"build_version":"2019-01-17v2","purchased_purges":1,"victory":false,"max_hp_per_floor":[80,80,80,80,80,80,80,80,80,80,80,80,80,80,80,80],"card_choices":[{"not_picked":["Clash","Sentinel"],"picked":"Iron Wave","floor":1.0},{"not_picked":["Perfected Strike","Pummel"],"picked":"Pommel Strike","floor":2.0},{"not_picked":["True Grit","Iron Wave"],"picked":"Intimidate","floor":3.0},{"not_picked":["Perfected Strike","Iron Wave","Anger"],"picked":"SKIP","floor":5},{"not_picked":["Cleave","Anger"],"picked":"Whirlwind","floor":6},{"not_picked":["Offering","Headbutt"],"picked":"Flex","floor":8},{"not_picked":["Clash","Flex"],"picked":"Flame Barrier","floor":10},{"not_picked":["Body Slam","Anger","Warcry"],"picked":"SKIP","floor":13},{"not_picked":["Twin Strike","Cleave"],"picked":"Double Tap","floor":14}],"player_experience":228811,"relics_obtained":[{"floor":6,"key":"Mercury Hourglass"},{"floor":9,"key":"Girya"},{"floor":10,"key":"Charon\u0027s Ashes"}],"event_choices":[],"is_beta":false,"boss_relics":[],"items_purged_floors":[4],"is_endless":false,"potions_floor_spawned":[3,6,8,14],"killed_by":"Hexaghost","ascension_level":3}