{"gold_per_floor":[368,368,384,65,80,80,108,125,125,136,152,187,187,187,187,282,282,296,36,48,48,73,73,100,117,163,191,191,191,207,217,217,321,321,332,332,35,47,147,173,173,199,199,199,233,36,36,56,56,56],"floor_reached":51,"playtime":3363,"items_purged":["Strike_G"],"score":975,"play_id":"da757dd3-f4dd-4bb4-b89e-34ed159bec5e","local_time":"20190129215012","is_ascension_mode":true,"campfire_choices":[{"data":"Neutralize","floor":6,"key":"SMITH"},{"floor":13,"key":"REST"},{"data":"Distraction","floor":15,"key":"SMITH"},{"floor":23,"key":"REST"},{"floor":28,"key":"REST"},{"floor":32,"key":"REST"},{"floor":41,"key":"REST"},{"data":"Apotheosis","floor":44,"key":"SMITH"},{"floor":49,"key":"REST"}],"neow_cost":"CURSE","seed_source_timestamp":141334114815677,"circlet_count":0,"master_deck":["Defend_G","Defend_G","Defend_G","Defend_G","Strike_G","Strike_G","Survivor","Neutralize+1","Cloak And Dagger","Dagger Spray","Caltrops+1","Heel Hook","Blade Dance","Accuracy+1","Distraction+1","Corpse Explosion+1","Storm of Steel","Cloak And Dagger+1","Apotheosis+1","Blade Dance+1","Underhanded Strike","Adrenaline","Blade Dance+1","Malaise","After Image+1","Finisher","Infinite Blades+1","Concentrate","Storm of Steel","Well Laid Plans+1","After Image+1"],"relics":["Ring of the Snake","Frozen Egg 2","Singing Bowl","Incense Burner","Ginger","WristBlade","Red Mask","Ice Cream","Bag of Marbles","Mummified Hand","Sozu","Gremlin Horn","StoneCalendar","Dodecahedron","Letter Opener","Nunchaku","Smiling Mask","DollysMirror"],"potions_floor_usage":[7,10,12,16,27,50,50],"damage_taken":[{"damage":0,"enemies":"Small Slimes","floor":1,"turns":3},{"damage":4,"enemies":"Cultist","floor":3,"turns":6},{"damage":0,"enemies":"Jaw Worm","floor":5,"turns":4},{"damage":25,"enemies":"Gremlin Nob","floor":7,"turns":5},{"damage":0,"enemies":"2 Fungi Beasts","floor":8,"turns":3},{"damage":7,"enemies":"Blue Slaver","floor":10,"turns":5},{"damage":13,"enemies":"Exordium Wildlife","floor":11,"turns":5},{"damage":5,"enemies":"3 Sentries","floor":12,"turns":6},{"damage":17,"enemies":"Hexaghost","floor":16,"turns":9},{"damage":16,"enemies":"2 Thieves","floor":18,"turns":4},{"damage":6,"enemies":"3 Byrds","floor":20,"turns":2},{"damage":21,"enemies":"Masked Bandits","floor":22,"turns":4},{"damage":5,"enemies":"Gremlin Leader","floor":24,"turns":5},{"damage":0,"enemies":"Centurion and Healer","floor":25,"turns":3},{"damage":14,"enemies":"Slavers","floor":27,"turns":3},{"damage":1,"enemies":"Snecko","floor":30,"turns":3},{"damage":21,"enemies":"Snake Plant","floor":31,"turns":3},{"damage":9,"enemies":"Collector","floor":33,"turns":9},{"damage":10,"enemies":"3 Darklings","floor":35,"turns":5},{"damage":0,"enemies":"3 Shapes","floor":38,"turns":3},{"damage":0,"enemies":"Mind Bloom Boss Battle","floor":39,"turns":3},{"damage":15,"enemies":"Reptomancer","floor":40,"turns":4},{"damage":0,"enemies":"Giant Head","floor":42,"turns":4},{"damage":3,"enemies":"Nemesis","floor":45,"turns":5},{"damage":10,"enemies":"Maw","floor":48,"turns":6},{"damage":38,"enemies":"Donu and Deca","floor":50,"turns":6}],"seed_played":"1633630407755912971","potions_obtained":[{"floor":3,"key":"AttackPotion"},{"floor":10,"key":"Fruit Juice"},{"floor":11,"key":"PowerPotion"},{"floor":12,"key":"LiquidBronze"},{"floor":24,"key":"Dexterity Potion"},{"floor":25,"key":"Energy Potion"},{"floor":27,"key":"FearPotion"}],"is_trial":false,"path_per_floor":["M","?","M","$","M","R","E","M","T","M","M","E","R","?","R","B",null,"M","$","M","?","?","R","E","M","T","E","R","?","M","M","R","B",null,"M","?","$","M","?","E","R","E","T","R","E","$","?","M","R","B",null],"character_chosen":"THE_SILENT","items_purchased":["Frozen Egg 2","Caltrops+1","Apotheosis","Infinite Blades+1","Gremlin Horn","DollysMirror"],"campfire_rested":6,"item_purchase_floors":[4,4,19,37,37,46],"current_hp_per_floor":[70,67,63,63,63,63,40,40,40,38,25,20,42,42,42,25,74,58,58,52,52,31,53,50,52,52,40,64,64,65,44,68,59,82,72,74,74,76,76,61,86,88,88,88,85,85,85,77,90,52],"gold":56,"neow_bonus":"TWO_FIFTY_GOLD","is_prod":false,"is_daily":false,"chose_seed":false,"campfire_upgraded":3,"win_rate":0,"timestamp":1548766212,"path_taken":["M","?","?","$","M","R","E","M","T","M","M","E","R","?","R","BOSS","M","$","M","?","?","R","E","M","T","E","R","?","M","M","R","BOSS","M","?","$","M","?","E","R","E","T","R","E","$","?","?","R","BOSS"],"build_version":"2019-01-23","purchased_purges":1,"victory":true,"max_hp_per_floor":[70,67,67,67,67,67,69,69,69,74,74,74,74,74,74,74,74,74,74,74,74,74,74,76,78,78,80,80,80,82,82,82,82,82,82,84,84,86,86,86,86,88,88,88,88,88,88,90,90,90],"card_choices":[{"not_picked":["Masterful Stab","Outmaneuver"],"picked":"Cloak And Dagger","floor":1},{"not_picked":["Dagger Throw","Bane"],"picked":"Dagger Spray","floor":3},{"not_picked":["Flying Knee","Expertise"],"picked":"Heel Hook","floor":5},{"not_picked":["Tactician","Sucker Punch","Heel Hook"],"picked":"Singing Bowl","floor":7},{"not_picked":["Slice","Concentrate"],"picked":"Blade Dance","floor":8},{"not_picked":["Cloak And Dagger","Acrobatics"],"picked":"Accuracy+1","floor":10},{"not_picked":["Prepared","Underhanded Strike"],"picked":"Distraction","floor":11},{"not_picked":["Venomology","Prepared"],"picked":"Corpse Explosion","floor":12},{"not_picked":["Bullet Time","Tools of the Trade+1"],"picked":"Storm of Steel","floor":16},{"not_picked":["Deadly Poison+1","Backflip"],"picked":"Cloak And Dagger+1","floor":18},{"not_picked":["Quick Slash+1","Predator+1"],"picked":"Blade Dance+1","floor":20},{"not_picked":["Skewer","Outmaneuver+1"],"picked":"Blade Dance+1","floor":22},{"not_picked":["Backflip+1","Sucker Punch","Phantasmal Killer"],"picked":"Singing Bowl","floor":24},{"not_picked":["Blade Dance","Bane+1","Poisoned Stab"],"picked":"Singing Bowl","floor":25},{"not_picked":["Crippling Poison","Slice","All Out Attack"],"picked":"Singing Bowl","floor":27},{"not_picked":["Quick Slash","Outmaneuver+1","Cloak And Dagger"],"picked":"Singing Bowl","floor":30},{"not_picked":["Flying Knee","Catalyst"],"picked":"Malaise","floor":31},{"not_picked":["Tools of the Trade+1","Doppelganger"],"picked":"After Image+1","floor":33},{"not_picked":["Dagger Spray","Underhanded Strike+1"],"picked":"Finisher","floor":35},{"not_picked":["The Bomb","HandOfGreed","Flash of Steel"],"picked":"Singing Bowl","floor":36},{"not_picked":["Flying Knee","PiercingWail+1","Masterful Stab+1"],"picked":"Singing Bowl","floor":38},{"not_picked":["Outmaneuver+1","Cloak And Dagger"],"picked":"Concentrate","floor":39},{"not_picked":["Cloak And Dagger","Outmaneuver"],"picked":"Storm of Steel","floor":40},{"not_picked":["Dagger Spray+1","Poisoned Stab","Sucker Punch+1"],"picked":"Singing Bowl","floor":42},{"not_picked":["Concentrate+1","Dagger Throw+1"],"picked":"Well Laid Plans+1","floor":45},{"not_picked":["Dagger Throw+1","Quick Slash","Dagger Spray+1"],"picked":"Singing Bowl","floor":48}],"player_experience":115705,"relics_obtained":[{"floor":7,"key":"Singing Bowl"},{"floor":9,"key":"Incense Burner"},{"floor":12,"key":"Ginger"},{"floor":22,"key":"Red Mask"},{"floor":24,"key":"Ice Cream"},{"floor":26,"key":"Bag of Marbles"},{"floor":27,"key":"Mummified Hand"},{"floor":39,"key":"StoneCalendar"},{"floor":40,"key":"Dodecahedron"},{"floor":42,"key":"Letter Opener"},{"floor":43,"key":"Nunchaku"},{"floor":45,"key":"Smiling Mask"}],"event_choices":[{"cards_removed":["Parasite"],"damage_healed":0,"gold_gain":0,"player_choice":"Removed Curses","damage_taken":0,"max_hp_gain":0,"max_hp_loss":0,"event_name":"Fountain of Cleansing","floor":2,"gold_loss":0},{"damage_healed":0,"gold_gain":0,"player_choice":"Grow","damage_taken":0,"max_hp_gain":0,"max_hp_loss":0,"event_name":"Living Wall","floor":14,"gold_loss":0,"cards_upgraded":["Corpse Explosion"]},{"damage_healed":0,"gold_gain":0,"cards_transformed":["Strike_G","Strike_G"],"player_choice":"Became Test Subject","damage_taken":0,"max_hp_gain":0,"max_hp_loss":0,"event_name":"Drug Dealer","floor":21,"gold_loss":0,"cards_obtained":["Underhanded Strike","Adrenaline"]},{"damage_healed":0,"gold_gain":0,"player_choice":"Fought Bandits","damage_taken":0,"max_hp_gain":0,"max_hp_loss":0,"event_name":"Masked Bandits","floor":22,"gold_loss":0},{"cards_removed":["Defend_G"],"damage_healed":0,"gold_gain":0,"player_choice":"Elegance","damage_taken":0,"max_hp_gain":0,"max_hp_loss":0,"event_name":"Back to Basics","floor":29,"gold_loss":0},{"damage_healed":0,"gold_gain":0,"player_choice":"Memory 1","damage_taken":0,"max_hp_gain":0,"max_hp_loss":0,"event_name":"SensoryStone","floor":36,"gold_loss":0},{"damage_healed":0,"gold_gain":0,"player_choice":"Fight","damage_taken":0,"max_hp_gain":0,"max_hp_loss":0,"event_name":"MindBloom","floor":39,"gold_loss":0},{"damage_healed":0,"gold_gain":0,"player_choice":"Ignored","damage_taken":0,"max_hp_gain":0,"max_hp_loss":0,"event_name":"SecretPortal","floor":47,"gold_loss":0}],"is_beta":false,"boss_relics":[{"not_picked":["Pandora\u0027s Box","Calling Bell"],"picked":"WristBlade"},{"not_picked":["Empty Cage","HoveringKite"],"picked":"Sozu"}],"items_purged_floors":[19],"is_endless":false,"potions_floor_spawned":[3,10,11,12,24,25,27,35,39,45,48],"ascension_level":3}