{"gold_per_floor":[112,112,82,97,116,143,143,143,143,163,163,195,208,208,208,311,311,327,344,111,125,50,50,68,103,103,103,103,116,16,26,26,126,126,146,146,21,21,21,33,33,48,100,100,114,145,162,213,213,213],"floor_reached":51,"playtime":3920,"items_purged":["Strike_B","Defend_B","Strike_B"],"score":863,"play_id":"411f5bd9-4fe3-4dbe-ba2c-df802d3543fe","local_time":"20190130181326","is_ascension_mode":true,"campfire_choices":[{"data":"Zap","floor":7,"key":"SMITH"},{"floor":11,"key":"REST"},{"data":"Redo","floor":15,"key":"SMITH"},{"data":"Fission","floor":23,"key":"SMITH"},{"floor":27,"key":"REST"},{"floor":32,"key":"REST"},{"data":"Buffer","floor":41,"key":"SMITH"},{"data":"Apotheosis","floor":44,"key":"SMITH"},{"data":"Seek","floor":49,"key":"SMITH"}],"neow_cost":"NONE","seed_source_timestamp":171977886579117,"circlet_count":0,"master_deck":["Strike_B","Strike_B","Defend_B","Defend_B","Defend_B+1","Zap+1","Dualcast+1","Cold Snap","Streamline","Glacier","Seek+1","Ball Lightning","Barrage","Doom and Gloom","Redo+1","Fission+1","Loop","Thunder Strike","Self Repair","Conserve Battery","Steam Power","Buffer+1","Chaos+1","Electrodynamics","Buffer","Streamline+1","Madness","Madness","Apotheosis+1","Buffer","Defragment","Lockon+1"],"relics":["Cracked Core","Dream Catcher","Torii","Matryoshka","Blood Vial","Regal Pillow","Nuclear Battery","Pocketwatch","Bottled Tornado","Bottled Lightning","Strawberry","Inserter","Pear","Centennial Puzzle","Mercury Hourglass","Mango"],"potions_floor_usage":[6,6,12,18,25,33,50],"damage_taken":[{"damage":2,"enemies":"Jaw Worm","floor":1,"turns":3},{"damage":5,"enemies":"Small Slimes","floor":4,"turns":2},{"damage":4,"enemies":"Cultist","floor":5,"turns":4},{"damage":2,"enemies":"Gremlin Nob","floor":6,"turns":3},{"damage":0,"enemies":"Exordium Wildlife","floor":10,"turns":2},{"damage":0,"enemies":"3 Sentries","floor":12,"turns":5},{"damage":1,"enemies":"Looter","floor":13,"turns":3},{"damage":10,"enemies":"The Guardian","floor":16,"turns":11},{"damage":2,"enemies":"Shell Parasite","floor":18,"turns":5},{"damage":7,"enemies":"Spheric Guardian","floor":19,"turns":4},{"damage":24,"enemies":"Shelled Parasite and Fungi","floor":21,"turns":6},{"damage":9,"enemies":"Sentry and Sphere","floor":24,"turns":5},{"damage":40,"enemies":"Gremlin Leader","floor":25,"turns":7},{"damage":0,"enemies":"Snake Plant","floor":29,"turns":3},{"damage":38,"enemies":"Cultist and Chosen","floor":31,"turns":5},{"damage":63,"enemies":"Automaton","floor":33,"turns":9},{"damage":0,"enemies":"Orb Walker","floor":35,"turns":3},{"damage":0,"enemies":"3 Shapes","floor":40,"turns":2},{"damage":8,"enemies":"Spire Growth","floor":42,"turns":6},{"damage":0,"enemies":"3 Darklings","floor":45,"turns":2},{"damage":0,"enemies":"Giant Head","floor":46,"turns":8},{"damage":0,"enemies":"Maw","floor":47,"turns":7},{"damage":0,"enemies":"2 Orb Walkers","floor":48,"turns":3},{"damage":8,"enemies":"Time Eater","floor":50,"turns":11}],"seed_played":"9220350709125064936","potions_obtained":[{"floor":3,"key":"Strength Potion"},{"floor":3,"key":"Fire Potion"},{"floor":5,"key":"EssenceOfSteel"},{"floor":6,"key":"Explosive Potion"},{"floor":16,"key":"PowerPotion"},{"floor":18,"key":"Weak Potion"},{"floor":25,"key":"SpeedPotion"},{"floor":29,"key":"LiquidBronze"},{"floor":42,"key":"AttackPotion"},{"floor":45,"key":"Fire Potion"},{"floor":46,"key":"GamblersBrew"}],"is_trial":false,"path_per_floor":["M","?","?","M","M","E","R","?","T","M","R","E","M","?","R","B",null,"M","M","$","M","$","R","M","E","T","R","?","M","$","M","R","B",null,"M","?","$","?","?","M","R","M","T","R","M","E","M","?","R","B",null],"character_chosen":"DEFECT","items_purchased":["Thunder Strike","Self Repair"],"campfire_rested":3,"item_purchase_floors":[20,20],"current_hp_per_floor":[73,73,73,68,64,62,62,47,47,47,69,69,70,70,70,62,75,73,68,68,53,53,53,53,22,22,59,66,68,68,39,78,24,82,82,72,72,72,72,82,82,82,92,92,92,92,92,106,106,106],"gold":213,"neow_bonus":"RANDOM_COMMON_RELIC","is_prod":false,"is_daily":false,"chose_seed":false,"campfire_upgraded":6,"win_rate":0,"timestamp":1548839606,"path_taken":["M","?","?","M","?","E","R","?","T","M","R","E","M","?","R","BOSS","M","?","$","M","$","R","M","E","T","R","?","M","$","M","R","BOSS","M","?","$","?","?","M","R","M","T","R","M","E","?","?","R","BOSS"],"build_version":"2019-01-23","purchased_purges":3,"victory":true,"max_hp_per_floor":[75,75,75,75,75,75,75,75,75,75,75,75,75,75,75,75,75,75,75,75,75,75,75,75,75,75,75,82,82,82,82,82,82,82,82,82,82,82,82,82,82,82,92,92,92,92,92,106,106,106],"card_choices":[{"not_picked":["Sweeping Beam","Capacitor"],"picked":"Cold Snap","floor":1},{"not_picked":["Go for the Eyes","Steam"],"picked":"Streamline","floor":4},{"not_picked":["Aggregate","Reinforced Body"],"picked":"Glacier","floor":5},{"not_picked":["Storm","Static Discharge"],"picked":"Seek","floor":6},{"not_picked":["Turbo","Hello World"],"picked":"Ball Lightning","floor":10},{"not_picked":["Go for the Eyes","Gash"],"picked":"Barrage","floor":11},{"not_picked":["Sweeping Beam","Barrage"],"picked":"Doom and Gloom","floor":12},{"not_picked":["Gash","Cold Snap"],"picked":"Redo","floor":13},{"not_picked":["All For One","Reboot"],"picked":"Fission","floor":16},{"not_picked":["Beam Cell+1","Compile Driver","Redo"],"picked":"SKIP","floor":18},{"not_picked":["Hello World","Coolheaded"],"picked":"Loop","floor":19},{"not_picked":["White Noise","Static Discharge"],"picked":"Conserve Battery","floor":21},{"not_picked":["Coolheaded","Redo"],"picked":"Steam Power","floor":24},{"not_picked":["Conserve Battery+1","Redo+1"],"picked":"Buffer","floor":25},{"not_picked":["Tempest","Rebound"],"picked":"Chaos+1","floor":27},{"not_picked":["Compile Driver","Turbo","Undo"],"picked":"SKIP","floor":29},{"not_picked":["Hologram","Coolheaded","Rebound"],"picked":"SKIP","floor":31},{"not_picked":["Self Repair","Tempest+1"],"picked":"Electrodynamics","floor":32},{"not_picked":["Core Surge","Thunder Strike"],"picked":"Buffer","floor":33},{"not_picked":["Gash","Compile Driver+1"],"picked":"Streamline+1","floor":35},{"not_picked":["Dramatic Entrance","Enlightenment"],"picked":"Apotheosis","floor":38},{"not_picked":["Heatsinks","Static Discharge","Go for the Eyes"],"picked":"SKIP","floor":40},{"not_picked":["Steam+1","Undo","Darkness"],"picked":"SKIP","floor":42},{"not_picked":["Auto Shields","Self Repair+1","Steam Power"],"picked":"SKIP","floor":45},{"not_picked":["Go for the Eyes+1","Stack"],"picked":"Defragment","floor":46},{"not_picked":["Doom and Gloom","Compile Driver+1"],"picked":"Lockon+1","floor":47}],"player_experience":121541,"relics_obtained":[{"floor":6,"key":"Torii"},{"floor":9,"key":"Matryoshka"},{"floor":12,"key":"Blood Vial"},{"floor":25,"key":"Pocketwatch"},{"floor":26,"key":"Bottled Tornado"},{"floor":26,"key":"Bottled Lightning"},{"floor":28,"key":"Strawberry"},{"floor":43,"key":"Pear"},{"floor":43,"key":"Centennial Puzzle"},{"floor":46,"key":"Mercury Hourglass"},{"floor":48,"key":"Mango"}],"event_choices":[{"damage_healed":0,"gold_gain":0,"player_choice":"Ignored","damage_taken":0,"max_hp_gain":0,"max_hp_loss":0,"event_name":"Liars Game","floor":2,"gold_loss":0},{"damage_healed":0,"gold_gain":0,"player_choice":"Bought 2 Potions","damage_taken":0,"max_hp_gain":0,"max_hp_loss":0,"event_name":"The Woman in Blue","floor":3,"gold_loss":0},{"damage_healed":0,"gold_gain":0,"player_choice":"Entered Light","damage_taken":15,"max_hp_gain":0,"max_hp_loss":0,"event_name":"Shining Light","floor":8,"gold_loss":0,"cards_upgraded":["Defend_B","Dualcast"]},{"damage_healed":0,"gold_gain":0,"player_choice":"Gave Potion","damage_taken":0,"relics_obtained":["Regal Pillow"],"max_hp_gain":0,"max_hp_loss":0,"event_name":"WeMeetAgain","floor":14,"gold_loss":0},{"damage_healed":0,"gold_gain":0,"player_choice":"Relic","damage_taken":0,"max_hp_gain":0,"max_hp_loss":0,"event_name":"Wheel of Change","floor":28,"gold_loss":0},{"damage_healed":0,"gold_gain":0,"player_choice":"Embrace Madness","damage_taken":10,"max_hp_gain":0,"max_hp_loss":0,"event_name":"Winding Halls","floor":36,"gold_loss":0,"cards_obtained":["Madness","Madness"]},{"damage_healed":0,"gold_gain":0,"player_choice":"Memory 1","damage_taken":0,"max_hp_gain":0,"max_hp_loss":0,"event_name":"SensoryStone","floor":38,"gold_loss":0},{"damage_healed":0,"gold_gain":0,"player_choice":"Copied","damage_taken":0,"max_hp_gain":0,"max_hp_loss":0,"event_name":"Duplicator","floor":39,"gold_loss":0,"cards_obtained":["Buffer"]},{"damage_healed":0,"gold_gain":0,"player_choice":"Fight","damage_taken":0,"max_hp_gain":0,"max_hp_loss":0,"event_name":"Mysterious Sphere","floor":48,"gold_loss":0}],"is_beta":false,"boss_relics":[{"not_picked":["Cursed Key","Philosopher\u0027s Stone"],"picked":"Nuclear Battery"},{"not_picked":["White Beast Statue","Empty Cage"],"picked":"Inserter"}],"items_purged_floors":[22,30,37],"is_endless":false,"potions_floor_spawned":[5,6,16,18,25,29,42,45,46],"ascension_level":3}