{"gold_per_floor":[115,133,58,69,88,88,122,122,122,151,151,101,114,134,134,238,238,256,346,42,59,59,79,79,79],"floor_reached":25,"playtime":1440,"items_purged":["Strike_R"],"score":224,"play_id":"ef96f04e-4867-4327-b60d-362660370ee8","local_time":"20190106000507","is_ascension_mode":true,"campfire_choices":[{"data":"Armaments","floor":6,"key":"SMITH"},{"floor":8,"key":"REST"},{"data":"Rampage","floor":11,"key":"SMITH"},{"data":"Inflame","floor":15,"key":"SMITH"},{"floor":24,"key":"REST"}],"neow_cost":"NONE","seed_source_timestamp":46553847495793,"circlet_count":0,"master_deck":["Strike_R","Strike_R","Strike_R","Defend_R","Defend_R","Defend_R","Bash","Flex","Disarm","Armaments+1","Rampage+1","Clothesline","Shrug It Off","Inflame+1","Barricade","Body Slam+1"],"relics":["Burning Blood","Singing Bowl","Ice Cream","Gambling Chip","Sozu","Unceasing Top"],"potions_floor_usage":[16,25],"damage_taken":[{"damage":5,"enemies":"Cultist","floor":1,"turns":4},{"damage":7,"enemies":"Small Slimes","floor":2,"turns":4},{"damage":12,"enemies":"2 Louse","floor":4,"turns":4},{"damage":13,"enemies":"Large Slime","floor":5,"turns":11},{"damage":34,"enemies":"3 Sentries","floor":7,"turns":12},{"damage":28,"enemies":"Gremlin Nob","floor":10,"turns":4},{"damage":7,"enemies":"Blue Slaver","floor":13,"turns":5},{"damage":4,"enemies":"3 Louse","floor":14,"turns":5},{"damage":25,"enemies":"Slime Boss","floor":16,"turns":12},{"damage":19,"enemies":"Spheric Guardian","floor":18,"turns":4},{"damage":10,"enemies":"Shell Parasite","floor":21,"turns":6},{"damage":11,"enemies":"Shelled Parasite and Fungi","floor":23,"turns":7},{"damage":64,"enemies":"Book of Stabbing","floor":25,"turns":8}],"seed_played":"-765199394752213445","potions_obtained":[{"floor":4,"key":"SpeedPotion"},{"floor":5,"key":"SteroidPotion"},{"floor":7,"key":"SkillPotion"},{"floor":10,"key":"Dexterity Potion"}],"is_trial":false,"path_per_floor":["M","M","$","M","M","R","E","R","T","E","R","?","M","M","R","B",null,"M","?","$","M","?","M","R","E"],"character_chosen":"IRONCLAD","items_purchased":["Unceasing Top"],"campfire_rested":2,"item_purchase_floors":[20],"current_hp_per_floor":[80,79,79,73,66,66,38,62,62,40,40,40,39,43,43,24,82,71,55,55,53,36,31,58,0],"gold":79,"neow_bonus":"REMOVE_CARD","is_prod":false,"is_daily":false,"chose_seed":false,"campfire_upgraded":3,"win_rate":0,"timestamp":1546729507,"path_taken":["M","M","$","M","M","R","E","R","T","E","R","?","M","M","R","BOSS","M","?","$","?","?","M","R","E"],"build_version":"2019-01-03v4","purchased_purges":1,"victory":false,"max_hp_per_floor":[80,80,80,80,80,80,80,80,80,80,80,80,80,82,82,82,82,84,84,84,86,91,91,91,91],"card_choices":[{"not_picked":["Pommel Strike","Rupture"],"picked":"Flex","floor":1},{"not_picked":["Clash","Perfected Strike"],"picked":"Disarm","floor":2},{"not_picked":["Disarm","Body Slam"],"picked":"Armaments","floor":4},{"not_picked":["Body Slam","Thunderclap"],"picked":"Rampage","floor":5},{"not_picked":["Havoc","Fire Breathing"],"picked":"Clothesline","floor":7},{"not_picked":["Pommel Strike","Cleave"],"picked":"Shrug It Off","floor":10},{"not_picked":["Whirlwind","Carnage"],"picked":"Inflame","floor":13},{"not_picked":["Power Through","Bloodletting","Headbutt"],"picked":"Singing Bowl","floor":14},{"not_picked":["Bludgeon","Offering"],"picked":"Barricade","floor":16},{"not_picked":["Hemokinesis","Cleave","Pummel"],"picked":"Singing Bowl","floor":18},{"not_picked":["Whirlwind","Armaments","Second Wind+1"],"picked":"Singing Bowl","floor":21},{"not_picked":["Sever Soul","Corruption"],"picked":"Body Slam+1","floor":23}],"player_experience":122831,"relics_obtained":[{"floor":7,"key":"Singing Bowl"},{"floor":9,"key":"Ice Cream"},{"floor":10,"key":"Gambling Chip"}],"event_choices":[{"cards_removed":["Defend_R"],"damage_healed":0,"gold_gain":0,"player_choice":"Card Removal","damage_taken":0,"max_hp_gain":0,"max_hp_loss":0,"event_name":"The Cleric","floor":12,"gold_loss":50},{"damage_healed":0,"gold_gain":90,"player_choice":"GOLD ","damage_taken":16,"max_hp_gain":0,"max_hp_loss":0,"event_name":"Knowing Skull","floor":19,"potions_obtained":[],"gold_loss":0,"cards_obtained":[]},{"damage_healed":0,"gold_gain":0,"player_choice":"Shed Blood","damage_taken":22,"max_hp_gain":5,"max_hp_loss":0,"event_name":"Forgotten Altar","floor":22,"gold_loss":0}],"is_beta":false,"boss_relics":[{"not_picked":["Ectoplasm","Philosopher\u0027s Stone"],"picked":"Sozu"}],"items_purged_floors":[3],"is_endless":false,"potions_floor_spawned":[4,5,7,10],"killed_by":"Book of Stabbing","ascension_level":1}