{"gold_per_floor":[112,187,112,122,87,87,262,295,368,402,302,322,322,352,352,456,456,467,483,285,285,210,210,210],"floor_reached":24,"playtime":1056,"items_purged":["Strike_B","Doubt","Strike_B"],"score":259,"play_id":"24d5b2be-3d9c-4ee4-872e-bef1da4fe31b","local_time":"20190112143414","is_ascension_mode":true,"campfire_choices":[{"data":"Coolheaded","floor":6,"key":"SMITH"},{"floor":15,"key":"REST"},{"floor":23,"key":"REST"}],"neow_cost":"NONE","seed_source_timestamp":142209869259645,"circlet_count":0,"master_deck":["Strike_B","Defend_B","Defend_B","Defend_B","Defend_B","Zap","Dualcast","Coolheaded+1","FTL","Capacitor+1","Conserve Battery","Machine Learning","Biased Cognition","Blizzard"],"relics":["Cracked Core","NeowsBlessing","Bag of Marbles","Letter Opener","Boot","Shuriken","Black Star","Nilry\u0027s Codex"],"potions_floor_usage":[10,14,24],"damage_taken":[{"damage":0,"enemies":"Jaw Worm","floor":1,"turns":1},{"damage":0,"enemies":"Cultist","floor":4,"turns":1},{"damage":0,"enemies":"Gremlin Nob","floor":8,"turns":1},{"damage":14,"enemies":"Lagavulin","floor":10,"turns":8},{"damage":1,"enemies":"2 Louse","floor":12,"turns":2},{"damage":17,"enemies":"3 Sentries","floor":14,"turns":9},{"damage":45,"enemies":"Hexaghost","floor":16,"turns":12},{"damage":33,"enemies":"3 Byrds","floor":18,"turns":5},{"damage":14,"enemies":"Spheric Guardian","floor":19,"turns":6},{"damage":35,"enemies":"Gremlin Leader","floor":24,"turns":4}],"seed_played":"-471161784497136743","potions_obtained":[{"floor":1,"key":"Weak Potion"},{"floor":12,"key":"SkillPotion"},{"floor":16,"key":"SteroidPotion"},{"floor":18,"key":"Explosive Potion"}],"is_trial":false,"path_per_floor":["M","?","$","M","$","R","?","E","T","E","$","M","?","E","R","B",null,"M","M","$","?","?","R","E"],"character_chosen":"DEFECT","items_purchased":["FTL","Blizzard"],"campfire_rested":2,"item_purchase_floors":[5,20],"current_hp_per_floor":[75,68,68,68,68,68,68,68,68,54,54,53,53,36,58,13,75,42,28,28,12,12,34,0],"gold":210,"neow_bonus":"THREE_ENEMY_KILL","is_prod":false,"is_daily":false,"chose_seed":false,"campfire_upgraded":1,"win_rate":0,"timestamp":1547316254,"path_taken":["M","?","$","M","?","R","?","E","T","E","$","M","?","E","R","BOSS","M","M","$","?","?","R","E"],"build_version":"2019-01-10","purchased_purges":3,"victory":false,"max_hp_per_floor":[75,75,75,75,75,75,75,75,75,75,75,75,75,75,75,75,75,75,75,75,75,75,75,75],"card_choices":[{"not_picked":["Scrape","Ball Lightning"],"picked":"Coolheaded","floor":1},{"not_picked":["BootSequence","Glacier","Compile Driver"],"picked":"SKIP","floor":4},{"not_picked":["Go for the Eyes","Recycle","Darkness"],"picked":"SKIP","floor":8},{"not_picked":["Lockon","Conserve Battery"],"picked":"Capacitor","floor":10},{"not_picked":["Barrage","Sweeping Beam"],"picked":"Conserve Battery","floor":12},{"not_picked":["Sunder","Hello World"],"picked":"Machine Learning","floor":14},{"not_picked":["Seek","Buffer"],"picked":"Biased Cognition","floor":16},{"not_picked":["Beam Cell","Undo","Steam Power"],"picked":"SKIP","floor":18},{"not_picked":["Fusion","Steam","Barrage"],"picked":"SKIP","floor":19}],"player_experience":163693,"relics_obtained":[{"floor":8,"key":"Bag of Marbles"},{"floor":9,"key":"Letter Opener"},{"floor":10,"key":"Boot"},{"floor":14,"key":"Shuriken"},{"floor":21,"key":"Nilry\u0027s Codex"}],"event_choices":[{"damage_healed":0,"gold_gain":75,"player_choice":"Touch","damage_taken":7,"max_hp_gain":0,"max_hp_loss":0,"event_name":"FaceTrader","floor":2,"gold_loss":0},{"damage_healed":0,"gold_gain":175,"player_choice":"AGREE","damage_taken":0,"max_hp_gain":0,"max_hp_loss":0,"event_name":"Liars Game","floor":7,"gold_loss":0,"cards_obtained":["Doubt"]},{"damage_healed":0,"gold_gain":0,"player_choice":"Upgraded","damage_taken":0,"max_hp_gain":0,"max_hp_loss":0,"event_name":"Upgrade Shrine","floor":13,"gold_loss":0,"cards_upgraded":["Capacitor"]},{"damage_healed":0,"gold_gain":0,"player_choice":"Obtained Book","damage_taken":16,"max_hp_gain":0,"max_hp_loss":0,"event_name":"Cursed Tome","floor":21,"gold_loss":0},{"cards_removed":["Strike_B"],"damage_healed":0,"gold_gain":0,"player_choice":"Gave Gold","damage_taken":0,"max_hp_gain":0,"max_hp_loss":0,"event_name":"Beggar","floor":22,"gold_loss":75}],"is_beta":false,"boss_relics":[{"not_picked":["Ectoplasm","Coffee Dripper"],"picked":"Black Star"}],"items_purged_floors":[3,11,20],"is_endless":false,"potions_floor_spawned":[1,12,16,18],"killed_by":"Gremlin Leader","ascension_level":2}