{"gold_per_floor":[114,16,16,28,203,216,216,93,93,110,110,145,145,20,20,121,121,138,93,107,120,120,120,120],"floor_reached":24,"playtime":1260,"items_purged":["Strike_R","Strike_R","Doubt"],"score":219,"play_id":"d2233c0f-0734-4101-9957-5dea495273aa","local_time":"20180722200112","is_ascension_mode":false,"campfire_choices":[{"data":"Armaments","floor":7.0,"key":"SMITH"},{"data":"Rage","floor":11.0,"key":"SMITH"},{"floor":15.0,"key":"REST"},{"floor":23,"key":"REST"}],"neow_cost":"NONE","seed_source_timestamp":0,"circlet_count":0,"master_deck":["Strike_R","Defend_R","Defend_R","Defend_R","Defend_R","Bash","Rage+1","Warcry","Warcry","Spot Weakness","Armaments+1","Heavy Blade","Warcry","Limit Break","Double Tap","Battle Trance","Flex"],"special_seed":0,"relics":["Black Blood","Bottled Lightning","Strawberry"],"potions_floor_usage":[24],"damage_taken":[{"damage":12.0,"enemies":"Cultist","floor":1.0,"turns":5.0},{"damage":0.0,"enemies":"2 Louse","floor":4.0,"turns":3.0},{"damage":3.0,"enemies":"Small Slimes","floor":6.0,"turns":5.0},{"damage":7.0,"enemies":"Looter","floor":10.0,"turns":4.0},{"damage":77.0,"enemies":"Gremlin Nob","floor":12.0,"turns":6.0},{"damage":51.0,"enemies":"Slime Boss","floor":16.0,"turns":12.0},{"damage":8.0,"enemies":"Chosen","floor":18.0,"turns":5.0},{"damage":66.0,"enemies":"3 Byrds","floor":20.0,"turns":9.0},{"damage":27.0,"enemies":"Snecko","floor":21.0,"turns":6.0},{"damage":48,"enemies":"Slavers","floor":24,"turns":3}],"seed_played":"265525631898944349","potions_obtained":[{"floor":12.0,"key":"Dexterity Potion"},{"floor":21.0,"key":"GamblersBrew"}],"is_trial":false,"path_per_floor":["M","$","?","M","?","M","R","$","T","M","R","E","?","$","R","B",null,"M","$","M","M","?","R"],"character_chosen":"IRONCLAD","items_purchased":["Warcry","Heavy Blade","Flex"],"campfire_rested":2,"item_purchase_floors":[2,8,19],"current_hp_per_floor":[74,74,74,80,80,80,80,80,80,79,79,15,44,44,70,25,87,87,87,31,14,14,40,0],"gold":120,"neow_bonus":"REMOVE_CARD","is_prod":false,"is_daily":false,"chose_seed":false,"campfire_upgraded":2,"win_rate":0.0,"timestamp":1532260872,"path_taken":["M","?","?","?","?","M","R","$","T","M","R","E","?","$","R","BOSS","M","$","M","M","?","R","E"],"build_version":"2018-07-19v2","purchased_purges":3,"victory":false,"max_hp_per_floor":[80,80,80,80,80,80,80,80,80,80,80,87,87,87,87,87,87,87,87,87,87,87,87,87],"card_choices":[{"not_picked":["Clash","Body Slam"],"picked":"Rage","floor":1.0},{"not_picked":["Armaments","Iron Wave"],"picked":"Spot Weakness","floor":4.0},{"not_picked":["Second Wind","Sword Boomerang"],"picked":"Armaments","floor":6.0},{"not_picked":["Twin Strike","True Grit"],"picked":"Warcry","floor":10.0},{"not_picked":["Corruption","Second Wind"],"picked":"Limit Break","floor":12.0},{"not_picked":["Feed","Demon Form"],"picked":"Double Tap","floor":16.0},{"not_picked":["Armaments+1","Clash"],"picked":"Battle Trance","floor":18.0},{"not_picked":["Sever Soul+1","Sword Boomerang","Twin Strike+1"],"picked":"SKIP","floor":20.0},{"not_picked":["Fire Breathing","Shockwave","Sword Boomerang"],"picked":"SKIP","floor":21.0}],"player_experience":51839,"relics_obtained":[{"floor":9.0,"key":"Bottled Lightning"},{"floor":12.0,"key":"Strawberry"}],"event_choices":[{"event_name":"Transmorgrifier","player_choice":"Transform","floor":3.0,"damage_taken":0.0},{"event_name":"Liars Game","player_choice":"agreed","floor":5.0,"damage_taken":0.0},{"event_name":"Big Fish","player_choice":"Banana","floor":13.0,"damage_taken":0.0},{"event_name":"Addict","player_choice":"Ignored","floor":22.0,"damage_taken":0.0}],"is_beta":false,"boss_relics":[{"not_picked":["Runic Pyramid","Mark of Pain"],"picked":"Black Blood"}],"items_purged_floors":[2,8,14],"is_endless":false,"potions_floor_spawned":[12,21],"killed_by":"Slavers","ascension_level":0}