{"gold_per_floor":[217,292,311,328,338,369,380,380,403,435,455,455,469,494,494,596,596,612,630,630,646,646],"floor_reached":22,"playtime":1477,"items_purged":[],"score":210,"play_id":"a7ec430b-8ac9-455d-8547-0ce24e837ba2","local_time":"20190122181235","is_ascension_mode":false,"campfire_choices":[{"floor":12.0,"key":"REST"},{"floor":15.0,"key":"REST"}],"neow_cost":"NONE","seed_source_timestamp":0,"circlet_count":0,"master_deck":["Bash","Carnage","Thunderclap","Pommel Strike","Combust","Whirlwind","Reaper","Metallicize","Feed","Searing Blow","Second Wind","Feed","Searing Blow","Combust","Cleave","Wild Strike","Searing Blow","Headbutt","Shrug It Off","Reckless Charge+1"],"special_seed":0,"relics":["Burning Blood","Art of War","Oddly Smooth Stone","Ancient Tea Set","Bag of Marbles","Pandora\u0027s Box","Enchiridion"],"potions_floor_usage":[],"damage_taken":[{"damage":1.0,"enemies":"Jaw Worm","floor":1.0,"turns":3.0},{"damage":0.0,"enemies":"Cultist","floor":3.0,"turns":2.0},{"damage":0.0,"enemies":"Small Slimes","floor":4.0,"turns":2.0},{"damage":1.0,"enemies":"2 Fungi Beasts","floor":5.0,"turns":3.0},{"damage":25.0,"enemies":"Gremlin Nob","floor":6.0,"turns":4.0},{"damage":13.0,"enemies":"Lots of Slimes","floor":7.0,"turns":4.0},{"damage":33.0,"enemies":"3 Sentries","floor":10.0,"turns":7.0},{"damage":4.0,"enemies":"Looter","floor":11.0,"turns":3.0},{"damage":4.0,"enemies":"Gremlin Gang","floor":13.0,"turns":3.0},{"damage":28.0,"enemies":"Gremlin Nob","floor":14.0,"turns":4.0},{"damage":55.0,"enemies":"Slime Boss","floor":16.0,"turns":11.0},{"damage":16.0,"enemies":"3 Byrds","floor":18.0,"turns":4.0},{"damage":40.0,"enemies":"2 Thieves","floor":19.0,"turns":4.0},{"damage":21,"enemies":"Snake Plant","floor":21,"turns":4},{"damage":11,"enemies":"Sentry and Sphere","floor":22,"turns":3}],"seed_played":"-6947983039384025321","potions_obtained":[{"floor":1.0,"key":"SpeedPotion"},{"floor":5.0,"key":"Weak Potion"},{"floor":7.0,"key":"LiquidBronze"},{"floor":21,"key":"FearPotion"}],"is_trial":false,"path_per_floor":["M","?","M","M","M","E","M","?","T","E","M","R","M","E","R","B",null,"M","M","?","M","M"],"character_chosen":"IRONCLAD","items_purchased":[],"campfire_rested":2,"item_purchase_floors":[],"current_hp_per_floor":[80,69,75,80,80,61,54,54,54,27,29,53,55,33,57,20,80,73,39,23,8,0],"gold":646,"neow_bonus":"HUNDRED_GOLD","is_prod":false,"is_daily":false,"chose_seed":false,"campfire_upgraded":0,"win_rate":0,"timestamp":1548202355,"path_taken":["M","?","M","M","M","E","M","?","T","E","M","R","?","E","R","BOSS","M","M","?","M","M"],"build_version":"2019-01-17v2","purchased_purges":0,"victory":false,"max_hp_per_floor":[80,80,80,80,80,80,80,80,80,80,80,80,80,80,80,80,80,83,83,83,83,83],"card_choices":[{"not_picked":["Sever Soul","Clash"],"picked":"Carnage","floor":1.0},{"not_picked":["Sever Soul","Clothesline","Havoc"],"picked":"SKIP","floor":3.0},{"not_picked":["Perfected Strike","True Grit"],"picked":"Thunderclap","floor":4.0},{"not_picked":["Havoc","Sword Boomerang"],"picked":"Pommel Strike","floor":5.0},{"not_picked":["Clash","Havoc","Blood for Blood"],"picked":"SKIP","floor":6.0},{"not_picked":["Battle Trance","Brutality","Sword Boomerang"],"picked":"SKIP","floor":7.0},{"not_picked":["Bloodletting","Clothesline"],"picked":"Whirlwind","floor":10.0},{"not_picked":["Perfected Strike","Thunderclap","Burning Pact"],"picked":"SKIP","floor":11.0},{"not_picked":["Anger","Shrug It Off"],"picked":"Reaper","floor":13.0},{"not_picked":["Seeing Red","Warcry"],"picked":"Metallicize","floor":14.0},{"not_picked":["Reaper","Exhume"],"picked":"Feed","floor":16.0},{"not_picked":["Perfected Strike","Thunderclap"],"picked":"Headbutt","floor":18.0},{"not_picked":["Armaments","True Grit"],"picked":"Shrug It Off","floor":19.0},{"not_picked":["Uppercut","Shockwave"],"picked":"Reckless Charge+1","floor":21}],"player_experience":297593,"relics_obtained":[{"floor":6.0,"key":"Art of War"},{"floor":9.0,"key":"Oddly Smooth Stone"},{"floor":10.0,"key":"Ancient Tea Set"},{"floor":14.0,"key":"Bag of Marbles"},{"floor":20,"key":"Enchiridion"}],"event_choices":[{"damage_healed":0.0,"max_hp_gain":0.0,"max_hp_loss":0.0,"gold_gain":75.0,"event_name":"World of Goop","player_choice":"Gather Gold","floor":2.0,"gold_loss":0.0,"damage_taken":11.0},{"damage_healed":0.0,"max_hp_gain":0.0,"max_hp_loss":0.0,"gold_gain":0.0,"cards_transformed":["Strike_R"],"event_name":"Transmorgrifier","player_choice":"Transformed","floor":8.0,"gold_loss":0.0,"damage_taken":0.0,"cards_obtained":["Combust"]},{"damage_healed":0,"gold_gain":0,"player_choice":"Obtained Book","damage_taken":16,"max_hp_gain":0,"max_hp_loss":0,"event_name":"Cursed Tome","floor":20,"gold_loss":0}],"is_beta":false,"boss_relics":[{"not_picked":["Runic Pyramid","Sozu"],"picked":"Pandora\u0027s Box"}],"items_purged_floors":[],"is_endless":false,"potions_floor_spawned":[1,5,7,13,14,21],"killed_by":"Sentry and Sphere","ascension_level":0}