{"gold_per_floor":[116,116,127,127,141,141,29,54,77,77,96,96,96,120,120,120],"floor_reached":16,"playtime":706,"items_purged":["Strike_G"],"score":98,"play_id":"25c8af37-0b32-4a88-8ecb-7c0f03e02576","local_time":"20181231151339","is_ascension_mode":false,"campfire_choices":[{"data":"Noxious Fumes","floor":6,"key":"SMITH"},{"data":"Neutralize","floor":12,"key":"SMITH"},{"floor":15,"key":"REST"}],"neow_cost":"NONE","seed_source_timestamp":837524916493136,"circlet_count":0,"master_deck":["Defend_G","Defend_G","Defend_G","Defend_G+1","Strike_G+1","Strike_G","Strike_G","Strike_G","Survivor","Neutralize+1","Noxious Fumes+1","All Out Attack","Dagger Throw","Deadly Poison"],"relics":["Ring of the Snake"],"potions_floor_usage":[16],"damage_taken":[{"damage":0,"enemies":"2 Louse","floor":1,"turns":3},{"damage":3,"enemies":"Jaw Worm","floor":3,"turns":4},{"damage":1,"enemies":"Cultist","floor":5,"turns":4},{"damage":15,"enemies":"Lagavulin","floor":8,"turns":8},{"damage":6,"enemies":"Exordium Thugs","floor":11,"turns":5},{"damage":54,"enemies":"Slime Boss","floor":16,"turns":8}],"seed_played":"7588625269893523004","potions_obtained":[{"floor":1,"key":"Swift Potion"},{"floor":8,"key":"FearPotion"}],"is_trial":false,"path_per_floor":["M","?","M","?","M","R","$","E","T","?","M","R","$","T","R","B"],"character_chosen":"THE_SILENT","items_purchased":["All Out Attack"],"campfire_rested":1,"item_purchase_floors":[7],"current_hp_per_floor":[77,62,59,52,51,51,51,36,36,33,27,27,27,27,50,0],"gold":120,"neow_bonus":"TEN_PERCENT_HP_BONUS","is_prod":false,"is_daily":false,"chose_seed":false,"campfire_upgraded":2,"win_rate":0,"timestamp":1546281819,"path_taken":["M","?","M","?","M","R","$","E","T","?","?","R","?","?","R","BOSS"],"build_version":"2018-12-20","purchased_purges":1,"victory":false,"max_hp_per_floor":[77,77,77,77,77,77,77,77,77,77,77,77,77,77,77,77],"card_choices":[{"not_picked":["Calculated Gamble","Skewer","Cloak And Dagger"],"picked":"SKIP","floor":1},{"not_picked":["Skewer","Blade Dance","Caltrops"],"picked":"SKIP","floor":3},{"not_picked":["Slice","Deflect"],"picked":"Noxious Fumes","floor":5},{"not_picked":["Choke","PiercingWail"],"picked":"Dagger Throw","floor":8},{"not_picked":["Bane","Expertise"],"picked":"Deadly Poison","floor":11}],"player_experience":137377,"relics_obtained":[],"event_choices":[{"damage_healed":0,"gold_gain":0,"player_choice":"Entered Light","damage_taken":15,"max_hp_gain":0,"max_hp_loss":0,"event_name":"Shining Light","floor":2,"gold_loss":0,"cards_upgraded":["Defend_G","Strike_G"]},{"cards_removed":["Defend_G"],"damage_healed":0,"gold_gain":0,"player_choice":"Card Removal","damage_taken":7,"max_hp_gain":0,"max_hp_loss":0,"event_name":"Golden Wing","floor":4,"gold_loss":0},{"damage_healed":0,"gold_gain":0,"player_choice":"Fled","damage_taken":3,"max_hp_gain":0,"max_hp_loss":0,"event_name":"Scrap Ooze","floor":10,"gold_loss":0}],"is_beta":false,"boss_relics":[],"items_purged_floors":[7],"is_endless":false,"potions_floor_spawned":[1,8],"killed_by":"Slime Boss","ascension_level":0}