{"gold_per_floor":[115,115,126,140,140,169,169,129,129,129,146,146,164,195,195,298,298,309,309,323,333,254,282,282,311,311,329,329,349,349,549,549,644,644,662,681,681,691,593,593,610,610,610,610,626,641,661,429,429,429,429,429,6,33,33],"floor_reached":56,"playtime":3991,"items_purged":["Machine Learning","Hyperbeam"],"score":1129,"play_id":"700d72fa-58c7-4264-9562-a0be3bfcb94a","local_time":"20190202215014","is_ascension_mode":false,"campfire_choices":[{"floor":10.0,"key":"REST"},{"floor":12.0,"key":"REST"},{"floor":15.0,"key":"REST"},{"data":"Capacitor","floor":24.0,"key":"SMITH"},{"floor":28.0,"key":"REST"},{"floor":30.0,"key":"REST"},{"floor":32.0,"key":"REST"},{"floor":40.0,"key":"REST"},{"floor":42.0,"key":"REST"},{"floor":44.0,"key":"RECALL"},{"floor":49.0,"key":"REST"},{"data":"Defragment","floor":52.0,"key":"SMITH"}],"neow_cost":"NONE","seed_source_timestamp":0,"circlet_count":0,"master_deck":["Strike_B","Strike_B","Strike_B","Strike_B","Defend_B","Defend_B+1","Defend_B","Defend_B+1","Zap","Dualcast","Leap+1","Cold Snap","Gash","Coolheaded","White Noise","Seek","Streamline","Go for the Eyes","Go for the Eyes","Capacitor+1","Coolheaded","FTL","Blizzard+1","Conserve Battery","Machine Learning","Defragment+1","Barrage","Cold Snap+1","Cold Snap+1","Madness","Madness","Leap+1","Force Field+1","Glacier+1","Mayhem"],"special_seed":0,"relics":["Cracked Core","Dream Catcher","Shuriken","Oddly Smooth Stone","Emotion Chip","Sozu","Letter Opener","Red Mask","Blue Candle","Runic Pyramid","Gremlin Horn","Bag of Marbles","DataDisk","War Paint","Boot"],"potions_floor_usage":[55],"damage_taken":[{"damage":7.0,"enemies":"Small Slimes","floor":1.0,"turns":3.0},{"damage":2.0,"enemies":"2 Louse","floor":3.0,"turns":2.0},{"damage":8.0,"enemies":"Jaw Worm","floor":4.0,"turns":4.0},{"damage":38.0,"enemies":"Lagavulin","floor":6.0,"turns":8.0},{"damage":0.0,"enemies":"Looter","floor":11.0,"turns":3.0},{"damage":0.0,"enemies":"Red Slaver","floor":13.0,"turns":4.0},{"damage":43.0,"enemies":"Gremlin Nob","floor":14.0,"turns":6.0},{"damage":7.0,"enemies":"Hexaghost","floor":16.0,"turns":12.0},{"damage":0.0,"enemies":"Spheric Guardian","floor":18.0,"turns":5.0},{"damage":6.0,"enemies":"2 Thieves","floor":20.0,"turns":2.0},{"damage":18.0,"enemies":"Snecko","floor":21.0,"turns":6.0},{"damage":27.0,"enemies":"Slavers","floor":23.0,"turns":6.0},{"damage":6.0,"enemies":"Masked Bandits","floor":25.0,"turns":2.0},{"damage":8.0,"enemies":"Centurion and Healer","floor":27.0,"turns":6.0},{"damage":20.0,"enemies":"Cultist and Chosen","floor":29.0,"turns":7.0},{"damage":25.0,"enemies":"Automaton","floor":33.0,"turns":11.0},{"damage":26.0,"enemies":"3 Darklings","floor":35.0,"turns":5.0},{"damage":10.0,"enemies":"Orb Walker","floor":36.0,"turns":3.0},{"damage":24.0,"enemies":"Transient","floor":38.0,"turns":5.0},{"damage":8.0,"enemies":"Maw","floor":41.0,"turns":9.0},{"damage":22.0,"enemies":"Jaw Worm Horde","floor":45.0,"turns":4.0},{"damage":10.0,"enemies":"Sphere and 2 Shapes","floor":46.0,"turns":7.0},{"damage":5.0,"enemies":"Writhing Mass","floor":47.0,"turns":12.0},{"damage":11.0,"enemies":"Time Eater","floor":50.0,"turns":17.0},{"damage":38.0,"enemies":"Shield and Spear","floor":54.0,"turns":12.0},{"damage":11,"enemies":"The Heart","floor":55,"turns":14}],"seed_played":"-6952445992485352648","potions_obtained":[{"floor":3.0,"key":"Poison Potion"},{"floor":4.0,"key":"FearPotion"},{"floor":14.0,"key":"PowerPotion"}],"is_trial":false,"path_per_floor":["M","?","M","M","?","E","?","?","T","R","M","R","M","E","R","B",null,"M","?","M","M","$","E","R","?","T","M","R","M","R","?","R","B",null,"M","M","?","M","?","R","M","R","T","R","M","M","M","$","R","B",null,"R","$","E","B",null],"character_chosen":"DEFECT","items_purchased":["FTL","DataDisk","Mayhem","War Paint"],"campfire_rested":9,"item_purchase_floors":[22,48,53,53],"current_hp_per_floor":[68,50,48,40,40,2,2,2,2,24,24,46,46,3,25,18,75,75,75,69,51,51,24,24,18,18,10,32,12,34,34,56,31,75,49,39,30,6,6,28,20,42,42,42,20,10,5,5,27,16,75,75,75,37,26],"gold":33,"neow_bonus":"RANDOM_COMMON_RELIC","is_prod":false,"is_daily":false,"chose_seed":false,"campfire_upgraded":2,"win_rate":0,"timestamp":1549115414,"path_taken":["M","?","M","M","?","E","?","?","T","R","M","R","M","E","R","BOSS","M","?","M","M","$","E","R","?","T","M","R","M","R","?","R","BOSS","M","M","?","M","?","R","M","R","T","R","M","M","M","$","R","BOSS","R","$","E","BOSS"],"build_version":"2019-01-23","purchased_purges":2,"victory":true,"max_hp_per_floor":[75,75,75,75,75,75,75,75,75,75,75,75,75,75,75,75,75,75,75,75,75,75,75,75,75,75,75,75,75,75,75,75,75,75,75,75,75,75,75,75,75,75,75,75,75,75,75,75,75,75,75,75,75,75,75],"card_choices":[{"not_picked":["Steam Power","Reinforced Body"],"picked":"Leap","floor":1.0},{"not_picked":["Rebound","Steam"],"picked":"Cold Snap","floor":3.0},{"not_picked":["Go for the Eyes","Barrage"],"picked":"Gash","floor":4.0},{"not_picked":["Cold Snap","Turbo"],"picked":"Coolheaded","floor":6.0},{"not_picked":["Chaos","Redo"],"picked":"White Noise","floor":10.0},{"not_picked":["Fusion","Rebound","Hologram"],"picked":"SKIP","floor":11.0},{"not_picked":["Beam Cell","Storm"],"picked":"Seek","floor":12.0},{"not_picked":["Turbo","Rip and Tear"],"picked":"Streamline","floor":13.0},{"not_picked":["Genetic Algorithm","Conserve Battery"],"picked":"Go for the Eyes","floor":14.0},{"not_picked":["Multi-Cast","Meteor Strike"],"picked":"Hyperbeam","floor":16.0},{"not_picked":["Rebound","Barrage"],"picked":"Go for the Eyes","floor":18.0},{"not_picked":["Force Field","Turbo","Hologram"],"picked":"SKIP","floor":20.0},{"not_picked":["Rebound","Hologram"],"picked":"Coolheaded","floor":21.0},{"not_picked":["Reinforced Body","Leap+1"],"picked":"Blizzard+1","floor":23.0},{"not_picked":["Rebound+1","Hologram"],"picked":"Conserve Battery","floor":27.0},{"not_picked":["Hello World+1","Stack"],"picked":"Machine Learning","floor":28.0},{"not_picked":["Heatsinks","Consume"],"picked":"Defragment","floor":29.0},{"not_picked":["Redo","Sweeping Beam"],"picked":"Barrage","floor":30.0},{"not_picked":["Buffer","Barrage"],"picked":"Cold Snap+1","floor":32.0},{"not_picked":["Amplify","Biased Cognition"],"picked":"Machine Learning","floor":33.0},{"not_picked":["Darkness","Streamline"],"picked":"Cold Snap+1","floor":35.0},{"not_picked":["Barrage","Hello World","Beam Cell+1"],"picked":"SKIP","floor":36.0},{"not_picked":["Gash","Reprogram+1","Stack+1"],"picked":"SKIP","floor":38.0},{"not_picked":["Doom and Gloom","BootSequence"],"picked":"Leap+1","floor":41.0},{"not_picked":["Stack","Sweeping Beam+1","Scrape"],"picked":"SKIP","floor":45.0},{"not_picked":["Leap","Sweeping Beam+1","Coolheaded"],"picked":"SKIP","floor":46.0},{"not_picked":["Leap","Ball Lightning"],"picked":"Force Field+1","floor":47.0},{"not_picked":["Coolheaded+1","Force Field+1"],"picked":"Glacier+1","floor":49.0},{"not_picked":["Rainbow","Ball Lightning+1","Conserve Battery"],"picked":"SKIP","floor":54.0}],"player_experience":634972,"relics_obtained":[{"floor":6.0,"key":"Oddly Smooth Stone"},{"floor":14.0,"key":"Emotion Chip"},{"floor":23.0,"key":"Letter Opener"},{"floor":25.0,"key":"Red Mask"},{"floor":26.0,"key":"Blue Candle"},{"floor":43.0,"key":"Bag of Marbles"},{"floor":54.0,"key":"Boot"}],"event_choices":[{"damage_healed":0.0,"max_hp_gain":0.0,"max_hp_loss":0.0,"gold_gain":0.0,"event_name":"Scrap Ooze","player_choice":"Success","floor":2.0,"gold_loss":0.0,"damage_taken":18.0,"relics_obtained":["Shuriken"]},{"damage_healed":0.0,"max_hp_gain":0.0,"max_hp_loss":0.0,"gold_gain":0.0,"event_name":"Living Wall","player_choice":"Grow","floor":5.0,"gold_loss":0.0,"damage_taken":0.0,"cards_upgraded":["Leap"]},{"damage_healed":0.0,"max_hp_gain":0.0,"max_hp_loss":0.0,"gold_gain":0.0,"event_name":"Shining Light","player_choice":"Ignored","floor":7.0,"gold_loss":0.0,"damage_taken":0.0},{"damage_healed":0.0,"max_hp_gain":0.0,"max_hp_loss":0.0,"gold_gain":0.0,"event_name":"World of Goop","player_choice":"Left Gold","floor":8.0,"gold_loss":40.0,"damage_taken":0.0},{"damage_healed":0.0,"max_hp_gain":0.0,"max_hp_loss":0.0,"gold_gain":0.0,"event_name":"The Library","player_choice":"Read","floor":19.0,"gold_loss":0.0,"damage_taken":0.0,"cards_obtained":["Capacitor"]},{"damage_healed":0.0,"max_hp_gain":0.0,"max_hp_loss":0.0,"gold_gain":0.0,"event_name":"Masked Bandits","player_choice":"Fought Bandits","floor":25.0,"gold_loss":0.0,"damage_taken":0.0},{"damage_healed":0.0,"max_hp_gain":0.0,"max_hp_loss":0.0,"gold_gain":200.0,"event_name":"Wheel of Change","player_choice":"Gold","floor":31.0,"gold_loss":0.0,"damage_taken":0.0},{"damage_healed":0.0,"max_hp_gain":0.0,"max_hp_loss":0.0,"gold_gain":0.0,"event_name":"Winding Halls","player_choice":"Embrace Madness","floor":37.0,"gold_loss":0.0,"damage_taken":9.0,"cards_obtained":["Madness","Madness"]},{"damage_healed":0.0,"max_hp_gain":0.0,"max_hp_loss":0.0,"gold_gain":0.0,"event_name":"WeMeetAgain","player_choice":"Paid Gold","floor":39.0,"gold_loss":98.0,"damage_taken":0.0,"relics_obtained":["Gremlin Horn"]}],"is_beta":false,"boss_relics":[{"not_picked":["Empty Cage","Calling Bell"],"picked":"Sozu"},{"not_picked":["Velvet Choker","Busted Crown"],"picked":"Runic Pyramid"}],"items_purged_floors":[48,53],"is_endless":false,"potions_floor_spawned":[3,4,14,27,29,33,36,46,47],"ascension_level":0}