{"gold_per_floor":[115,131,81,93,18,18,52,64,91,108,108,122,122,22,22,120,120,135,135,148,168,43,43,43,43,43,43,56,67,92,108,108,108],"floor_reached":33,"playtime":2059,"items_purged":["Strike_R","Strike_R","Defend_R"],"score":269,"play_id":"770e2cba-166b-458a-8c9e-adf7a6a73763","local_time":"20180723223100","is_ascension_mode":false,"campfire_choices":[{"data":"Cleave","floor":6.0,"key":"SMITH"},{"data":"Hemokinesis","floor":11.0,"key":"SMITH"},{"floor":15.0,"key":"REST"},{"floor":23,"key":"REST"},{"floor":25,"key":"REST"},{"floor":32,"key":"REST"}],"neow_cost":"","seed_source_timestamp":0,"circlet_count":0,"master_deck":["Defend_R+1","Defend_R","Bash","Headbutt","Cleave+1","Battle Trance+1","Hemokinesis+1","Shrug It Off","Rupture","Brutality","Warcry+1","Heavy Blade","Double Tap","Evolve"],"special_seed":0,"relics":["Burning Blood","Orichalcum","Potion Belt","Omamori","Empty Cage","Pear","War Paint"],"potions_floor_usage":[21,21,30,33,33],"damage_taken":[{"damage":6.0,"enemies":"2 Louse","floor":1.0,"turns":4.0},{"damage":6.0,"enemies":"Jaw Worm","floor":2.0,"turns":3.0},{"damage":1.0,"enemies":"Cultist","floor":4.0,"turns":3.0},{"damage":12.0,"enemies":"3 Sentries","floor":7.0,"turns":6.0},{"damage":11.0,"enemies":"Lots of Slimes","floor":8.0,"turns":2.0},{"damage":4.0,"enemies":"3 Louse","floor":10.0,"turns":2.0},{"damage":4.0,"enemies":"Blue Slaver","floor":12.0,"turns":3.0},{"damage":30.0,"enemies":"Slime Boss","floor":16.0,"turns":9.0},{"damage":26.0,"enemies":"Spheric Guardian","floor":18.0,"turns":4.0},{"damage":34,"enemies":"3 Byrds","floor":20,"turns":5},{"damage":18,"enemies":"3 Cultists","floor":21,"turns":5},{"damage":21,"enemies":"Snecko","floor":28,"turns":6},{"damage":21,"enemies":"Centurion and Healer","floor":29,"turns":5},{"damage":30,"enemies":"Slavers","floor":30,"turns":5},{"damage":27,"enemies":"Cultist and Chosen","floor":31,"turns":6},{"damage":58,"enemies":"Champ","floor":33,"turns":8}],"seed_played":"7798931752078562177","potions_obtained":[{"floor":7.0,"key":"Regen Potion"},{"floor":8.0,"key":"AttackPotion"},{"floor":12.0,"key":"Fire Potion"},{"floor":20,"key":"SkillPotion"},{"floor":31,"key":"Weak Potion"}],"is_trial":false,"path_per_floor":["M","M","?","M","$","R","E","M","T","M","R","M","?","$","R","B",null,"M","?","M","M","$","R","?","R","T","$","M","M","E","M","R"],"character_chosen":"IRONCLAD","items_purchased":[],"campfire_rested":4,"item_purchase_floors":[],"current_hp_per_floor":[80,80,80,80,80,80,74,69,69,71,71,73,61,61,80,56,80,60,60,32,20,20,44,44,68,78,78,63,48,38,17,44,0],"gold":108,"neow_bonus":"","is_prod":false,"is_daily":false,"chose_seed":false,"campfire_upgraded":2,"win_rate":0.0,"timestamp":1532356260,"path_taken":["M","M","?","?","?","R","E","M","T","M","R","M","?","$","R","BOSS","M","?","M","?","$","R","?","R","T","$","M","M","E","M","R","BOSS"],"build_version":"2018-07-19v2","purchased_purges":3,"victory":false,"max_hp_per_floor":[80,80,80,80,80,80,80,80,80,80,80,80,80,80,80,80,80,80,80,80,80,80,80,80,80,90,90,90,90,90,90,90,90],"card_choices":[{"not_picked":["True Grit","Wild Strike"],"picked":"Headbutt","floor":1.0},{"not_picked":["Dual Wield","Havoc"],"picked":"Cleave","floor":2.0},{"not_picked":["Dual Wield","Havoc"],"picked":"Battle Trance","floor":4.0},{"not_picked":["Corruption","Barricade"],"picked":"Hemokinesis","floor":7.0},{"not_picked":["Havoc","Evolve"],"picked":"Shrug It Off","floor":8.0},{"not_picked":["Sentinel","Havoc"],"picked":"Rupture","floor":10.0},{"not_picked":["Pommel Strike","Wild Strike","Battle Trance"],"picked":"SKIP","floor":12.0},{"not_picked":["Juggernaut","Fiend Fire"],"picked":"Brutality","floor":16.0},{"not_picked":["Rage","Flex"],"picked":"Warcry+1","floor":18},{"not_picked":["Second Wind","Flex","Havoc"],"picked":"SKIP","floor":20},{"not_picked":["Impervious","Uppercut","Havoc"],"picked":"SKIP","floor":21},{"not_picked":["Hemokinesis","Warcry"],"picked":"Heavy Blade","floor":28},{"not_picked":["Cleave","Warcry"],"picked":"Double Tap","floor":29},{"not_picked":["Twin Strike","True Grit"],"picked":"Evolve","floor":30},{"not_picked":["Anger","Dropkick","True Grit"],"picked":"SKIP","floor":31}],"player_experience":70995,"relics_obtained":[{"floor":7.0,"key":"Orichalcum"},{"floor":9.0,"key":"Potion Belt"},{"floor":26,"key":"Pear"},{"floor":30,"key":"War Paint"}],"event_choices":[{"event_name":"The Cleric","player_choice":"Card Removal","floor":3.0,"damage_taken":0.0},{"event_name":"Scrap Ooze","player_choice":"success","floor":13.0,"damage_taken":12.0},{"event_name":"Cursed Tome","player_choice":"Ignored","floor":19,"damage_taken":0},{"event_name":"Bonfire Elementals","player_choice":"BASIC","floor":24,"damage_taken":0}],"is_beta":false,"boss_relics":[{"not_picked":["Cursed Key","Coffee Dripper"],"picked":"Empty Cage"}],"items_purged_floors":[5,14,22],"is_endless":false,"potions_floor_spawned":[7,8,12,20,31],"killed_by":"Champ","ascension_level":0}