{"gold_per_floor":[117,127,62,74,89,89,116,116,116,49,63,82,100,116,116,116],"floor_reached":16,"playtime":1533,"items_purged":[],"score":138,"play_id":"aca804d8-7bac-467d-ba20-521335af6529","local_time":"20190112171719","is_ascension_mode":true,"campfire_choices":[{"data":"Bash","floor":6,"key":"SMITH"},{"data":"True Grit","floor":8,"key":"SMITH"},{"data":"Uppercut","floor":15,"key":"SMITH"}],"neow_cost":"NONE","seed_source_timestamp":91025957606500,"circlet_count":0,"master_deck":["Strike_R","Strike_R","Strike_R","Strike_R","Strike_R","Defend_R","Defend_R","Defend_R","Defend_R","Bash+1","True Grit+1","Battle Trance","Shrug It Off","Dropkick","Uppercut+1","Immolate"],"relics":["Burning Blood","NeowsBlessing","Anchor","Incense Burner","Letter Opener"],"potions_floor_usage":[16],"damage_taken":[{"damage":0,"enemies":"Small Slimes","floor":1,"turns":1},{"damage":0,"enemies":"Cultist","floor":2,"turns":1},{"damage":0,"enemies":"Jaw Worm","floor":4,"turns":1},{"damage":8,"enemies":"3 Louse","floor":5,"turns":4},{"damage":27,"enemies":"3 Sentries","floor":7,"turns":14},{"damage":10,"enemies":"2 Fungi Beasts","floor":11,"turns":4},{"damage":8,"enemies":"Large Slime","floor":12,"turns":5},{"damage":0,"enemies":"Gremlin Gang","floor":13,"turns":1},{"damage":0,"enemies":"2 Fungi Beasts","floor":14,"turns":2},{"damage":68,"enemies":"Hexaghost","floor":16,"turns":11}],"seed_played":"-5036517484155819908","potions_obtained":[{"floor":5,"key":"SteroidPotion"},{"floor":11,"key":"SteroidPotion"},{"floor":12,"key":"PowerPotion"}],"is_trial":false,"path_per_floor":["M","M","?","M","M","R","E","R","T","$","M","M","M","M","R","B"],"character_chosen":"IRONCLAD","items_purchased":["Uppercut"],"campfire_rested":0,"item_purchase_floors":[10],"current_hp_per_floor":[78,80,80,80,78,78,57,57,57,57,53,51,57,63,63,0],"gold":116,"neow_bonus":"THREE_ENEMY_KILL","is_prod":false,"is_daily":false,"chose_seed":false,"campfire_upgraded":3,"win_rate":0,"timestamp":1547313439,"path_taken":["M","M","?","M","M","R","E","R","T","$","M","M","M","M","R","BOSS"],"build_version":"2019-01-10","purchased_purges":0,"victory":false,"max_hp_per_floor":[80,80,80,80,80,80,80,80,80,80,80,80,80,80,80,80],"card_choices":[{"not_picked":["Warcry","True Grit","Rage"],"picked":"SKIP","floor":1},{"not_picked":["Warcry","Burning Pact"],"picked":"True Grit","floor":2},{"not_picked":["Blood for Blood","Second Wind"],"picked":"Battle Trance","floor":4},{"not_picked":["Heavy Blade","Feel No Pain"],"picked":"Shrug It Off","floor":5},{"not_picked":["Havoc","Burning Pact"],"picked":"Dropkick","floor":7},{"not_picked":["Headbutt","True Grit"],"picked":"Immolate","floor":11},{"not_picked":["Clothesline","Anger","Cleave"],"picked":"SKIP","floor":12},{"not_picked":["Ghostly Armor","Combust","Iron Wave"],"picked":"SKIP","floor":13},{"not_picked":["Warcry","Headbutt","Second Wind"],"picked":"SKIP","floor":14}],"player_experience":97395,"relics_obtained":[{"floor":7,"key":"Incense Burner"},{"floor":9,"key":"Letter Opener"}],"event_choices":[{"damage_healed":0,"gold_gain":0,"player_choice":"Paid Gold","damage_taken":0,"relics_obtained":["Anchor"],"max_hp_gain":0,"max_hp_loss":0,"event_name":"WeMeetAgain","floor":3,"gold_loss":65}],"is_beta":false,"boss_relics":[],"items_purged_floors":[],"is_endless":false,"potions_floor_spawned":[5,11,12,13],"killed_by":"Hexaghost","ascension_level":6}