{"gold_per_floor":[115,115,190,63,63,93,107,124,151,51,51,65,85,105,105,205,255,268,143,160,177,192,192,192,192,217,67,83,83,97,97,97,97],"floor_reached":33,"playtime":1746,"items_purged":["Strike_R","Strike_R","Strike_R","Defend_R"],"score":249,"play_id":"d378b6cc-531b-424a-af31-d4b8435c372c","local_time":"20180722235026","is_ascension_mode":false,"campfire_choices":[{"data":"Armaments","floor":11,"key":"SMITH"},{"floor":15,"key":"REST"},{"floor":23,"key":"REST"},{"floor":25,"key":"REST"},{"floor":29,"key":"REST"},{"floor":32,"key":"REST"}],"neow_cost":"NONE","seed_source_timestamp":648911502216712,"circlet_count":0,"master_deck":["Strike_R+1","Defend_R","Defend_R","Defend_R","Bash+1","Clash+1","Flex+1","Armaments+1","Warcry","Juggernaut","Offering","Shrug It Off","Cleave","Clash+1","Searing Blow","Sever Soul+1","Metallicize"],"relics":["Burning Blood","Whetstone","Dream Catcher","Tiny House","Pen Nib"],"potions_floor_usage":[6],"damage_taken":[{"damage":1,"enemies":"Jaw Worm","floor":1,"turns":3},{"damage":24,"enemies":"Lagavulin","floor":6,"turns":6},{"damage":0,"enemies":"Cultist","floor":7,"turns":3},{"damage":0,"enemies":"2 Louse","floor":8,"turns":2},{"damage":8,"enemies":"Large Slime","floor":12,"turns":9},{"damage":5,"enemies":"Looter","floor":13,"turns":3},{"damage":3,"enemies":"Lots of Slimes","floor":14,"turns":6},{"damage":44,"enemies":"Slime Boss","floor":16,"turns":16},{"damage":50,"enemies":"3 Byrds","floor":18,"turns":7},{"damage":13,"enemies":"Chosen","floor":20,"turns":6},{"damage":15,"enemies":"Centurion and Healer","floor":21,"turns":8},{"damage":21,"enemies":"Cultist and Chosen","floor":22,"turns":8},{"damage":14,"enemies":"Snecko","floor":28,"turns":4},{"damage":13,"enemies":"Snake Plant","floor":30,"turns":3},{"damage":85,"enemies":"Automaton","floor":33,"turns":10}],"seed_played":"-1767443366508405839","potions_obtained":[{"floor":1,"key":"Poison Potion"},{"floor":5,"key":"FearPotion"},{"floor":5,"key":"SteroidPotion"},{"floor":14,"key":"Swift Potion"}],"is_trial":false,"path_per_floor":["M","?","?","$","?","E","M","M","T","$","R","M","M","M","R","B",null,"M","$","M","M","M","R","?","R","T","$","M","R","M","?","R"],"character_chosen":"IRONCLAD","items_purchased":["Armaments"],"campfire_rested":5,"item_purchase_floors":[4],"current_hp_per_floor":[80,80,69,69,69,51,57,63,63,63,63,61,62,65,80,42,85,41,41,34,25,10,35,35,60,60,60,52,77,70,70,85,0],"gold":97,"neow_bonus":"TRANSFORM_CARD","is_prod":false,"is_daily":false,"chose_seed":false,"campfire_upgraded":1,"win_rate":0.0,"timestamp":1532274626,"path_taken":["M","?","?","$","?","E","?","M","T","$","R","M","M","M","R","BOSS","M","$","M","M","M","R","?","R","T","?","M","R","M","?","R","BOSS"],"build_version":"2018-07-19v2","purchased_purges":4,"victory":false,"max_hp_per_floor":[80,80,80,80,80,80,80,80,80,80,80,80,80,80,80,80,85,85,85,85,85,85,85,85,85,85,85,85,85,85,85,85,85],"card_choices":[{"not_picked":["Iron Wave","Shockwave"],"picked":"Flex","floor":1},{"not_picked":["Pommel Strike","Uppercut","Impervious"],"picked":"SKIP","floor":6},{"not_picked":["Sword Boomerang","Sever Soul","Clothesline"],"picked":"SKIP","floor":7},{"not_picked":["Second Wind","Iron Wave","Heavy Blade"],"picked":"SKIP","floor":8},{"not_picked":["Whirlwind","Wild Strike","Entrench"],"picked":"SKIP","floor":12},{"not_picked":["Wild Strike","Metallicize"],"picked":"Warcry","floor":13},{"not_picked":["Flex","Sever Soul","Sentinel"],"picked":"SKIP","floor":14},{"not_picked":["Heavy Blade","Iron Wave"],"picked":"Juggernaut","floor":15},{"not_picked":["Barricade","Exhume"],"picked":"Offering","floor":16},{"not_picked":["Sword Boomerang","Blood for Blood"],"picked":"Shrug It Off","floor":17},{"not_picked":["Inflame","Rupture"],"picked":"Cleave","floor":18},{"not_picked":["Wild Strike","Thunderclap"],"picked":"Clash+1","floor":20},{"not_picked":["Shrug It Off","Warcry+1"],"picked":"Searing Blow","floor":21},{"not_picked":["Clash","Dual Wield"],"picked":"Sever Soul+1","floor":22},{"not_picked":["Feed","Disarm+1"],"picked":"Metallicize","floor":25},{"not_picked":["Armaments","Heavy Blade+1","Sword Boomerang"],"picked":"SKIP","floor":28},{"not_picked":["Second Wind","Clash+1","Uppercut"],"picked":"SKIP","floor":30}],"player_experience":64051,"relics_obtained":[{"floor":6,"key":"Whetstone"},{"floor":9,"key":"Dream Catcher"},{"floor":26,"key":"Pen Nib"}],"event_choices":[{"event_name":"Upgrade Shrine","player_choice":"Upgraded","floor":2,"damage_taken":0},{"event_name":"World of Goop","player_choice":"Gather Gold","floor":3,"damage_taken":0},{"event_name":"The Lab","player_choice":"Got Potions","floor":5,"damage_taken":0},{"event_name":"Ghosts","player_choice":"Ignored","floor":24,"damage_taken":0},{"event_name":"Cursed Tome","player_choice":"Ignored","floor":31,"damage_taken":0}],"is_beta":false,"boss_relics":[{"not_picked":["Cursed Key","Fusion Hammer"],"picked":"Tiny House"}],"items_purged_floors":[4,10,19,27],"is_endless":false,"potions_floor_spawned":[1,14,16,30],"killed_by":"Automaton","ascension_level":0}