{"gold_per_floor":[109,109,109,126,137,137,165,165,165,165,197,197,215,225,225,326,326,346,346,32,48,48,68,86,86,86,86,86,4,39,53,53,158,158,168,93,103,203,220,255,273,273,573,583,483,483,500,20,20,20,20,20,20,50,50],"floor_reached":55,"playtime":4664,"items_purged":["Regret","Defend_B"],"score":752,"play_id":"ee98094f-891e-4d47-bca5-3444a324ce1c","local_time":"20190111210027","is_ascension_mode":false,"campfire_choices":[{"data":"Storm","floor":6,"key":"SMITH"},{"data":"Zap","floor":8,"key":"SMITH"},{"data":"Dualcast","floor":10,"key":"SMITH"},{"data":"Cold Snap","floor":15,"key":"SMITH"},{"floor":25,"key":"REST"},{"floor":32,"key":"RECALL"},{"floor":42,"key":"REST"},{"floor":46,"key":"REST"},{"floor":49,"key":"REST"},{"floor":52,"key":"REST"}],"neow_cost":"PERCENT_DAMAGE","seed_source_timestamp":27354911642680,"circlet_count":0,"master_deck":["Defend_B","Defend_B","Defend_B","Zap+1","Dualcast+1","Discovery+1","Cold Snap","Storm+1","Sweeping Beam","Leap+1","Cold Snap+1","Echo Form","Bite","Bite","Bite","Bite","Bite","Leap+1","Zap+1","Coolheaded+1","Ghostly+1","Ghostly+1","Ghostly+1","Ghostly+1","Ghostly+1","Self Repair","Amplify+1","Reboot+1","Parasite","Secret Technique+1"],"relics":["Cracked Core","Singing Bowl","Toxic Egg 2","Ancient Tea Set","Fusion Hammer","Bottled Lightning","Mercury Hourglass","Nilry\u0027s Codex","Mummified Hand","Eternal Feather","Orichalcum","Old Coin","Unceasing Top","Happy Flower"],"potions_floor_usage":[11,21,33,40,50,55,55],"damage_taken":[{"damage":0,"enemies":"Small Slimes","floor":1,"turns":2},{"damage":0,"enemies":"Cultist","floor":4,"turns":3},{"damage":1,"enemies":"Jaw Worm","floor":5,"turns":2},{"damage":26,"enemies":"Lagavulin","floor":7,"turns":9},{"damage":11,"enemies":"3 Sentries","floor":11,"turns":5},{"damage":13,"enemies":"Looter","floor":13,"turns":3},{"damage":5,"enemies":"2 Fungi Beasts","floor":14,"turns":3},{"damage":31,"enemies":"Hexaghost","floor":16,"turns":13},{"damage":35,"enemies":"3 Byrds","floor":18,"turns":5},{"damage":0,"enemies":"Chosen","floor":21,"turns":3},{"damage":28,"enemies":"Snake Plant","floor":23,"turns":5},{"damage":28,"enemies":"Sentry and Sphere","floor":24,"turns":5},{"damage":5,"enemies":"Book of Stabbing","floor":30,"turns":7},{"damage":0,"enemies":"3 Cultists","floor":31,"turns":5},{"damage":11,"enemies":"Champ","floor":33,"turns":10},{"damage":2,"enemies":"3 Darklings","floor":35,"turns":4},{"damage":0,"enemies":"3 Shapes","floor":37,"turns":4},{"damage":4,"enemies":"Writhing Mass","floor":39,"turns":8},{"damage":36,"enemies":"Reptomancer","floor":40,"turns":10},{"damage":6,"enemies":"Transient","floor":41,"turns":5},{"damage":24,"enemies":"4 Shapes","floor":44,"turns":4},{"damage":0,"enemies":"Jaw Worm Horde","floor":47,"turns":6},{"damage":68,"enemies":"Awakened One","floor":50,"turns":14},{"damage":7,"enemies":"Shield and Spear","floor":54,"turns":7},{"damage":65,"enemies":"The Heart","floor":55,"turns":6}],"seed_played":"-8691841272642351188","potions_obtained":[{"floor":7,"key":"Dexterity Potion"},{"floor":13,"key":"Ancient Potion"},{"floor":21,"key":"AttackPotion"},{"floor":31,"key":"FairyPotion"},{"floor":37,"key":"Fire Potion"},{"floor":40,"key":"Strength Potion"},{"floor":54,"key":"FocusPotion"}],"is_trial":false,"path_per_floor":["M","?","?","M","M","R","E","R","T","R","E","?","M","M","R","B",null,"M","?","$","M","?","M","M","R","T","?","?","$","E","M","R","B",null,"M","$","M","?","M","E","M","R","T","M","$","R","M","$","R","B",null,"R","$","E","B"],"character_chosen":"DEFECT","items_purchased":["Bottled Lightning","Self Repair","LiquidBronze","Unceasing Top","Secret Technique+1"],"campfire_rested":5,"item_purchase_floors":[20,29,36,48,48],"current_hp_per_floor":[54,54,85,85,84,84,60,60,60,60,51,51,38,33,33,2,89,56,56,56,60,60,46,32,51,51,35,32,32,34,34,34,34,34,36,36,38,38,40,31,35,44,44,31,31,46,48,48,48,13,48,48,48,50,0],"gold":50,"neow_bonus":"RANDOM_COLORLESS_2","is_prod":false,"is_daily":false,"chose_seed":false,"campfire_upgraded":4,"win_rate":0,"timestamp":1547233227,"path_taken":["M","?","?","M","?","R","E","R","T","R","E","?","M","M","R","BOSS","M","?","$","M","?","?","M","R","T","?","?","$","E","M","R","BOSS","M","$","M","?","M","E","M","R","T","?","$","R","M","$","R","BOSS","R","$","E","BOSS"],"build_version":"2019-01-10","purchased_purges":2,"victory":false,"max_hp_per_floor":[75,75,85,85,85,85,87,87,87,87,89,89,89,89,89,89,89,91,63,63,63,63,65,65,65,65,65,32,32,34,34,34,34,34,36,36,38,38,40,42,44,44,44,46,46,46,48,48,48,48,48,48,48,50,50],"card_choices":[{"not_picked":["Sweeping Beam","Turbo"],"picked":"Cold Snap","floor":1},{"not_picked":["Turbo","Rebound"],"picked":"Storm","floor":4},{"not_picked":["Beam Cell","Darkness"],"picked":"Sweeping Beam","floor":5},{"not_picked":["Hello World","Fusion","Rebound"],"picked":"Singing Bowl","floor":7},{"not_picked":["Compile Driver","Multi-Cast","Undo"],"picked":"Singing Bowl","floor":11},{"not_picked":["Conserve Battery+1","Turbo+1"],"picked":"Leap+1","floor":13},{"not_picked":["Tempest+1","Hologram+1"],"picked":"Cold Snap","floor":14},{"not_picked":["All For One","Electrodynamics"],"picked":"Echo Form","floor":16},{"not_picked":["Conserve Battery+1","Streamline","Chill+1"],"picked":"Singing Bowl","floor":18},{"not_picked":["Ball Lightning","Tempest+1"],"picked":"Leap+1","floor":21},{"not_picked":["Streamline","Go for the Eyes","Compile Driver+1"],"picked":"Singing Bowl","floor":23},{"not_picked":["Melter+1","Chill+1"],"picked":"Coolheaded+1","floor":24},{"not_picked":["Compile Driver","Hologram+1","Sunder+1"],"picked":"Singing Bowl","floor":30},{"not_picked":["Conserve Battery+1","Turbo+1"],"picked":"Amplify+1","floor":31},{"not_picked":["Fission+1","Echo Form"],"picked":"Reboot+1","floor":33},{"not_picked":["Steam+1","Storm+1","Scrape+1"],"picked":"Singing Bowl","floor":35},{"not_picked":["Ball Lightning","Conserve Battery+1","Gash+1"],"picked":"Singing Bowl","floor":37},{"not_picked":["Sweeping Beam","Steam Power+1","Scrape"],"picked":"Singing Bowl","floor":39},{"not_picked":["Beam Cell","Cold Snap","Rebound+1"],"picked":"Singing Bowl","floor":40},{"not_picked":["Steam+1","Heatsinks+1","Self Repair+1"],"picked":"Singing Bowl","floor":41},{"not_picked":["Conserve Battery+1","Go for the Eyes","Double Energy+1"],"picked":"Singing Bowl","floor":44},{"not_picked":["Steam+1","Barrage","Double Energy+1"],"picked":"Singing Bowl","floor":47},{"not_picked":["Streamline","BootSequence+1","Creative AI"],"picked":"Singing Bowl","floor":54}],"player_experience":188778,"relics_obtained":[{"floor":7,"key":"Singing Bowl"},{"floor":11,"key":"Toxic Egg 2"},{"floor":26,"key":"Mercury Hourglass"},{"floor":27,"key":"Nilry\u0027s Codex"},{"floor":30,"key":"Mummified Hand"},{"floor":40,"key":"Orichalcum"},{"floor":43,"key":"Old Coin"},{"floor":54,"key":"Happy Flower"}],"event_choices":[{"damage_healed":0,"gold_gain":0,"player_choice":"Grow","damage_taken":0,"max_hp_gain":0,"max_hp_loss":0,"event_name":"Living Wall","floor":2,"gold_loss":0,"cards_upgraded":["Discovery"]},{"cards_removed":["The Bomb"],"damage_healed":21,"gold_gain":0,"player_choice":"Offered Rare","damage_taken":0,"max_hp_gain":10,"max_hp_loss":0,"event_name":"Bonfire Elementals","floor":3,"gold_loss":0},{"damage_healed":0,"gold_gain":0,"player_choice":"Box","damage_taken":0,"relics_obtained":["Ancient Tea Set"],"max_hp_gain":0,"max_hp_loss":0,"event_name":"Big Fish","floor":12,"gold_loss":0,"cards_obtained":["Regret"]},{"damage_healed":0,"gold_gain":0,"player_choice":"Became a vampire","damage_taken":0,"max_hp_gain":0,"max_hp_loss":28,"event_name":"Vampires","floor":19,"gold_loss":0,"cards_obtained":["Bite","Bite","Bite","Bite","Bite"]},{"damage_healed":0,"gold_gain":0,"player_choice":"Copied","damage_taken":0,"max_hp_gain":0,"max_hp_loss":0,"event_name":"Duplicator","floor":22,"gold_loss":0,"cards_obtained":["Zap"]},{"damage_healed":0,"gold_gain":0,"player_choice":"Obtained Book","damage_taken":16,"max_hp_gain":0,"max_hp_loss":0,"event_name":"Cursed Tome","floor":27,"gold_loss":0},{"damage_healed":0,"gold_gain":0,"player_choice":"Became a Ghost","damage_taken":0,"max_hp_gain":0,"max_hp_loss":33,"event_name":"Ghosts","floor":28,"gold_loss":0,"cards_obtained":["Ghostly","Ghostly","Ghostly","Ghostly","Ghostly"]},{"damage_healed":0,"gold_gain":100,"player_choice":"Pray","damage_taken":0,"max_hp_gain":0,"max_hp_loss":0,"event_name":"Golden Shrine","floor":38,"gold_loss":0}],"is_beta":false,"boss_relics":[{"not_picked":["Snecko Eye","Astrolabe"],"picked":"Fusion Hammer"},{"not_picked":["Philosopher\u0027s Stone","Black Star"],"picked":"Eternal Feather"}],"items_purged_floors":[20,45],"is_endless":false,"potions_floor_spawned":[7,13,21,31,37,40,54],"killed_by":"The Heart","ascension_level":0}