{"gold_per_floor":[110,129,47,61,74,106,126,126,178,204,204,129,143,153,153,252,252,267,285,297,307,307],"floor_reached":22,"playtime":2294,"items_purged":["Strike_G"],"score":202,"play_id":"ee5a0d43-df0c-431f-9c93-33874ee7ad7d","local_time":"20190104213739","is_ascension_mode":false,"campfire_choices":[{"data":"Noxious Fumes","floor":8,"key":"SMITH"},{"floor":11,"key":"REST"},{"data":"Poisoned Stab","floor":15,"key":"SMITH"}],"neow_cost":"NONE","seed_source_timestamp":17004012114700,"circlet_count":0,"master_deck":["Defend_G","Defend_G","Defend_G","Defend_G","Strike_G","Survivor","Neutralize","Distraction","Noxious Fumes+1","Acrobatics","Footwork","Heel Hook","Endless Agony","Wraith Form v2","PiercingWail","Catalyst","Backflip","Flying Knee","Poisoned Stab+1","Envenom","Acrobatics+1","Slice+1","Infinite Blades+1","Escape Plan","Bouncing Flask+1"],"relics":["Ring of the Snake","Paper Crane","Dream Catcher","Question Card","Astrolabe"],"potions_floor_usage":[6,10,18,20,21,21,21],"damage_taken":[{"damage":0,"enemies":"Cultist","floor":1,"turns":4},{"damage":6,"enemies":"Small Slimes","floor":2,"turns":4},{"damage":4,"enemies":"2 Louse","floor":4,"turns":4},{"damage":5,"enemies":"2 Fungi Beasts","floor":5,"turns":5},{"damage":11,"enemies":"Lagavulin","floor":6,"turns":11},{"damage":5,"enemies":"Looter","floor":7,"turns":4},{"damage":15,"enemies":"3 Sentries","floor":10,"turns":8},{"damage":0,"enemies":"Large Slime","floor":13,"turns":7},{"damage":1,"enemies":"3 Louse","floor":14,"turns":3},{"damage":36,"enemies":"Hexaghost","floor":16,"turns":10},{"damage":38,"enemies":"Spheric Guardian","floor":18,"turns":7},{"damage":10,"enemies":"Chosen","floor":19,"turns":6},{"damage":24,"enemies":"Centurion and Healer","floor":20,"turns":8},{"damage":0,"enemies":"Cultist and Chosen","floor":21,"turns":7},{"damage":6,"enemies":"Snake Plant","floor":22,"turns":1}],"seed_played":"5763065848201816577","potions_obtained":[{"floor":1,"key":"EssenceOfSteel"},{"floor":2,"key":"Fruit Juice"},{"floor":6,"key":"Dexterity Potion"},{"floor":7,"key":"AttackPotion"},{"floor":13,"key":"SpeedPotion"},{"floor":16,"key":"SkillPotion"},{"floor":19,"key":"Ancient Potion"},{"floor":20,"key":"Dexterity Potion"}],"is_trial":false,"path_per_floor":["M","M","$","M","M","E","M","R","T","E","R","$","M","M","R","B",null,"M","M","M","M","M"],"character_chosen":"THE_SILENT","items_purchased":["Footwork"],"campfire_rested":1,"item_purchase_floors":[3],"current_hp_per_floor":[70,64,64,60,55,49,44,44,44,29,51,51,51,50,50,14,75,37,27,3,3,0],"gold":307,"neow_bonus":"TRANSFORM_CARD","is_prod":false,"is_daily":false,"chose_seed":false,"campfire_upgraded":2,"win_rate":0.0,"timestamp":1546637859,"path_taken":["M","M","$","M","M","E","M","R","T","E","R","$","M","M","R","BOSS","M","M","?","M","M"],"build_version":"2019-01-03v4","purchased_purges":1,"victory":false,"max_hp_per_floor":[70,70,70,70,70,75,75,75,75,75,75,75,75,75,75,75,75,75,75,75,75,75],"card_choices":[{"not_picked":["Skewer","Deadly Poison"],"picked":"Noxious Fumes","floor":1},{"not_picked":["Calculated Gamble","Caltrops"],"picked":"Acrobatics","floor":2},{"not_picked":["Caltrops","Underhanded Strike"],"picked":"Heel Hook","floor":4},{"not_picked":["Flechettes","Predator"],"picked":"Endless Agony","floor":5},{"not_picked":["All Out Attack","Sucker Punch"],"picked":"Wraith Form v2","floor":6},{"not_picked":["Dagger Throw","Leg Sweep"],"picked":"PiercingWail","floor":7},{"not_picked":["Tools of the Trade","Skewer"],"picked":"Catalyst","floor":10},{"not_picked":["PiercingWail","Choke","Underhanded Strike"],"picked":"Backflip","floor":11},{"not_picked":["Tactician","Distraction","Underhanded Strike"],"picked":"Flying Knee","floor":13},{"not_picked":["Backflip","Blade Dance","Dodge and Roll"],"picked":"Poisoned Stab","floor":14},{"not_picked":["Unload","Burst","Venomology"],"picked":"Envenom","floor":16},{"not_picked":["Distraction","Flying Knee","Poisoned Stab","Acrobatics+1"],"picked":"SKIP","floor":18},{"not_picked":["Bane","Expertise","Flying Knee"],"picked":"Escape Plan","floor":19},{"not_picked":["Prepared","Outmaneuver","Dagger Throw"],"picked":"Bouncing Flask+1","floor":20},{"not_picked":["Underhanded Strike","Reflex","Heel Hook","Prepared"],"picked":"SKIP","floor":21}],"player_experience":37937,"relics_obtained":[{"floor":6,"key":"Paper Crane"},{"floor":9,"key":"Dream Catcher"},{"floor":10,"key":"Question Card"}],"event_choices":[],"is_beta":false,"boss_relics":[{"not_picked":["Busted Crown","Coffee Dripper"],"picked":"Astrolabe"}],"items_purged_floors":[12],"is_endless":false,"potions_floor_spawned":[1,2,6,7,13,16,19,20],"killed_by":"Snake Plant","ascension_level":0}