{"gold_per_floor":[119,133,133,152,169,94,108,108,154,192,204,4,4,17,17,121,121,134,151,165,177,110,110,110,123,123,123,139,14,31,31,31,31],"floor_reached":33,"playtime":2218,"items_purged":["Strike_G","Strike_G","Strike_G"],"score":251,"play_id":"534f65ca-4512-4548-8923-988b3fa73e8b","local_time":"20180729140634","is_ascension_mode":false,"campfire_choices":[{"data":"Neutralize","floor":11.0,"key":"SMITH"},{"data":"Infinite Blades","floor":13.0,"key":"SMITH"},{"floor":15.0,"key":"REST"},{"floor":23,"key":"REST"},{"floor":27,"key":"REST"},{"floor":32,"key":"REST"}],"neow_cost":"NONE","seed_source_timestamp":0,"circlet_count":0,"master_deck":["Defend_G","Defend_G","Defend_G","Defend_G","Defend_G","Strike_G","Survivor+1","Neutralize+1","Dagger Spray+1","Prepared","Quick Slash","Reflex","Prepared","Infinite Blades+1","Tactician","Dagger Throw","After Image","Underhanded Strike","Escape Plan","Dash","Underhanded Strike","Accuracy","Well Laid Plans","Deflect+1","Terror"],"special_seed":0,"relics":["Ring of the Snake","MawBank","Shuriken","HoveringKite","Tingsha"],"potions_floor_usage":[33,33,33],"damage_taken":[{"damage":0.0,"enemies":"Small Slimes","floor":1.0,"turns":4.0},{"damage":4.0,"enemies":"Cultist","floor":2.0,"turns":4.0},{"damage":0.0,"enemies":"2 Louse","floor":4.0,"turns":2.0},{"damage":0.0,"enemies":"Large Slime","floor":5.0,"turns":5.0},{"damage":4.0,"enemies":"Blue Slaver","floor":7.0,"turns":5.0},{"damage":3.0,"enemies":"3 Sentries","floor":10.0,"turns":6.0},{"damage":8.0,"enemies":"Lots of Slimes","floor":14.0,"turns":3.0},{"damage":33.0,"enemies":"Hexaghost","floor":16.0,"turns":10.0},{"damage":7.0,"enemies":"Spheric Guardian","floor":18.0,"turns":5.0},{"damage":4.0,"enemies":"Chosen","floor":19.0,"turns":4.0},{"damage":26.0,"enemies":"Sentry and Sphere","floor":20.0,"turns":7.0},{"damage":2.0,"enemies":"3 Cultists","floor":21.0,"turns":4.0},{"damage":19,"enemies":"Snake Plant","floor":25,"turns":5},{"damage":8,"enemies":"Chosen and Byrds","floor":28,"turns":6},{"damage":13,"enemies":"Cultist and Chosen","floor":30,"turns":6},{"damage":62,"enemies":"Champ","floor":33,"turns":10}],"seed_played":"1699571419269031542","potions_obtained":[{"floor":7.0,"key":"LiquidBronze"},{"floor":10.0,"key":"Fruit Juice"},{"floor":14.0,"key":"AttackPotion"},{"floor":20.0,"key":"Explosive Potion"},{"floor":21,"key":"Ancient Potion"},{"floor":25,"key":"AttackPotion"}],"is_trial":false,"path_per_floor":["M","M","?","M","M","$","M","?","T","E","R","$","R","M","R","B",null,"M","M","M","M","$","R","?","M","T","R","M","$","M","$","R"],"character_chosen":"THE_SILENT","items_purchased":["Infinite Blades","Tactician","Accuracy"],"campfire_rested":4,"item_purchase_floors":[12,12,22],"current_hp_per_floor":[70,66,66,66,66,66,62,62,62,59,59,59,59,51,70,42,75,68,64,38,36,36,58,58,39,39,61,53,53,40,40,62,0],"gold":31,"neow_bonus":"UPGRADE_CARD","is_prod":false,"is_daily":false,"chose_seed":false,"campfire_upgraded":2,"win_rate":0.0,"timestamp":1532844394,"path_taken":["M","M","?","M","M","$","M","?","T","E","R","$","R","M","R","BOSS","M","M","?","M","$","R","?","M","T","R","M","?","?","$","R","BOSS"],"build_version":"2018-07-26","purchased_purges":3,"victory":false,"max_hp_per_floor":[70,70,70,70,70,70,70,70,70,70,70,70,70,70,70,75,75,75,75,75,75,75,75,75,75,75,75,75,75,75,75,75,75],"card_choices":[{"not_picked":["Quick Slash","Dagger Throw"],"picked":"Dagger Spray","floor":1.0},{"not_picked":["Underhanded Strike","Outmaneuver"],"picked":"Prepared","floor":2.0},{"not_picked":["Blade Dance","Poisoned Stab"],"picked":"Quick Slash","floor":4.0},{"not_picked":["Quick Slash","Deadly Poison","Dagger Throw"],"picked":"SKIP","floor":5.0},{"not_picked":["Dagger Spray","Flying Knee"],"picked":"Reflex","floor":7.0},{"not_picked":["Terror","Glass Knife"],"picked":"Prepared","floor":10.0},{"not_picked":["Skewer","Backstab"],"picked":"Dagger Throw","floor":14.0},{"not_picked":["Bullet Time","Wraith Form v2"],"picked":"After Image","floor":16.0},{"not_picked":["Outmaneuver+1","PiercingWail+1"],"picked":"Underhanded Strike","floor":18.0},{"not_picked":["Distraction","Sucker Punch"],"picked":"Escape Plan","floor":19.0},{"not_picked":["Dagger Throw","Quick Slash"],"picked":"Dash","floor":20.0},{"not_picked":["PiercingWail","Outmaneuver"],"picked":"Underhanded Strike","floor":21},{"not_picked":["Blur+1","Calculated Gamble"],"picked":"Well Laid Plans","floor":25},{"not_picked":["Distraction","Burst"],"picked":"Deflect+1","floor":28},{"not_picked":["Outmaneuver","Caltrops"],"picked":"Terror","floor":30}],"player_experience":107962,"relics_obtained":[{"floor":9.0,"key":"MawBank"},{"floor":10.0,"key":"Shuriken"},{"floor":26,"key":"Tingsha"}],"event_choices":[{"event_name":"Accursed Blacksmith","player_choice":"Forge","floor":3.0,"damage_taken":0.0},{"event_name":"Dead Adventurer","player_choice":"Searched \u00270\u0027 times","floor":8.0,"damage_taken":0.0},{"event_name":"Back to Basics","player_choice":"Elegance","floor":24,"damage_taken":0}],"is_beta":false,"boss_relics":[{"not_picked":["Tiny House","Empty Cage"],"picked":"HoveringKite"}],"items_purged_floors":[6,12,29],"is_endless":false,"potions_floor_spawned":[7,10,14,20,21,25],"killed_by":"Champ","ascension_level":0}