{"gold_per_floor":[114,114,39,39,39,39,59,59,59,70,81,31,43,43,43,141,141,151,201,101,117,127,186,199,74,74,85,85,85,95,114,114,209,259,270,270,120,136,155,168,178,196,196,196,216,236,271,44,44,44],"floor_reached":50,"playtime":1754,"items_purged":["Strike_R","Havoc+1","Warcry+1","Fire Breathing+1","Pommel Strike+1"],"score":515,"play_id":"1f56ca4d-a9c7-4380-9395-57d5032d3714","local_time":"20190202014843","is_ascension_mode":false,"campfire_choices":[{"data":"Anger","floor":6,"key":"SMITH"},{"data":"Pommel Strike","floor":8,"key":"SMITH"},{"data":"Shrug It Off","floor":15,"key":"SMITH"},{"data":"Bash","floor":29,"key":"SMITH"},{"data":"Dropkick","floor":32,"key":"SMITH"},{"floor":49,"key":"REST"}],"neow_cost":"TEN_PERCENT_HP_LOSS","seed_source_timestamp":276363723082229,"circlet_count":0,"master_deck":["Bash+1","Shrug It Off+1","Dropkick+1","Limit Break+1","Flex"],"relics":["Burning Blood","Mercury Hourglass","Astrolabe","Tiny Chest","Bottled Flame","Shuriken","Tiny House","Bottled Lightning","Sundial"],"potions_floor_usage":[33,40,46,46,46,46,46,50,50],"damage_taken":[{"damage":0,"enemies":"Small Slimes","floor":1,"turns":3},{"damage":0,"enemies":"2 Louse","floor":7,"turns":2},{"damage":0,"enemies":"Cultist","floor":10,"turns":2},{"damage":0,"enemies":"Large Slime","floor":11,"turns":2},{"damage":0,"enemies":"Red Slaver","floor":13,"turns":2},{"damage":60,"enemies":"The Guardian","floor":16,"turns":7},{"damage":0,"enemies":"Chosen","floor":18,"turns":2},{"damage":0,"enemies":"Spheric Guardian","floor":21,"turns":2},{"damage":21,"enemies":"Snake Plant","floor":22,"turns":3},{"damage":16,"enemies":"Gremlin Leader","floor":23,"turns":4},{"damage":0,"enemies":"Chosen and Byrds","floor":24,"turns":2},{"damage":0,"enemies":"Centurion and Healer","floor":27,"turns":3},{"damage":20,"enemies":"Snake Plant","floor":30,"turns":3},{"damage":0,"enemies":"Sentry and Sphere","floor":31,"turns":3},{"damage":23,"enemies":"Automaton","floor":33,"turns":6},{"damage":19,"enemies":"3 Shapes","floor":35,"turns":4},{"damage":24,"enemies":"3 Darklings","floor":38,"turns":3},{"damage":0,"enemies":"Transient","floor":39,"turns":5},{"damage":17,"enemies":"Sphere and 2 Shapes","floor":40,"turns":3},{"damage":20,"enemies":"4 Shapes","floor":41,"turns":5},{"damage":21,"enemies":"Spire Growth","floor":42,"turns":3},{"damage":10,"enemies":"Transient","floor":45,"turns":5},{"damage":0,"enemies":"3 Darklings","floor":46,"turns":3},{"damage":10,"enemies":"Giant Head","floor":47,"turns":6},{"damage":50,"enemies":"Donu and Deca","floor":50,"turns":3}],"seed_played":"-3631638867666032907","potions_obtained":[{"floor":7,"key":"SteroidPotion"},{"floor":10,"key":"EssenceOfSteel"},{"floor":13,"key":"Strength Potion"},{"floor":23,"key":"Block Potion"},{"floor":27,"key":"AttackPotion"},{"floor":30,"key":"PowerPotion"},{"floor":33,"key":"Dexterity Potion"},{"floor":34,"key":"EntropicBrew"},{"floor":38,"key":"SkillPotion"},{"floor":41,"key":"SteroidPotion"},{"floor":46,"key":"Ancient Potion"}],"is_trial":false,"path_per_floor":["M","?","$","?","?","R","M","R","T","M","M","?","M","?","R","B",null,"M","?","$","M","M","E","M","$","T","M","T","R","M","M","R","B",null,"M","?","$","M","M","M","M","M","T","?","M","M","E","$","R","B"],"character_chosen":"IRONCLAD","items_purchased":["Flex"],"campfire_rested":1,"item_purchase_floors":[48],"current_hp_per_floor":[72,72,72,72,72,72,72,72,72,72,72,72,72,72,72,18,72,72,72,72,72,57,47,53,53,53,59,59,59,45,51,51,34,77,64,64,64,46,52,41,27,12,12,12,8,21,17,17,40,0],"gold":44,"neow_bonus":"TRANSFORM_TWO_CARDS","is_prod":false,"is_daily":false,"chose_seed":false,"campfire_upgraded":5,"win_rate":0,"timestamp":1549084723,"path_taken":["M","?","$","?","?","R","?","R","T","M","M","?","M","?","R","BOSS","M","?","$","M","?","E","?","$","T","M","?","R","M","M","R","BOSS","M","?","$","M","M","M","M","M","T","?","M","M","E","$","R","BOSS"],"build_version":"2019-01-23","purchased_purges":5,"victory":false,"max_hp_per_floor":[72,72,72,72,72,72,72,72,72,72,72,72,72,72,72,72,72,72,72,72,72,72,72,72,72,72,72,72,72,72,72,72,72,77,77,77,77,77,77,77,77,77,77,77,77,77,77,77,77,77],"card_choices":[{"not_picked":["Havoc","Heavy Blade","Iron Wave"],"picked":"SKIP","floor":1},{"not_picked":["Body Slam","Iron Wave","Armaments"],"picked":"SKIP","floor":7},{"not_picked":["Havoc","Sentinel","Wild Strike"],"picked":"SKIP","floor":10},{"not_picked":["Perfected Strike","Dual Wield"],"picked":"Shrug It Off","floor":11},{"not_picked":["Wild Strike","Evolve","Cleave"],"picked":"SKIP","floor":13},{"not_picked":["Ghostly Armor","Uppercut","Iron Wave"],"picked":"SKIP","floor":18},{"not_picked":["Armaments","Rage","Power Through+1"],"picked":"SKIP","floor":21},{"not_picked":["Iron Wave","Perfected Strike","Flame Barrier+1"],"picked":"SKIP","floor":22},{"not_picked":["Barricade","Flex","Reckless Charge"],"picked":"SKIP","floor":23},{"not_picked":["Pommel Strike","Havoc","Metallicize"],"picked":"SKIP","floor":24},{"not_picked":["Warcry","Clash","Iron Wave"],"picked":"SKIP","floor":27},{"not_picked":["Barricade","Thunderclap"],"picked":"Dropkick","floor":30},{"not_picked":["True Grit+1","Havoc","Clothesline"],"picked":"SKIP","floor":31},{"not_picked":["Juggernaut","Reaper"],"picked":"Limit Break","floor":33},{"not_picked":["Hemokinesis","Flex","Combust"],"picked":"SKIP","floor":35},{"not_picked":["Cleave+1","Anger+1","Dual Wield"],"picked":"SKIP","floor":38},{"not_picked":["Shrug It Off","Clash","Rupture+1"],"picked":"SKIP","floor":39},{"not_picked":["Pommel Strike+1","Heavy Blade","Sever Soul"],"picked":"SKIP","floor":40},{"not_picked":["True Grit+1","Sword Boomerang+1","Flex+1"],"picked":"SKIP","floor":41},{"not_picked":["Inflame+1","Havoc","Armaments"],"picked":"SKIP","floor":42},{"not_picked":["Wild Strike","Brutality","Perfected Strike+1"],"picked":"SKIP","floor":45},{"not_picked":["Metallicize","Armaments+1","Shrug It Off"],"picked":"SKIP","floor":46},{"not_picked":["Offering","Inflame","Thunderclap"],"picked":"SKIP","floor":47}],"player_experience":319258,"relics_obtained":[{"floor":9,"key":"Mercury Hourglass"},{"floor":23,"key":"Tiny Chest"},{"floor":26,"key":"Bottled Flame"},{"floor":28,"key":"Shuriken"},{"floor":43,"key":"Bottled Lightning"},{"floor":47,"key":"Sundial"}],"event_choices":[{"damage_healed":0,"gold_gain":0,"player_choice":"Ignored","damage_taken":0,"max_hp_gain":0,"max_hp_loss":0,"event_name":"Liars Game","floor":2,"gold_loss":0},{"cards_removed":["Defend_R"],"damage_healed":0,"gold_gain":0,"player_choice":"Forget","damage_taken":0,"max_hp_gain":0,"max_hp_loss":0,"event_name":"Living Wall","floor":4,"gold_loss":0},{"cards_removed":["Defend_R"],"damage_healed":0,"gold_gain":0,"player_choice":"Purged","damage_taken":0,"max_hp_gain":0,"max_hp_loss":0,"event_name":"Purifier","floor":5,"gold_loss":0},{"cards_removed":["Defend_R"],"damage_healed":0,"gold_gain":0,"player_choice":"Card Removal","damage_taken":0,"max_hp_gain":0,"max_hp_loss":0,"event_name":"The Cleric","floor":12,"gold_loss":50},{"damage_healed":0,"gold_gain":0,"player_choice":"0 cards matched","damage_taken":0,"max_hp_gain":0,"max_hp_loss":0,"event_name":"Match and Keep!","floor":14,"gold_loss":0,"cards_obtained":[]},{"damage_healed":0,"gold_gain":100,"player_choice":"Bet on Murderer","damage_taken":0,"max_hp_gain":0,"max_hp_loss":0,"event_name":"The Joust","floor":19,"gold_loss":50},{"damage_healed":0,"gold_gain":0,"player_choice":"Memory 1","damage_taken":0,"max_hp_gain":0,"max_hp_loss":0,"event_name":"SensoryStone","floor":36,"gold_loss":0},{"cards_removed":["Anger"],"damage_healed":0,"gold_gain":0,"player_choice":"Removed Attack","damage_taken":0,"max_hp_gain":0,"max_hp_loss":0,"event_name":"Falling","floor":44,"gold_loss":0}],"is_beta":false,"boss_relics":[{"not_picked":["Calling Bell","Snecko Eye"],"picked":"Astrolabe"},{"not_picked":["Fusion Hammer","Runic Dome"],"picked":"Tiny House"}],"items_purged_floors":[3,20,25,37,48],"is_endless":false,"potions_floor_spawned":[7,10,13,21,23,27,30,33,38,39,41,46],"killed_by":"Donu and Deca","ascension_level":0}