{"gold_per_floor":[119,119,129,129,129,158,178,207,207,232,246,246,261,293,293,293],"floor_reached":16,"playtime":397,"items_purged":[],"score":209,"play_id":"1a639b93-a5c6-4d1b-8e82-4f735a6a58d1","local_time":"20190120164435","is_ascension_mode":true,"campfire_choices":[{"data":"Feed","floor":12,"key":"SMITH"},{"data":"Armaments","floor":15,"key":"SMITH"}],"neow_cost":"NONE","seed_source_timestamp":334162831181700,"circlet_count":0,"master_deck":["Strike_R","Strike_R","Strike_R","Strike_R","Strike_R","Defend_R","Defend_R","Defend_R","Defend_R","Bash+1","Iron Wave","Battle Trance","Feel No Pain","Immolate","Feed+1","Armaments+1"],"relics":["Burning Blood","NeowsBlessing","Ornamental Fan","Potion Belt","Dream Catcher","Question Card"],"potions_floor_usage":[],"damage_taken":[{"damage":0,"enemies":"Small Slimes","floor":1,"turns":1},{"damage":0,"enemies":"Cultist","floor":3,"turns":1},{"damage":0,"enemies":"Lagavulin","floor":6,"turns":1},{"damage":3,"enemies":"Jaw Worm","floor":7,"turns":4},{"damage":40,"enemies":"Gremlin Nob","floor":8,"turns":5},{"damage":30,"enemies":"Lagavulin","floor":10,"turns":6},{"damage":1,"enemies":"Exordium Wildlife","floor":11,"turns":3},{"damage":11,"enemies":"Looter","floor":13,"turns":2},{"damage":17,"enemies":"3 Sentries","floor":14,"turns":5},{"damage":23,"enemies":"The Guardian","floor":16,"turns":2}],"seed_played":"-7146274728944453540","potions_obtained":[{"floor":7,"key":"EssenceOfSteel"},{"floor":8,"key":"GamblersBrew"},{"floor":11,"key":"Fire Potion"},{"floor":13,"key":"FearPotion"}],"is_trial":false,"path_per_floor":["M","?","M","?","$","E","M","E","T","E","M","R","M","E","R","B"],"character_chosen":"IRONCLAD","items_purchased":[],"campfire_rested":0,"item_purchase_floors":[],"current_hp_per_floor":[78,83,85,85,85,85,85,51,51,27,35,35,30,23,23,0],"gold":293,"neow_bonus":"THREE_ENEMY_KILL","is_prod":false,"is_daily":false,"chose_seed":false,"campfire_upgraded":2,"win_rate":0,"timestamp":1548002675,"path_taken":["M","?","M","?","$","E","M","E","T","E","?","R","M","E","R","BOSS"],"build_version":"2019-01-17v2","purchased_purges":0,"victory":false,"max_hp_per_floor":[80,85,85,85,85,85,85,85,85,85,88,88,88,92,92,92],"card_choices":[{"not_picked":["Clash","Wild Strike"],"picked":"Iron Wave","floor":1},{"not_picked":["Cleave","Ghostly Armor"],"picked":"Battle Trance","floor":3},{"not_picked":["Brutality","Anger"],"picked":"Feel No Pain","floor":6},{"not_picked":["Ghostly Armor","Rage","Anger"],"picked":"SKIP","floor":7},{"not_picked":["Battle Trance","Cleave"],"picked":"Immolate","floor":8},{"not_picked":["Power Through","Clothesline"],"picked":"Feed","floor":10},{"not_picked":["Heavy Blade","Dropkick","Cleave"],"picked":"SKIP","floor":11},{"not_picked":["Thunderclap","Wild Strike","Perfected Strike"],"picked":"SKIP","floor":13},{"not_picked":["Thunderclap","Wild Strike","Perfected Strike"],"picked":"SKIP","floor":13},{"not_picked":["Blood for Blood","Power Through","Armaments"],"picked":"SKIP","floor":14},{"not_picked":["Blood for Blood","Power Through"],"picked":"Armaments","floor":14}],"player_experience":139876,"relics_obtained":[{"floor":6,"key":"Ornamental Fan"},{"floor":8,"key":"Potion Belt"},{"floor":10,"key":"Dream Catcher"},{"floor":14,"key":"Question Card"}],"event_choices":[{"damage_healed":0,"gold_gain":0,"player_choice":"Donut","damage_taken":0,"max_hp_gain":5,"max_hp_loss":0,"event_name":"Big Fish","floor":2,"gold_loss":0},{"damage_healed":0,"gold_gain":0,"player_choice":"Upgraded","damage_taken":0,"max_hp_gain":0,"max_hp_loss":0,"event_name":"Upgrade Shrine","floor":4,"gold_loss":0,"cards_upgraded":["Bash"]}],"is_beta":false,"boss_relics":[],"items_purged_floors":[],"is_endless":false,"potions_floor_spawned":[7,8,11,13],"killed_by":"The Guardian","ascension_level":7}