{"gold_per_floor":[112,187,187,23,38,38,54,54,77,57,57,75,75,89,89,89],"floor_reached":16,"playtime":442,"items_purged":["Strike_R"],"score":171,"play_id":"c8b41ff5-25f3-44b8-a598-bfe20f9398fb","local_time":"20190110154138","is_ascension_mode":true,"campfire_choices":[{"data":"Limit Break","floor":6,"key":"SMITH"},{"data":"Bandage Up","floor":8,"key":"SMITH"},{"data":"Pommel Strike","floor":13,"key":"SMITH"},{"data":"Iron Wave","floor":15,"key":"SMITH"}],"neow_cost":"PERCENT_DAMAGE","seed_source_timestamp":2909122641129439,"circlet_count":0,"master_deck":["AscendersBane","Strike_R","Strike_R","Strike_R","Strike_R","Defend_R","Defend_R","Defend_R","Defend_R","Bash","Limit Break+1","Iron Wave+1","Bandage Up+1","Headbutt","Pommel Strike+1"],"relics":["Burning Blood","Ancient Tea Set"],"potions_floor_usage":[16,16],"damage_taken":[{"damage":10,"enemies":"Small Slimes","floor":1,"turns":4},{"damage":1,"enemies":"2 Louse","floor":5,"turns":3},{"damage":1,"enemies":"Cultist","floor":7,"turns":3},{"damage":12,"enemies":"Looter","floor":12,"turns":3},{"damage":24,"enemies":"Gremlin Gang","floor":14,"turns":6},{"damage":64,"enemies":"Slime Boss","floor":16,"turns":7}],"seed_played":"-1970419220022768943","potions_obtained":[{"floor":10,"key":"AttackPotion"},{"floor":12,"key":"PowerPotion"}],"is_trial":false,"path_per_floor":["M","?","?","$","M","R","M","R","T","?","$","M","R","M","R","B"],"character_chosen":"IRONCLAD","items_purchased":["Bandage Up"],"campfire_rested":0,"item_purchase_floors":[4],"current_hp_per_floor":[46,35,35,35,44,44,53,53,53,53,53,53,53,41,41,0],"gold":89,"neow_bonus":"THREE_RARE_CARDS","is_prod":false,"is_daily":false,"chose_seed":false,"campfire_upgraded":4,"win_rate":0,"timestamp":1547131298,"path_taken":["M","?","?","$","M","R","M","R","T","?","$","M","R","?","R","BOSS"],"build_version":"2019-01-03v4","purchased_purges":1,"victory":false,"max_hp_per_floor":[75,75,75,75,75,75,75,75,75,75,75,75,75,75,75,75],"card_choices":[{"not_picked":["Brutality","Barricade"],"picked":"Limit Break","floor":0},{"not_picked":["Hemokinesis","Bloodletting"],"picked":"Iron Wave","floor":1},{"not_picked":["Combust","Clash"],"picked":"Headbutt","floor":5},{"not_picked":["Cleave","Perfected Strike","True Grit"],"picked":"SKIP","floor":7},{"not_picked":["True Grit","Body Slam"],"picked":"Pommel Strike","floor":12},{"not_picked":["Cleave","Iron Wave","Warcry"],"picked":"SKIP","floor":14}],"player_experience":712639,"relics_obtained":[{"floor":9,"key":"Ancient Tea Set"}],"event_choices":[{"damage_healed":0,"gold_gain":75,"player_choice":"Gather Gold","damage_taken":11,"max_hp_gain":0,"max_hp_loss":0,"event_name":"World of Goop","floor":2,"gold_loss":0},{"damage_healed":0,"gold_gain":0,"player_choice":"Fled","damage_taken":0,"max_hp_gain":0,"max_hp_loss":0,"event_name":"Scrap Ooze","floor":3,"gold_loss":0},{"damage_healed":0,"gold_gain":0,"player_choice":"Bought 1 Potion","damage_taken":0,"max_hp_gain":0,"max_hp_loss":0,"event_name":"The Woman in Blue","floor":10,"gold_loss":0}],"is_beta":false,"boss_relics":[],"items_purged_floors":[4],"is_endless":false,"potions_floor_spawned":[12],"killed_by":"Slime Boss","ascension_level":18}