{"gold_per_floor":[112,112,122,132,27,62,62,72,72,72,98,108,81,93,93,93],"floor_reached":16,"playtime":1097,"items_purged":[],"score":112,"play_id":"4866a1a7-8809-4006-acc1-e6a4d8c54cc5","local_time":"20190124155902","is_ascension_mode":false,"campfire_choices":[{"floor":7,"key":"REST"},{"floor":15,"key":"REST"}],"neow_cost":"NONE","seed_source_timestamp":686997571838761,"circlet_count":0,"master_deck":["Strike_B","Strike_B","Strike_B","Defend_B","Defend_B","Defend_B","Defend_B","Zap","Dualcast","Coolheaded","Beam Cell","Glacier","Chaos","Hologram","Hyperbeam","Stack","Rebound","Stack","Reinforced Body","Conserve Battery"],"relics":["Cracked Core","Dream Catcher","Happy Flower","Letter Opener"],"potions_floor_usage":[11,16,16],"damage_taken":[{"damage":1,"enemies":"Jaw Worm","floor":1,"turns":3},{"damage":6,"enemies":"Small Slimes","floor":3,"turns":3},{"damage":7,"enemies":"2 Louse","floor":4,"turns":2},{"damage":46,"enemies":"Gremlin Nob","floor":6,"turns":6},{"damage":0,"enemies":"Exordium Wildlife","floor":8,"turns":3},{"damage":23,"enemies":"Lagavulin","floor":11,"turns":6},{"damage":0,"enemies":"3 Louse","floor":12,"turns":1},{"damage":0,"enemies":"2 Fungi Beasts","floor":14,"turns":2},{"damage":42,"enemies":"The Guardian","floor":16,"turns":9}],"seed_played":"-8605569897405420208","potions_obtained":[{"floor":8,"key":"SkillPotion"},{"floor":11,"key":"SkillPotion"},{"floor":12,"key":"Swift Potion"}],"is_trial":false,"path_per_floor":["M","?","M","M","$","E","R","M","T","?","E","M","?","M","R","B"],"character_chosen":"DEFECT","items_purchased":["Chaos","Hologram"],"campfire_rested":2,"item_purchase_floors":[5,5],"current_hp_per_floor":[81,74,68,61,61,15,39,39,39,39,16,16,16,16,40,0],"gold":93,"neow_bonus":"TEN_PERCENT_HP_BONUS","is_prod":false,"is_daily":false,"chose_seed":false,"campfire_upgraded":0,"win_rate":0.0,"timestamp":1548313142,"path_taken":["M","?","M","M","$","E","R","M","T","?","E","M","?","M","R","BOSS"],"build_version":"2019-01-23","purchased_purges":0,"victory":false,"max_hp_per_floor":[82,82,82,82,82,82,82,82,82,82,82,82,82,82,82,82],"card_choices":[{"not_picked":["Steam","Barrage"],"picked":"Coolheaded","floor":1},{"not_picked":["Steam","Heatsinks"],"picked":"Beam Cell","floor":3},{"not_picked":["Streamline","Go for the Eyes"],"picked":"Glacier","floor":4},{"not_picked":["Redo","Meteor Strike"],"picked":"Hyperbeam","floor":6},{"not_picked":["Gash","Hologram"],"picked":"Stack","floor":7},{"not_picked":["Leap","Cold Snap"],"picked":"Rebound","floor":8},{"not_picked":["Genetic Algorithm","Turbo","Heatsinks"],"picked":"SKIP","floor":11},{"not_picked":["Genetic Algorithm","Turbo"],"picked":"Stack","floor":12},{"not_picked":["Cold Snap","Stack"],"picked":"Reinforced Body","floor":14},{"not_picked":["Compile Driver","Redo"],"picked":"Conserve Battery","floor":15}],"player_experience":51780,"relics_obtained":[{"floor":6,"key":"Dream Catcher"},{"floor":9,"key":"Happy Flower"},{"floor":11,"key":"Letter Opener"}],"event_choices":[{"cards_removed":["Strike_B"],"damage_healed":0,"gold_gain":0,"player_choice":"Card Removal","damage_taken":7,"max_hp_gain":0,"max_hp_loss":0,"event_name":"Golden Wing","floor":2,"gold_loss":0},{"damage_healed":0,"gold_gain":0,"player_choice":"Ignored","damage_taken":0,"max_hp_gain":0,"max_hp_loss":0,"event_name":"Shining Light","floor":10,"gold_loss":0},{"damage_healed":0,"gold_gain":0,"player_choice":"Left Gold","damage_taken":0,"max_hp_gain":0,"max_hp_loss":0,"event_name":"World of Goop","floor":13,"gold_loss":27}],"is_beta":false,"boss_relics":[],"items_purged_floors":[],"is_endless":false,"potions_floor_spawned":[8,11,12],"killed_by":"The Guardian","ascension_level":0}