{"gold_per_floor":[111,123,48,123,73,73,104,114,114,114,131,141,155,155,155,256,256,276,276,27,40,54,84,84,84],"floor_reached":25,"playtime":885,"items_purged":["Strike_B"],"score":234,"play_id":"c1af97d7-208b-496d-82d7-5ea3f53752db","local_time":"20190111223540","is_ascension_mode":true,"campfire_choices":[{"floor":6,"key":"REST"},{"floor":10,"key":"REST"},{"floor":15,"key":"REST"},{"floor":24,"key":"REST"}],"neow_cost":"NONE","seed_source_timestamp":44597115257911,"circlet_count":0,"master_deck":["Strike_B","Strike_B","Defend_B","Defend_B","Defend_B","Defend_B","Zap","Dualcast","Static Discharge","Reprogram","Conserve Battery","Ball Lightning","Hologram","Go for the Eyes","Core Surge","Fission","Leap+1","RitualDagger","Sunder+1","FTL+1","Rip and Tear+1"],"relics":["Cracked Core","Darkstone Periapt","Bag of Preparation","Regal Pillow","Cursed Key","Molten Egg 2","Lantern"],"potions_floor_usage":[],"damage_taken":[{"damage":10,"enemies":"Cultist","floor":1,"turns":4},{"damage":4,"enemies":"2 Louse","floor":2,"turns":4},{"damage":50,"enemies":"Gremlin Nob","floor":7,"turns":5},{"damage":1,"enemies":"Jaw Worm","floor":8,"turns":3},{"damage":6,"enemies":"2 Fungi Beasts","floor":11,"turns":3},{"damage":11,"enemies":"Exordium Wildlife","floor":12,"turns":5},{"damage":4,"enemies":"Blue Slaver","floor":13,"turns":4},{"damage":32,"enemies":"The Guardian","floor":16,"turns":11},{"damage":12,"enemies":"Shell Parasite","floor":18,"turns":6},{"damage":2,"enemies":"Chosen","floor":21,"turns":5},{"damage":16,"enemies":"3 Cultists","floor":22,"turns":6},{"damage":34,"enemies":"Book of Stabbing","floor":23,"turns":4},{"damage":12,"enemies":"Gremlin Leader","floor":25,"turns":6}],"seed_played":"-243690768066697197","potions_obtained":[{"floor":8,"key":"PowerPotion"},{"floor":11,"key":"SteroidPotion"},{"floor":16,"key":"Strength Potion"},{"floor":18,"key":"Poison Potion"}],"is_trial":false,"path_per_floor":["M","M","$","?","?","R","E","M","T","R","M","M","M","?","R","B",null,"M","?","$","M","M","E","R","E"],"character_chosen":"DEFECT","items_purchased":["Molten Egg 2"],"campfire_rested":4,"item_purchase_floors":[20],"current_hp_per_floor":[72,68,68,57,57,81,31,30,30,54,48,37,33,21,60,28,82,70,64,64,62,46,12,51,39],"gold":84,"neow_bonus":"TEN_PERCENT_HP_BONUS","is_prod":false,"is_daily":false,"chose_seed":false,"campfire_upgraded":0,"win_rate":0,"timestamp":1547242540,"path_taken":["M","M","$","?","?","R","E","?","T","R","M","M","M","?","R","BOSS","M","?","$","M","M","E","R","E"],"build_version":"2019-01-10","purchased_purges":1,"victory":false,"max_hp_per_floor":[82,82,82,82,82,82,82,82,82,82,82,82,82,82,82,82,82,82,82,82,82,82,82,82,82],"card_choices":[{"not_picked":["Rebound","Sweeping Beam"],"picked":"Static Discharge","floor":1},{"not_picked":["Sweeping Beam","Coolheaded"],"picked":"Reprogram","floor":2},{"not_picked":["Leap","Gash"],"picked":"Conserve Battery","floor":7},{"not_picked":["Compile Driver","Aggregate"],"picked":"Ball Lightning","floor":8},{"not_picked":["Gash","Compile Driver"],"picked":"Hologram","floor":11},{"not_picked":["Fusion","Rebound"],"picked":"Go for the Eyes","floor":12},{"not_picked":["Hello World","Streamline"],"picked":"Core Surge","floor":13},{"not_picked":["Reboot","Core Surge"],"picked":"Fission","floor":16},{"not_picked":["Gash","Go for the Eyes"],"picked":"Leap+1","floor":18},{"not_picked":["Compile Driver+1","Rebound+1"],"picked":"Sunder+1","floor":21},{"not_picked":["Stack","Undo"],"picked":"FTL+1","floor":22},{"not_picked":["Ball Lightning+1","Fission"],"picked":"Rip and Tear+1","floor":23}],"player_experience":187300,"relics_obtained":[{"floor":7,"key":"Darkstone Periapt"},{"floor":9,"key":"Bag of Preparation"},{"floor":23,"key":"Lantern"}],"event_choices":[{"damage_healed":0,"gold_gain":75,"player_choice":"Gather Gold","damage_taken":11,"max_hp_gain":0,"max_hp_loss":0,"event_name":"World of Goop","floor":4,"gold_loss":0},{"cards_removed":["Strike_B"],"damage_healed":0,"gold_gain":0,"player_choice":"Card Removal","damage_taken":0,"max_hp_gain":0,"max_hp_loss":0,"event_name":"The Cleric","floor":5,"gold_loss":50},{"damage_healed":0,"gold_gain":0,"player_choice":"Success","damage_taken":12,"relics_obtained":["Regal Pillow"],"max_hp_gain":0,"max_hp_loss":0,"event_name":"Scrap Ooze","floor":14,"gold_loss":0},{"damage_healed":0,"gold_gain":0,"player_choice":"Joined the Cult","damage_taken":6,"max_hp_gain":0,"max_hp_loss":0,"event_name":"Nest","floor":19,"gold_loss":0,"cards_obtained":["RitualDagger"]}],"is_beta":false,"boss_relics":[{"not_picked":["Tiny House","White Beast Statue"],"picked":"Cursed Key"}],"items_purged_floors":[3],"is_endless":false,"potions_floor_spawned":[8,11,16,18],"killed_by":"Gremlin Leader","ascension_level":1}