{"path_per_floor":["M","?","M","M","M","E","R","M","T","R","?","M","R","T","R","B",null,"M","M","$","?","$","R","E","M","T","M","M","E","M","M","R"],"character_chosen":"IRONCLAD","items_purchased":["Question Card","Searing Blow","Apotheosis"],"gold_per_floor":[117,117,133,143,154,188,188,204,204,204,204,215,215,238,238,338,338,349,366,42,242,55,55,84,94,94,109,124,151,171,182,182,182],"floor_reached":33,"campfire_rested":1,"playtime":4665,"item_purchase_floors":[20,20,22],"current_hp_per_floor":[80,80,77,80,79,67,67,63,63,63,63,69,69,69,69,46,80,63,54,54,54,54,54,58,65,65,49,23,11,16,13,37,0],"items_purged":[],"gold":182,"score":291,"play_id":"710d8960-95ef-42ba-8269-7758e843b2a1","local_time":"20180615230158","is_prod":false,"is_daily":false,"chose_seed":false,"is_ascension_mode":false,"campfire_upgraded":5,"win_rate":0,"timestamp":1529096518,"campfire_choices":[{"data":"Armaments","floor":7,"key":"SMITH"},{"data":"Armaments","floor":10,"key":"SMITH"},{"data":"Shrug It Off","floor":13,"key":"SMITH"},{"data":"Shrug It Off","floor":15,"key":"SMITH"},{"data":"Apotheosis","floor":23,"key":"SMITH"},{"floor":32,"key":"REST"}],"path_taken":["M","?","M","M","M","E","R","M","T","R","?","M","R","?","R","BOSS","M","M","$","?","$","R","E","M","T","?","M","E","?","M","R","BOSS"],"build_version":"2018-06-14v2","seed_source_timestamp":679098948651963,"purchased_purges":0,"victory":false,"master_deck":["Strike_R+1","Strike_R","Strike_R","Strike_R","Strike_R","Defend_R+1","Defend_R","Defend_R","Defend_R+1","Bash+1","Shrug It Off+1","Shrug It Off+1","Armaments+1","Flex","Armaments+1","Flex","Clash","Reaper","Metallicize","Flex","Searing Blow","Apotheosis+1","Cleave+1","Brutality","Clash","Clothesline","Whirlwind","Clash","Thunderclap+1"],"max_hp_per_floor":[80,80,80,80,80,80,80,80,80,80,80,80,80,80,80,80,80,80,80,80,80,80,80,80,80,80,80,80,80,80,80,80,80],"relics":["Burning Blood","Whetstone","Self Forming Clay","Anchor","Mark of Pain","Question Card","Ginger","War Paint","Letter Opener"],"card_choices":[{"not_picked":["Feel No Pain","Wild Strike"],"picked":"Shrug It Off","floor":0},{"not_picked":["Clothesline","Warcry"],"picked":"Perfected Strike","floor":1},{"not_picked":["Blood for Blood","Clothesline"],"picked":"Shrug It Off","floor":3},{"not_picked":["Rupture","Thunderclap"],"picked":"Armaments","floor":4},{"not_picked":["True Grit","Thunderclap"],"picked":"Flex","floor":5},{"not_picked":["Corruption","Anger"],"picked":"Armaments","floor":6},{"not_picked":["Wild Strike","Warcry"],"picked":"Flex","floor":8},{"not_picked":["Clothesline","Entrench"],"picked":"Clash","floor":12},{"not_picked":["Bludgeon","Double Tap"],"picked":"Reaper","floor":16},{"not_picked":["Pommel Strike","Shrug It Off"],"picked":"Metallicize","floor":18},{"not_picked":["Perfected Strike","True Grit+1"],"picked":"Flex","floor":19},{"not_picked":["Evolve","True Grit","Second Wind"],"picked":"Cleave+1","floor":24},{"not_picked":["Reckless Charge","Seeing Red","Headbutt"],"picked":"Brutality","floor":25},{"not_picked":["Cleave+1","Clothesline","Armaments"],"picked":"Clash","floor":27},{"not_picked":["Wild Strike","Body Slam+1","Intimidate"],"picked":"Clothesline","floor":28},{"not_picked":["Dual Wield","Anger+1","Warcry+1"],"picked":"Whirlwind","floor":29},{"not_picked":["Warcry+1","Hemokinesis","Thunderclap"],"picked":"Clash","floor":30},{"not_picked":["Body Slam+1","Clothesline+1","Shockwave+1"],"picked":"Thunderclap+1","floor":31}],"player_experience":24185,"potions_floor_usage":[6,18,25,30],"damage_taken":[{"damage":1,"enemies":"Jaw Worm","floor":1,"turns":5},{"damage":9,"enemies":"Cultist","floor":3,"turns":7},{"damage":1,"enemies":"2 Louse","floor":4,"turns":4},{"damage":7,"enemies":"Looter","floor":5,"turns":4},{"damage":33,"enemies":"3 Sentries","floor":6,"turns":15},{"damage":10,"enemies":"Lots of Slimes","floor":8,"turns":8},{"damage":0,"enemies":"Exordium Wildlife","floor":12,"turns":4},{"damage":29,"enemies":"The Guardian","floor":16,"turns":15},{"damage":30,"enemies":"3 Byrds","floor":18,"turns":7},{"damage":24,"enemies":"Chosen","floor":19,"turns":7},{"damage":28,"enemies":"Slavers","floor":24,"turns":10},{"damage":23,"enemies":"3 Cultists","floor":25,"turns":6},{"damage":24,"enemies":"Snecko","floor":27,"turns":5},{"damage":48,"enemies":"Cultist and Chosen","floor":28,"turns":10},{"damage":26,"enemies":"Book of Stabbing","floor":29,"turns":8},{"damage":5,"enemies":"Snake Plant","floor":30,"turns":4},{"damage":20,"enemies":"Sentry and Sphere","floor":31,"turns":4},{"damage":55,"enemies":"Collector","floor":33,"turns":5}],"relics_obtained":[{"floor":6,"key":"Whetstone"},{"floor":9,"key":"Self Forming Clay"},{"floor":14,"key":"Anchor"},{"floor":24,"key":"Ginger"},{"floor":26,"key":"War Paint"},{"floor":29,"key":"Letter Opener"}],"event_choices":[{"event_name":"Transmorgrifier","player_choice":"Transform","floor":2,"damage_taken":0},{"event_name":"Purifier","player_choice":"One Purge","floor":11,"damage_taken":0},{"event_name":"Wheel of Change","player_choice":"Gold","floor":21,"damage_taken":0}],"boss_relics":[{"not_picked":["White Beast Statue","Runic Dome"],"picked":"Mark of Pain"}],"items_purged_floors":[],"is_endless":false,"potions_floor_spawned":[4,6,8,12,16,18,24,29,30],"seed_played":"2117530391638030561","killed_by":"Collector","ascension_level":0,"potions_obtained":[{"floor":4,"key":"Regen Potion"},{"floor":6,"key":"Explosive Potion"},{"floor":8,"key":"SpeedPotion"},{"floor":12,"key":"GamblersBrew"},{"floor":16,"key":"FairyPotion"},{"floor":18,"key":"GamblersBrew"},{"floor":24,"key":"Regen Potion"},{"floor":29,"key":"LiquidBronze"},{"floor":30,"key":"Energy Potion"}],"is_trial":false}