{"gold_per_floor":[112,124,124,49,68,97,97,97,97,97,115,143,159,159,159,288,288,302,302,45,61,61,61,61,61],"floor_reached":25,"playtime":579,"items_purged":["Defend_R"],"score":234,"play_id":"589e46fe-5518-48fb-b555-7aaf79d58c05","local_time":"20190120222431","is_ascension_mode":false,"campfire_choices":[{"floor":7,"key":"REST"},{"floor":15,"key":"REST"},{"data":"Demon Form","floor":23,"key":"SMITH"}],"neow_cost":"NONE","seed_source_timestamp":103172651896236,"circlet_count":0,"master_deck":["Defend_R","Defend_R","Defend_R","Twin Strike","Twin Strike","Demon Form+1","Inflame","Bite","Bite","Bite","Bite","Bite"],"relics":["Burning Blood","Meat on the Bone","Mercury Hourglass","PreservedInsect","Bloody Idol","Runic Pyramid","Mummified Hand"],"potions_floor_usage":[25,25],"damage_taken":[{"damage":6,"enemies":"Cultist","floor":1,"turns":3},{"damage":6,"enemies":"2 Louse","floor":2,"turns":2},{"damage":8,"enemies":"Jaw Worm","floor":5,"turns":3},{"damage":57,"enemies":"Lagavulin","floor":6,"turns":7},{"damage":15,"enemies":"Lots of Slimes","floor":11,"turns":3},{"damage":26,"enemies":"3 Sentries","floor":12,"turns":6},{"damage":14,"enemies":"Blue Slaver","floor":13,"turns":3},{"damage":25,"enemies":"Slime Boss","floor":16,"turns":7},{"damage":27,"enemies":"Shell Parasite","floor":18,"turns":4},{"damage":41,"enemies":"2 Thieves","floor":21,"turns":4},{"damage":27,"enemies":"Slavers","floor":25,"turns":2}],"seed_played":"-1127856863694799766","potions_obtained":[{"floor":6,"key":"Ancient Potion"},{"floor":12,"key":"Strength Potion"},{"floor":16,"key":"SneckoOil"}],"is_trial":false,"path_per_floor":["M","M","?","$","M","E","R","?","T","$","M","E","M","?","R","B",null,"M","?","$","M","?","R","?","E"],"character_chosen":"IRONCLAD","items_purchased":["Mummified Hand"],"campfire_rested":2,"item_purchase_floors":[20],"current_hp_per_floor":[80,80,80,80,78,27,51,51,51,51,54,46,50,50,72,53,74,53,51,51,34,34,34,34,13],"gold":61,"neow_bonus":"REMOVE_CARD","is_prod":false,"is_daily":false,"chose_seed":false,"campfire_upgraded":1,"win_rate":0,"timestamp":1548035671,"path_taken":["M","?","?","?","M","E","R","?","T","$","M","E","?","?","R","BOSS","M","?","?","M","?","R","?","E"],"build_version":"2019-01-17v2","purchased_purges":1,"victory":false,"max_hp_per_floor":[80,80,80,80,80,80,80,80,80,80,80,80,80,74,74,74,74,74,51,51,51,51,51,51,51],"card_choices":[{"not_picked":["Corruption","Wild Strike"],"picked":"Twin Strike","floor":1},{"not_picked":["Hemokinesis","Reckless Charge"],"picked":"Twin Strike","floor":2},{"not_picked":["Heavy Blade","Reckless Charge","Armaments"],"picked":"SKIP","floor":5},{"not_picked":["Hemokinesis","Havoc","Rage"],"picked":"SKIP","floor":6},{"not_picked":["Sever Soul","Impervious","Heavy Blade"],"picked":"SKIP","floor":11},{"not_picked":["Metallicize","Pommel Strike","Whirlwind"],"picked":"SKIP","floor":12},{"not_picked":["Armaments","Cleave","Disarm"],"picked":"SKIP","floor":13},{"not_picked":["Havoc","Body Slam+1"],"picked":"Inflame","floor":18},{"not_picked":["Perfected Strike","Bloodletting","Havoc"],"picked":"SKIP","floor":21}],"player_experience":207132,"relics_obtained":[{"floor":6,"key":"Meat on the Bone"},{"floor":9,"key":"Mercury Hourglass"},{"floor":12,"key":"PreservedInsect"}],"event_choices":[{"cards_removed":["Bash"],"damage_healed":0,"gold_gain":0,"player_choice":"Took Card","damage_taken":0,"max_hp_gain":0,"max_hp_loss":0,"event_name":"NoteForYourself","floor":3,"gold_loss":0,"cards_obtained":["Defend_R"]},{"damage_healed":0,"gold_gain":0,"player_choice":"1 cards matched","damage_taken":0,"max_hp_gain":0,"max_hp_loss":0,"event_name":"Match and Keep!","floor":8,"gold_loss":0,"cards_obtained":["Demon Form"]},{"damage_healed":0,"gold_gain":0,"player_choice":"Lose Max HP","damage_taken":0,"relics_obtained":["Golden Idol"],"max_hp_gain":0,"max_hp_loss":6,"event_name":"Golden Idol","floor":14,"gold_loss":0},{"damage_healed":0,"gold_gain":0,"player_choice":"Became a vampire","damage_taken":0,"max_hp_gain":0,"max_hp_loss":23,"event_name":"Vampires","floor":19,"gold_loss":0,"cards_obtained":["Bite","Bite","Bite","Bite","Bite"]},{"damage_healed":0,"gold_gain":0,"player_choice":"Gave Idol","damage_taken":0,"relics_obtained":["Bloody Idol"],"max_hp_gain":0,"max_hp_loss":0,"event_name":"Forgotten Altar","floor":22,"relics_lost":["Golden Idol"],"gold_loss":0},{"cards_removed":["Defend_R"],"damage_healed":0,"gold_gain":0,"player_choice":"Elegance","damage_taken":0,"max_hp_gain":0,"max_hp_loss":0,"event_name":"Back to Basics","floor":24,"gold_loss":0}],"is_beta":false,"boss_relics":[{"not_picked":["White Beast Statue","Runic Dome"],"picked":"Runic Pyramid"}],"items_purged_floors":[4],"is_endless":false,"potions_floor_spawned":[6,12,16],"killed_by":"Slavers","ascension_level":0}