{"gold_per_floor":[119,137,148,148,160,186,186,204,204,231,8,8,22,33,33,134,134,152,169,169,182,132,132,146,146,146,22,32,32,59,11,11,11],"floor_reached":33,"playtime":1718,"items_purged":[],"score":297,"play_id":"d01bfc53-1eeb-49d0-b249-66f9f9574157","local_time":"20181113034732","is_ascension_mode":true,"campfire_choices":[{"floor":7,"key":"REST"},{"floor":12,"key":"REST"},{"floor":15,"key":"REST"},{"floor":23,"key":"REST"},{"floor":25,"key":"REST"},{"floor":32,"key":"REST"}],"neow_cost":"NONE","seed_source_timestamp":478001523575735,"circlet_count":0,"master_deck":["Defend_G","Defend_G","Defend_G","Defend_G","Defend_G","Strike_G","Strike_G","Strike_G","Strike_G","Survivor","Neutralize","Infinite Blades","Cloak And Dagger","Dash","Backstab","Neutralize","Panacea","Bouncing Flask","Footwork","Dash","Choke","Footwork","Catalyst","Blade Dance","Burst","Catalyst+1","Dodge and Roll","Accuracy+1","Bane","Cloak And Dagger","Infinite Blades","Deadly Poison+1","Poisoned Stab+1","Poisoned Stab+1","PiercingWail"],"relics":["Ring of the Snake","Strawberry","Unceasing Top","WingedGreaves","Bronze Scales","WristBlade","Molten Egg 2","Red Mask"],"potions_floor_usage":[6,16,16,16,33],"damage_taken":[{"damage":1,"enemies":"Cultist","floor":1,"turns":4},{"damage":14,"enemies":"Small Slimes","floor":2,"turns":5},{"damage":1,"enemies":"2 Louse","floor":3,"turns":3},{"damage":3,"enemies":"Large Slime","floor":5,"turns":6},{"damage":6,"enemies":"Lagavulin","floor":6,"turns":5},{"damage":6,"enemies":"Lots of Slimes","floor":8,"turns":6},{"damage":40,"enemies":"Gremlin Nob","floor":10,"turns":5},{"damage":0,"enemies":"Red Slaver","floor":13,"turns":3},{"damage":0,"enemies":"Large Slime","floor":14,"turns":4},{"damage":15,"enemies":"The Guardian","floor":16,"turns":8},{"damage":13,"enemies":"Shell Parasite","floor":18,"turns":4},{"damage":10,"enemies":"Chosen","floor":19,"turns":3},{"damage":17,"enemies":"Shelled Parasite and Fungi","floor":21,"turns":7},{"damage":11,"enemies":"Snake Plant","floor":24,"turns":4},{"damage":8,"enemies":"Cultist and Chosen","floor":28,"turns":7},{"damage":39,"enemies":"Masked Bandits","floor":30,"turns":5},{"damage":70,"enemies":"Automaton","floor":33,"turns":6}],"seed_played":"-5368604972883565540","potions_obtained":[{"floor":5,"key":"Strength Potion"},{"floor":10,"key":"Weak Potion"},{"floor":13,"key":"Poison Potion"},{"floor":14,"key":"LiquidBronze"},{"floor":24,"key":"Swift Potion"},{"floor":30,"key":"FearPotion"}],"is_trial":false,"path_per_floor":["M","M","M","?","M","E","R","M","T","E","$","R","M","M","R","B",null,"M","M","?","M","?","R","M","R","T","$","M","?","?","$","R","B"],"character_chosen":"THE_SILENT","items_purchased":["Bronze Scales","Footwork","Cloak And Dagger","Infinite Blades","PiercingWail"],"campfire_rested":6,"item_purchase_floors":[11,11,27,27,31],"current_hp_per_floor":[69,55,54,54,51,52,75,69,69,29,29,52,52,52,75,60,77,64,54,54,37,37,60,49,72,72,72,64,64,25,25,48,0],"gold":11,"neow_bonus":"THREE_CARDS","is_prod":false,"is_daily":false,"chose_seed":false,"campfire_upgraded":0,"win_rate":0,"timestamp":1542109652,"path_taken":["M","M","?","?","?","E","R","M","T","E","$","R","M","?","R","BOSS","M","?","?","M","?","R","?","R","T","?","M","?","?","$","R","BOSS"],"build_version":"2018-11-08","purchased_purges":0,"victory":false,"max_hp_per_floor":[70,70,70,70,70,77,77,77,77,77,77,77,77,77,77,77,77,77,77,77,77,77,77,77,77,77,77,77,77,77,77,77,77],"card_choices":[{"not_picked":["Sucker Punch","Deflect"],"picked":"Infinite Blades","floor":0},{"not_picked":["Slice","Poisoned Stab"],"picked":"Cloak And Dagger","floor":1},{"not_picked":["Deflect","Skewer"],"picked":"Dash","floor":2},{"not_picked":["Poisoned Stab","Acrobatics"],"picked":"Backstab","floor":3},{"not_picked":["Bane","PiercingWail"],"picked":"Bouncing Flask","floor":5},{"not_picked":["Acrobatics","Masterful Stab"],"picked":"Footwork","floor":6},{"not_picked":["Dodge and Roll","Masterful Stab"],"picked":"Dash","floor":8},{"not_picked":["Predator","Slice"],"picked":"Choke","floor":10},{"not_picked":["Bullet Time","Prepared"],"picked":"Catalyst","floor":13},{"not_picked":["Quick Slash","Acrobatics"],"picked":"Blade Dance","floor":14},{"not_picked":["Phantasmal Killer","Unload"],"picked":"Burst","floor":16},{"not_picked":["Flechettes","Outmaneuver"],"picked":"Catalyst+1","floor":18},{"not_picked":["Finisher+1","Underhanded Strike"],"picked":"Dodge and Roll","floor":19},{"not_picked":["Bane","Dagger Throw"],"picked":"Accuracy+1","floor":21},{"not_picked":["Dagger Spray","Glass Knife"],"picked":"Bane","floor":24},{"not_picked":["Underhanded Strike+1","Backstab+1"],"picked":"Deadly Poison+1","floor":28},{"not_picked":["Blade Dance","Sucker Punch+1"],"picked":"Poisoned Stab+1","floor":30}],"player_experience":33449,"relics_obtained":[{"floor":6,"key":"Strawberry"},{"floor":9,"key":"Unceasing Top"},{"floor":10,"key":"WingedGreaves"},{"floor":26,"key":"Molten Egg 2"},{"floor":30,"key":"Red Mask"}],"event_choices":[{"damage_healed":0,"gold_gain":0,"player_choice":"2 cards matched","damage_taken":0,"max_hp_gain":0,"max_hp_loss":0,"event_name":"Match and Keep!","floor":4,"gold_loss":0,"cards_obtained":["Neutralize","Panacea"]},{"cards_removed":["Strike_G"],"damage_healed":0,"gold_gain":0,"player_choice":"Elegance","damage_taken":0,"max_hp_gain":0,"max_hp_loss":0,"event_name":"Back to Basics","floor":20,"gold_loss":0},{"damage_healed":0,"gold_gain":0,"player_choice":"Bet on Murderer","damage_taken":0,"max_hp_gain":0,"max_hp_loss":0,"event_name":"The Joust","floor":22,"gold_loss":50},{"damage_healed":0,"gold_gain":0,"player_choice":"Read","damage_taken":0,"max_hp_gain":0,"max_hp_loss":0,"event_name":"The Library","floor":29,"gold_loss":0,"cards_obtained":["Poisoned Stab"]},{"damage_healed":0,"gold_gain":0,"player_choice":"Fought Bandits","damage_taken":0,"max_hp_gain":0,"max_hp_loss":0,"event_name":"Masked Bandits","floor":30,"gold_loss":0}],"is_beta":false,"boss_relics":[{"not_picked":["Eternal Feather","Empty Cage"],"picked":"WristBlade"}],"items_purged_floors":[],"is_endless":false,"potions_floor_spawned":[5,10,13,14,24,30],"killed_by":"Automaton","ascension_level":1}