{"gold_per_floor":[14,31,46,57,71,71,104,115,115,148,164,114,124,49,49,144,144,159,171,181,197,296,296,196,196,196,18,18,28,128,144,144,144],"floor_reached":33,"playtime":1601,"items_purged":["Strike_G","Strike_G","Strike_G"],"score":263,"play_id":"ccceefd9-a741-4819-9ca8-be40c7f74139","local_time":"20190125173239","is_ascension_mode":false,"campfire_choices":[{"data":"Poisoned Stab","floor":6,"key":"SMITH"},{"data":"Catalyst","floor":15,"key":"SMITH"},{"floor":23,"key":"REST"},{"data":"Writhe","floor":28,"key":"PURGE"},{"floor":32,"key":"REST"}],"neow_cost":"NO_GOLD","seed_source_timestamp":434079128597808,"circlet_count":0,"master_deck":["Defend_G","Defend_G","Defend_G","Defend_G","Defend_G","Strike_G","Strike_G","Survivor","Neutralize","Slice","Bane","Poisoned Stab+1","Backstab","Poisoned Stab","Catalyst+1","Poisoned Stab","Deadly Poison","Bane","Slice","Noxious Fumes+1","Backstab"],"relics":["Ring of the Snake","FossilizedHelix","Dodecahedron","Frozen Egg 2","Matryoshka","Velvet Choker","Question Card","Regal Pillow","Peace Pipe"],"potions_floor_usage":[19,20,21,21,33],"damage_taken":[{"damage":0,"enemies":"Small Slimes","floor":1,"turns":6},{"damage":0,"enemies":"Jaw Worm","floor":2,"turns":5},{"damage":0,"enemies":"Cultist","floor":3,"turns":4},{"damage":0,"enemies":"3 Louse","floor":4,"turns":4},{"damage":2,"enemies":"Large Slime","floor":5,"turns":6},{"damage":14,"enemies":"3 Sentries","floor":7,"turns":8},{"damage":0,"enemies":"Blue Slaver","floor":8,"turns":2},{"damage":10,"enemies":"Gremlin Nob","floor":10,"turns":4},{"damage":0,"enemies":"Exordium Thugs","floor":11,"turns":3},{"damage":0,"enemies":"Looter","floor":13,"turns":2},{"damage":42,"enemies":"The Guardian","floor":16,"turns":8},{"damage":0,"enemies":"3 Byrds","floor":18,"turns":5},{"damage":0,"enemies":"2 Thieves","floor":19,"turns":3},{"damage":18,"enemies":"Snecko","floor":20,"turns":7},{"damage":27,"enemies":"Shelled Parasite and Fungi","floor":21,"turns":6},{"damage":25,"enemies":"Cultist and Chosen","floor":29,"turns":5},{"damage":15,"enemies":"Centurion and Healer","floor":31,"turns":8},{"damage":42,"enemies":"Collector","floor":33,"turns":4}],"seed_played":"4636602121614553170","potions_obtained":[{"floor":3,"key":"AttackPotion"},{"floor":10,"key":"FearPotion"},{"floor":11,"key":"GhostInAJar"},{"floor":19,"key":"Swift Potion"},{"floor":31,"key":"SkillPotion"}],"is_trial":false,"path_per_floor":["M","M","M","M","M","R","E","M","T","E","M","?","M","$","R","B",null,"M","M","M","M","?","R","$","?","T","$","R","M","?","M","R","B"],"character_chosen":"THE_SILENT","items_purchased":["Slice"],"campfire_rested":2,"item_purchase_floors":[27],"current_hp_per_floor":[70,70,70,70,68,68,54,54,54,44,44,44,44,44,44,2,70,70,70,52,25,25,46,46,46,46,46,46,21,21,6,42,0],"gold":144,"neow_bonus":"ONE_RARE_RELIC","is_prod":false,"is_daily":false,"chose_seed":false,"campfire_upgraded":2,"win_rate":0.0,"timestamp":1548459159,"path_taken":["M","M","M","M","M","R","E","M","T","E","M","?","M","$","R","BOSS","M","M","M","M","?","R","$","?","T","$","R","M","?","?","R","BOSS"],"build_version":"2019-01-23","purchased_purges":3,"victory":false,"max_hp_per_floor":[70,70,70,70,70,70,70,70,70,70,70,70,70,70,70,70,70,70,70,70,70,70,70,70,70,70,70,70,70,70,70,70,70],"card_choices":[{"not_picked":["PiercingWail","Dagger Spray"],"picked":"Slice","floor":1},{"not_picked":["Deadly Poison","Dagger Spray"],"picked":"Bane","floor":2},{"not_picked":["Riddle With Holes","PiercingWail"],"picked":"Poisoned Stab","floor":3},{"not_picked":["Blade Dance","Doppelganger"],"picked":"Backstab","floor":4},{"not_picked":["Flying Knee","Backflip"],"picked":"Poisoned Stab","floor":5},{"not_picked":["Venomology","Cloak And Dagger"],"picked":"Catalyst","floor":7},{"not_picked":["Acrobatics","Dodge and Roll","Eviscerate"],"picked":"SKIP","floor":8},{"not_picked":["Dagger Throw","Terror"],"picked":"Poisoned Stab","floor":10},{"not_picked":["Dagger Spray","Underhanded Strike","Blade Dance"],"picked":"SKIP","floor":11},{"not_picked":["Backflip","Blade Dance","Riddle With Holes"],"picked":"SKIP","floor":13},{"not_picked":["Well Laid Plans+1","Blade Dance","Prepared"],"picked":"SKIP","floor":18},{"not_picked":["Blade Dance","Dagger Spray","Choke"],"picked":"SKIP","floor":19},{"not_picked":["Cloak And Dagger","Dash"],"picked":"Deadly Poison","floor":20},{"not_picked":["Dagger Spray+1","Poisoned Stab"],"picked":"Bane","floor":21},{"not_picked":["Flying Knee","Deflect","Dodge and Roll"],"picked":"Noxious Fumes+1","floor":29},{"not_picked":["Outmaneuver","Dash","Glass Knife"],"picked":"Backstab","floor":31}],"player_experience":178185,"relics_obtained":[{"floor":7,"key":"Dodecahedron"},{"floor":9,"key":"Frozen Egg 2"},{"floor":10,"key":"Matryoshka"},{"floor":26,"key":"Regal Pillow"},{"floor":26,"key":"Peace Pipe"}],"event_choices":[{"damage_healed":0,"gold_gain":0,"player_choice":"Left Gold","damage_taken":0,"max_hp_gain":0,"max_hp_loss":0,"event_name":"World of Goop","floor":12,"gold_loss":50},{"damage_healed":0,"gold_gain":99,"player_choice":"Stole From Cult","damage_taken":0,"max_hp_gain":0,"max_hp_loss":0,"event_name":"Nest","floor":22,"gold_loss":0},{"damage_healed":0,"gold_gain":0,"player_choice":"Opened","damage_taken":0,"relics_obtained":["Question Card"],"max_hp_gain":0,"max_hp_loss":0,"event_name":"The Mausoleum","floor":25,"gold_loss":0,"cards_obtained":["Writhe"]},{"damage_healed":0,"gold_gain":100,"player_choice":"Pray","damage_taken":0,"max_hp_gain":0,"max_hp_loss":0,"event_name":"Golden Shrine","floor":30,"gold_loss":0}],"is_beta":false,"boss_relics":[{"not_picked":["HoveringKite","Snecko Eye"],"picked":"Velvet Choker"}],"items_purged_floors":[14,24,27],"is_endless":false,"potions_floor_spawned":[3,10,11,19,31],"killed_by":"Collector","ascension_level":0}