{"gold_per_floor":[109,59,59,71,85,113,288,320,320,320,20,20,37,50,50,148,148,161,175,193,193,205,217,42,59,140,239,114,132,152,152,152,248,248,259,109,209,221,168,197,197,210,210,221,221,221,221,240,240,240],"floor_reached":51,"playtime":5726,"items_purged":["Regret","Pain","Decay","Strike_B"],"score":766,"play_id":"d32cc42e-0c45-4b6d-b583-fc01223edf88","local_time":"20190104185730","is_ascension_mode":false,"campfire_choices":[{"floor":10,"key":"REST"},{"floor":15,"key":"REST"},{"floor":32,"key":"REST"},{"data":"Amplify","floor":41,"key":"SMITH"},{"data":"Ghostly","floor":47,"key":"SMITH"},{"data":"Ghostly","floor":49,"key":"SMITH"}],"neow_cost":"TEN_PERCENT_HP_LOSS","seed_source_timestamp":591139382047090,"circlet_count":0,"master_deck":["Strike_B","Strike_B","Defend_B","Defend_B","Defend_B","Defend_B","Zap","Dualcast","Amplify+1","Beam Cell","White Noise+1","Glacier","Doubt","Buffer+1","Loop+1","Rebound","Conserve Battery","Creative AI+1","Double Energy","Cold Snap","Ball Lightning+1","Go for the Eyes+1","Seek","Conserve Battery+1","Storm+1","Chill","Ghostly+1","Ghostly+1","Ghostly","Ghostly","Ghostly","Echo Form+1","Capacitor+1","Stack","Stack","Parasite","White Noise+1","Panache+1","Conserve Battery+1"],"relics":["Cracked Core","Frozen Egg 2","Pear","PreservedInsect","Matryoshka","Happy Flower","WarpedTongs","Cursed Key","Regal Pillow","Letter Opener","Busted Crown","Incense Burner","Centennial Puzzle","Sundial","Question Card"],"potions_floor_usage":[6,16,20,25,30,48,50],"damage_taken":[{"damage":0,"enemies":"Small Slimes","floor":1,"turns":2},{"damage":16,"enemies":"Jaw Worm","floor":4,"turns":4},{"damage":2,"enemies":"2 Louse","floor":5,"turns":2},{"damage":16,"enemies":"3 Sentries","floor":6,"turns":7},{"damage":51,"enemies":"Gremlin Nob","floor":8,"turns":6},{"damage":18,"enemies":"Lots of Slimes","floor":13,"turns":5},{"damage":7,"enemies":"Blue Slaver","floor":14,"turns":4},{"damage":33,"enemies":"The Guardian","floor":16,"turns":13},{"damage":8,"enemies":"Shell Parasite","floor":18,"turns":9},{"damage":1,"enemies":"Spheric Guardian","floor":19,"turns":4},{"damage":17,"enemies":"Cultist and Chosen","floor":20,"turns":6},{"damage":24,"enemies":"Snecko","floor":22,"turns":7},{"damage":10,"enemies":"Snake Plant","floor":23,"turns":4},{"damage":0,"enemies":"Centurion and Healer","floor":25,"turns":8},{"damage":2,"enemies":"3 Cultists","floor":29,"turns":7},{"damage":12,"enemies":"Snake Plant","floor":30,"turns":4},{"damage":0,"enemies":"Automaton","floor":33,"turns":12},{"damage":9,"enemies":"3 Shapes","floor":35,"turns":3},{"damage":1,"enemies":"Mind Bloom Boss Battle","floor":37,"turns":7},{"damage":2,"enemies":"3 Darklings","floor":38,"turns":5},{"damage":0,"enemies":"Nemesis","floor":40,"turns":5},{"damage":2,"enemies":"Spire Growth","floor":42,"turns":7},{"damage":0,"enemies":"Maw","floor":44,"turns":8},{"damage":6,"enemies":"3 Darklings","floor":48,"turns":5},{"damage":22,"enemies":"Awakened One","floor":50,"turns":8}],"seed_played":"6759718271221576619","potions_obtained":[{"floor":4,"key":"Regen Potion"},{"floor":8,"key":"FearPotion"},{"floor":14,"key":"Regen Potion"},{"floor":16,"key":"PowerPotion"},{"floor":22,"key":"Strength Potion"},{"floor":25,"key":"Ancient Potion"},{"floor":29,"key":"Swift Potion"},{"floor":33,"key":"Weak Potion"},{"floor":42,"key":"FocusPotion"},{"floor":44,"key":"Regen Potion"}],"is_trial":false,"path_per_floor":["M","?","?","M","M","E","?","E","T","R","$","?","M","M","R","B",null,"M","M","M","?","M","M","$","M","T","?","$","M","M","?","R","B",null,"M","$","?","M","$","E","R","M","T","M","?","?","R","M","R","B",null],"character_chosen":"DEFECT","items_purchased":["Loop+1","Happy Flower","Regen Potion","Stack"],"campfire_rested":3,"item_purchase_floors":[11,11,24,39],"current_hp_per_floor":[68,68,68,52,50,59,59,8,8,31,31,31,13,6,29,11,78,70,69,52,52,28,18,18,33,33,33,33,31,19,19,39,39,39,30,30,29,27,27,27,27,25,25,25,25,25,25,33,33,11],"gold":240,"neow_bonus":"THREE_RARE_CARDS","is_prod":false,"is_daily":false,"chose_seed":false,"campfire_upgraded":3,"win_rate":0.0,"timestamp":1546646250,"path_taken":["M","?","?","M","M","E","?","E","T","R","$","?","M","?","R","BOSS","M","M","M","?","M","?","$","M","T","?","?","?","M","?","R","BOSS","M","$","?","M","$","E","R","M","T","M","?","?","R","M","R","BOSS"],"build_version":"2019-01-03v4","purchased_purges":4,"victory":true,"max_hp_per_floor":[68,68,68,68,68,78,78,78,78,78,78,78,78,78,78,78,78,78,78,78,78,78,78,78,78,78,78,78,78,78,39,39,39,39,39,39,39,39,39,39,39,39,39,39,39,39,39,39,39,39],"card_choices":[{"not_picked":["Biased Cognition","Seek"],"picked":"Amplify","floor":0},{"not_picked":["Streamline","Coolheaded"],"picked":"Gash","floor":1},{"not_picked":["Chill","Thunder Strike"],"picked":"Beam Cell","floor":4},{"not_picked":["Leap","Conserve Battery"],"picked":"White Noise","floor":5},{"not_picked":["Steam","Darkness"],"picked":"Glacier","floor":6},{"not_picked":["Self Repair+1","Coolheaded"],"picked":"Buffer+1","floor":8},{"not_picked":["Tempest","Redo"],"picked":"Rebound","floor":13},{"not_picked":["Hologram","Go for the Eyes"],"picked":"Conserve Battery","floor":14},{"not_picked":["Thunder Strike","Biased Cognition+1"],"picked":"Creative AI+1","floor":16},{"not_picked":["Beam Cell","Compile Driver"],"picked":"Double Energy","floor":18},{"not_picked":["Streamline","Blizzard"],"picked":"Cold Snap","floor":19},{"not_picked":["Streamline","Lockon"],"picked":"Ball Lightning+1","floor":20},{"not_picked":["Beam Cell","Steam"],"picked":"Go for the Eyes+1","floor":22},{"not_picked":["Rebound","Hologram"],"picked":"Seek","floor":23},{"not_picked":["Static Discharge+1","Ball Lightning"],"picked":"Conserve Battery+1","floor":25},{"not_picked":["Steam","Cold Snap"],"picked":"Storm+1","floor":29},{"not_picked":["Barrage","Rainbow"],"picked":"Chill","floor":30},{"not_picked":["Amplify","Seek"],"picked":"Echo Form+1","floor":33},{"not_picked":["Beam Cell+1"],"picked":"SKIP","floor":35},{"not_picked":[],"picked":"Capacitor+1","floor":37},{"not_picked":["Barrage+1"],"picked":"SKIP","floor":38},{"not_picked":["Rebound+1"],"picked":"SKIP","floor":40},{"not_picked":[],"picked":"Stack","floor":42},{"not_picked":["Compile Driver"],"picked":"White Noise+1","floor":44},{"not_picked":["Good Instincts"],"picked":"Panache+1","floor":45},{"not_picked":["Go for the Eyes"],"picked":"Conserve Battery+1","floor":48}],"player_experience":9902,"relics_obtained":[{"floor":6,"key":"Pear"},{"floor":8,"key":"PreservedInsect"},{"floor":9,"key":"Matryoshka"},{"floor":26,"key":"Regal Pillow"},{"floor":26,"key":"Letter Opener"},{"floor":37,"key":"Incense Burner"},{"floor":40,"key":"Centennial Puzzle"},{"floor":43,"key":"Sundial"},{"floor":43,"key":"Question Card"}],"event_choices":[{"cards_removed":["Strike_B"],"damage_healed":0,"gold_gain":0,"player_choice":"Card Removal","damage_taken":0,"max_hp_gain":0,"max_hp_loss":0,"event_name":"The Cleric","floor":2,"gold_loss":50},{"damage_healed":0,"gold_gain":0,"player_choice":"Box","damage_taken":0,"relics_obtained":["Frozen Egg 2"],"max_hp_gain":0,"max_hp_loss":0,"event_name":"Big Fish","floor":3,"gold_loss":0,"cards_obtained":["Regret"]},{"damage_healed":0,"gold_gain":175,"player_choice":"AGREE","damage_taken":0,"max_hp_gain":0,"max_hp_loss":0,"event_name":"Liars Game","floor":7,"gold_loss":0,"cards_obtained":["Doubt"]},{"damage_healed":0,"gold_gain":0,"player_choice":"Rummage","damage_taken":0,"relics_obtained":["WarpedTongs"],"max_hp_gain":0,"max_hp_loss":0,"event_name":"Accursed Blacksmith","floor":12,"gold_loss":0,"cards_obtained":["Pain"]},{"damage_healed":0,"gold_gain":0,"player_choice":"Upgraded","damage_taken":0,"max_hp_gain":0,"max_hp_loss":0,"event_name":"Upgrade Shrine","floor":21,"gold_loss":0,"cards_upgraded":["White Noise"]},{"damage_healed":0,"gold_gain":99,"player_choice":"Stole From Cult","damage_taken":0,"max_hp_gain":0,"max_hp_loss":0,"event_name":"Nest","floor":27,"gold_loss":0},{"damage_healed":0,"gold_gain":0,"player_choice":"Became a Ghost","damage_taken":0,"max_hp_gain":0,"max_hp_loss":39,"event_name":"Ghosts","floor":31,"gold_loss":0,"cards_obtained":["Ghostly","Ghostly","Ghostly","Ghostly","Ghostly"]},{"damage_healed":0,"gold_gain":0,"player_choice":"Fight","damage_taken":0,"max_hp_gain":0,"max_hp_loss":0,"event_name":"MindBloom","floor":37,"gold_loss":0},{"damage_healed":0,"gold_gain":0,"player_choice":"Memory 1","damage_taken":0,"max_hp_gain":0,"max_hp_loss":0,"event_name":"SensoryStone","floor":45,"gold_loss":0},{"cards_removed":["Gash"],"damage_healed":0,"gold_gain":0,"player_choice":"Removed Attack","damage_taken":0,"max_hp_gain":0,"max_hp_loss":0,"event_name":"Falling","floor":46,"gold_loss":0}],"is_beta":false,"boss_relics":[{"not_picked":["Philosopher\u0027s Stone","Lizard Tail"],"picked":"Cursed Key"},{"not_picked":["Nuclear Battery","Inserter"],"picked":"Busted Crown"}],"items_purged_floors":[11,24,28,36],"is_endless":false,"potions_floor_spawned":[4,8,14,16,22,25,29,33,40,42,44],"ascension_level":0}