{"gold_per_floor":[116,133,133,42,58,58,1,32,55,55,55,72,91,91,91,184,184,163,163],"floor_reached":19,"playtime":1267,"items_purged":[],"score":317,"play_id":"5179fe11-3079-46b8-aa68-7c35d75044bb","local_time":"20190109221705","is_ascension_mode":true,"campfire_choices":[{"data":"Rampage","floor":6,"key":"SMITH"},{"data":"Flex","floor":10,"key":"SMITH"},{"floor":15,"key":"REST"}],"neow_cost":"NONE","seed_source_timestamp":2845622987317772,"circlet_count":0,"master_deck":["AscendersBane","Strike_R","Strike_R","Strike_R","Strike_R","Strike_R","Defend_R","Defend_R","Defend_R","Defend_R","Bash","Rampage+1","Panacea","Shrug It Off","Flex+1","Metallicize","Injury","Demon Form"],"relics":["Burning Blood","PreservedInsect","Lantern","GremlinMask","Golden Idol","Velvet Choker"],"potions_floor_usage":[16,19],"damage_taken":[{"damage":9,"enemies":"2 Louse","floor":1,"turns":3},{"damage":1,"enemies":"Cultist","floor":2,"turns":3},{"damage":12,"enemies":"Small Slimes","floor":5,"turns":5},{"damage":40,"enemies":"Gremlin Nob","floor":8,"turns":5},{"damage":7,"enemies":"Exordium Wildlife","floor":12,"turns":6},{"damage":19,"enemies":"Red Slaver","floor":13,"turns":5},{"damage":27,"enemies":"Hexaghost","floor":16,"turns":7},{"damage":31,"enemies":"2 Thieves","floor":18,"turns":4},{"damage":45,"enemies":"3 Byrds","floor":19,"turns":5}],"seed_played":"-6705271052300350499","potions_obtained":[{"floor":1,"key":"FearPotion"},{"floor":12,"key":"Ancient Potion"},{"floor":16,"key":"PowerPotion"}],"is_trial":false,"path_per_floor":["M","M","?","$","M","R","$","E","T","R","?","M","M","?","R","B",null,"M","M"],"character_chosen":"IRONCLAD","items_purchased":["Panacea","PowerPotion"],"campfire_rested":1,"item_purchase_floors":[4,7],"current_hp_per_floor":[72,77,77,77,71,71,71,37,37,37,37,36,23,23,47,26,68,43,0],"gold":163,"neow_bonus":"TEN_PERCENT_HP_BONUS","is_prod":false,"is_daily":false,"chose_seed":false,"campfire_upgraded":2,"win_rate":0,"timestamp":1547068625,"path_taken":["M","M","?","$","M","R","$","E","T","R","?","?","M","?","R","BOSS","M","M"],"build_version":"2019-01-03v4","purchased_purges":0,"victory":false,"max_hp_per_floor":[82,82,82,82,82,82,82,82,82,82,82,82,82,82,82,82,82,82,82],"card_choices":[{"not_picked":["Sever Soul","Wild Strike"],"picked":"Rampage","floor":1},{"not_picked":["Blood for Blood","Anger","Rupture"],"picked":"SKIP","floor":2},{"not_picked":["Hemokinesis","Burning Pact"],"picked":"Shrug It Off","floor":5},{"not_picked":["Clothesline","Wild Strike"],"picked":"Flex","floor":8},{"not_picked":["Perfected Strike","Seeing Red"],"picked":"Metallicize","floor":12},{"not_picked":["Havoc","Sentinel","Double Tap"],"picked":"SKIP","floor":13},{"not_picked":["Reaper","Offering"],"picked":"Demon Form","floor":16},{"not_picked":["Thunderclap+1","True Grit","Intimidate"],"picked":"SKIP","floor":18}],"player_experience":702794,"relics_obtained":[{"floor":8,"key":"PreservedInsect"},{"floor":9,"key":"Lantern"}],"event_choices":[{"damage_healed":0,"gold_gain":0,"player_choice":"Leave","damage_taken":0,"max_hp_gain":0,"max_hp_loss":0,"event_name":"The Cleric","floor":3,"gold_loss":0},{"damage_healed":0,"gold_gain":0,"player_choice":"Trade","damage_taken":0,"relics_obtained":["GremlinMask"],"max_hp_gain":0,"max_hp_loss":0,"event_name":"FaceTrader","floor":11,"gold_loss":0},{"damage_healed":0,"gold_gain":0,"player_choice":"Take Wound","damage_taken":0,"relics_obtained":["Golden Idol"],"max_hp_gain":0,"max_hp_loss":0,"event_name":"Golden Idol","floor":14,"gold_loss":0,"cards_obtained":["Injury"]}],"is_beta":false,"boss_relics":[{"not_picked":["Ectoplasm","Calling Bell"],"picked":"Velvet Choker"}],"items_purged_floors":[],"is_endless":false,"potions_floor_spawned":[1,12,13,16,18],"killed_by":"3 Byrds","ascension_level":18}