{"gold_per_floor":[16,16,16,16,36,36,47,59,59,79,98,112,212,212,212,212],"floor_reached":16,"playtime":694,"items_purged":[],"score":94,"play_id":"86e01245-6232-434c-af30-5f304db60774","local_time":"20180623133049","is_ascension_mode":false,"campfire_choices":[{"data":"Redo","floor":6,"key":"SMITH"},{"floor":15,"key":"REST"}],"neow_cost":"NO_GOLD","seed_source_timestamp":10336693753693,"circlet_count":0,"master_deck":["Strike_B","Strike_B","Strike_B","Defend_B+1","Defend_B","Defend_B","Defend_B","Zap","Amplify+1","Gash","Conserve Battery","Redo+1","Tempest","Genetic Algorithm","Stack","Streamline","Chaos"],"relics":["Cracked Core","Calipers"],"potions_floor_usage":[16],"damage_taken":[{"damage":0,"enemies":"Small Slimes","floor":1,"turns":4},{"damage":0,"enemies":"2 Louse","floor":5,"turns":4},{"damage":0,"enemies":"Cultist","floor":7,"turns":3},{"damage":2,"enemies":"3 Louse","floor":8,"turns":3},{"damage":7,"enemies":"Blue Slaver","floor":10,"turns":3},{"damage":6,"enemies":"Exordium Wildlife","floor":11,"turns":5},{"damage":14,"enemies":"Gremlin Gang","floor":12,"turns":6},{"damage":54,"enemies":"The Guardian","floor":16,"turns":13}],"seed_played":"7787058413432134165","potions_obtained":[{"floor":1,"key":"Swift Potion"},{"floor":7,"key":"GamblersBrew"},{"floor":10,"key":"SpeedPotion"}],"is_trial":false,"path_per_floor":["M","?","$","?","M","R","M","M","T","M","M","M","?","?","R"],"character_chosen":"DEFECT","items_purchased":[],"campfire_rested":1,"item_purchase_floors":[],"current_hp_per_floor":[75,60,60,60,60,60,60,58,58,51,45,31,31,31,53,0],"gold":212,"neow_bonus":"TRANSFORM_TWO_CARDS","is_prod":false,"is_daily":false,"chose_seed":false,"campfire_upgraded":1,"win_rate":0.0,"timestamp":1529753449,"path_taken":["M","?","?","?","M","R","M","?","T","M","M","M","?","?","R","BOSS"],"build_version":"2018-06-21v2","purchased_purges":0,"victory":false,"max_hp_per_floor":[75,75,75,75,75,75,75,75,75,75,75,75,75,75,75,75],"card_choices":[{"not_picked":["Loop","Redo"],"picked":"Conserve Battery","floor":1},{"not_picked":["Storm","Rebound"],"picked":"Redo","floor":5},{"not_picked":["Hello World","Undo"],"picked":"Tempest","floor":7},{"not_picked":["Leap","Force Field"],"picked":"Genetic Algorithm","floor":8},{"not_picked":["Gash","Compile Driver"],"picked":"Stack","floor":10},{"not_picked":["Conserve Battery","Go for the Eyes"],"picked":"Streamline","floor":11},{"not_picked":["Sweeping Beam","Stack"],"picked":"Chaos","floor":12}],"player_experience":23904,"relics_obtained":[{"floor":9,"key":"Calipers"}],"event_choices":[{"event_name":"Shining Light","player_choice":"Entered Light","floor":2,"damage_taken":0},{"event_name":"The Cleric","player_choice":"Leave","floor":4,"damage_taken":0},{"event_name":"Wheel of Change","player_choice":"Gold","floor":13,"damage_taken":0},{"event_name":"Liars Game","player_choice":"disagreed","floor":14,"damage_taken":0}],"boss_relics":[],"items_purged_floors":[],"is_endless":false,"potions_floor_spawned":[1,7,10,11],"killed_by":"The Guardian","ascension_level":0}