{"gold_per_floor":[112,132,187,198,209,209,2,2,2,29,29,29,64,119,119,219,219,239,239,42,42,61,61,86,98,110,122,59,83,124,154,166,283,295,317,329,249,260,278,306,306,334,334,334,354,174,174,209,209,209,209,209,8,39,39],"floor_reached":56,"playtime":2525,"items_purged":["Strike_G","Strike_G","Strike_G"],"score":1404,"play_id":"6dc563cf-7e00-4be4-8cf4-6e12896b2b5d","local_time":"20190118172846","is_ascension_mode":true,"campfire_choices":[{"data":"Neutralize","floor":6.0,"key":"SMITH"},{"data":"Poisoned Stab","floor":8.0,"key":"SMITH"},{"data":"Envenom","floor":11.0,"key":"SMITH"},{"floor":15.0,"key":"REST"},{"floor":23.0,"key":"REST"},{"floor":25.0,"key":"REST"},{"data":"Prepared","floor":27.0,"key":"SMITH"},{"floor":32.0,"key":"REST"},{"floor":41.0,"key":"RECALL"},{"data":"1","floor":44.0,"key":"LIFT"},{"data":"2","floor":47.0,"key":"LIFT"},{"floor":49.0,"key":"REST"},{"data":"3","floor":52.0,"key":"LIFT"}],"neow_cost":"NONE","seed_source_timestamp":161335180423700,"circlet_count":0,"master_deck":["Defend_G","Defend_G","Defend_G","Defend_G","Defend_G","Strike_G","Survivor","Neutralize+1","Acrobatics","Poisoned Stab+1","Crippling Poison","Prepared+1","Envenom+1","Crippling Poison+1","Corpse Explosion","Deadly Poison","Envenom+1","Noxious Fumes+1","Footwork+1","Crippling Poison+1","Footwork+1","Backstab","Burst+1","Infinite Blades+1","Catalyst+1","Acrobatics+1","Prepared+1","Catalyst+1","Prepared+1","Escape Plan+1","Backflip+1","Well Laid Plans+1","Deadly Poison+1","Escape Plan+1"],"special_seed":0,"relics":["Ring of the Snake","Vajra","Membership Card","Snake Skull","Du-Vu Doll","Tiny Chest","Snecko Eye","Frozen Egg 2","Toxic Egg 2","MawBank","Centennial Puzzle","Mummified Hand","Sozu","Juzu Bracelet","Girya","Mercury Hourglass","Medical Kit","Anchor","Bronze Scales","Bottled Lightning","Strawberry"],"potions_floor_usage":[],"damage_taken":[{"damage":1.0,"enemies":"Cultist","floor":1.0,"turns":5.0},{"damage":0.0,"enemies":"Jaw Worm","floor":2.0,"turns":3.0},{"damage":4.0,"enemies":"Small Slimes","floor":4.0,"turns":4.0},{"damage":1.0,"enemies":"Blue Slaver","floor":5.0,"turns":5.0},{"damage":33.0,"enemies":"3 Sentries","floor":10.0,"turns":11.0},{"damage":16.0,"enemies":"Gremlin Nob","floor":13.0,"turns":4.0},{"damage":31.0,"enemies":"Slime Boss","floor":16.0,"turns":11.0},{"damage":0.0,"enemies":"Spheric Guardian","floor":18.0,"turns":3.0},{"damage":43.0,"enemies":"2 Thieves","floor":22.0,"turns":5.0},{"damage":25.0,"enemies":"Book of Stabbing","floor":24.0,"turns":5.0},{"damage":9.0,"enemies":"Cultist and Chosen","floor":29.0,"turns":4.0},{"damage":14.0,"enemies":"Gremlin Leader","floor":30.0,"turns":4.0},{"damage":7.0,"enemies":"Snecko","floor":31.0,"turns":4.0},{"damage":28.0,"enemies":"Automaton","floor":33.0,"turns":9.0},{"damage":8.0,"enemies":"3 Darklings","floor":35.0,"turns":3.0},{"damage":13.0,"enemies":"3 Shapes","floor":38.0,"turns":2.0},{"damage":0.0,"enemies":"Jaw Worm Horde","floor":39.0,"turns":2.0},{"damage":0.0,"enemies":"Giant Head","floor":40.0,"turns":3.0},{"damage":10.0,"enemies":"Reptomancer","floor":42.0,"turns":2.0},{"damage":10.0,"enemies":"Spire Growth","floor":45.0,"turns":2.0},{"damage":33.0,"enemies":"Nemesis","floor":48.0,"turns":3.0},{"damage":12.0,"enemies":"Donu and Deca","floor":50.0,"turns":4.0},{"damage":1.0,"enemies":"Shield and Spear","floor":54.0,"turns":4.0},{"damage":55,"enemies":"The Heart","floor":55,"turns":5}],"seed_played":"4763199030513273170","potions_obtained":[{"floor":2.0,"key":"Fire Potion"},{"floor":5.0,"key":"GamblersBrew"},{"floor":10.0,"key":"Fruit Juice"},{"floor":22.0,"key":"PowerPotion"},{"floor":33.0,"key":"Swift Potion"}],"is_trial":false,"path_per_floor":["M","M","T","M","M","R","$","R","T","E","R","?","E","T","R","B",null,"M","?","$","T","M","R","E","R","T","R","?","M","E","M","R","B",null,"M","?","$","M","M","E","R","E","T","R","M","$","R","E","R","B",null,"R","$","E","B",null],"character_chosen":"THE_SILENT","items_purchased":["Membership Card","Frozen Egg 2","Noxious Fumes+1","Catalyst+1","Acrobatics+1","Medical Kit","Well Laid Plans+1","Bronze Scales","Bottled Lightning"],"campfire_rested":5,"item_purchase_floors":[7,20,20,37,37,46,46,53,53],"current_hp_per_floor":[69,69,69,65,64,64,64,64,64,31,31,31,15,15,36,5,70,70,70,70,70,27,48,23,44,44,44,44,35,21,14,35,12,75,67,67,67,54,54,54,54,44,44,44,34,34,34,1,23,11,75,75,75,81,26],"gold":39,"neow_bonus":"THREE_CARDS","is_prod":false,"is_daily":false,"chose_seed":false,"campfire_upgraded":4,"win_rate":0,"timestamp":1547832526,"path_taken":["M","M","?","M","M","R","?","R","T","E","R","?","E","?","R","BOSS","M","?","$","?","?","R","E","R","T","R","?","M","E","M","R","BOSS","M","?","$","M","M","E","R","E","T","R","M","$","R","E","R","BOSS","R","$","E","BOSS"],"build_version":"2019-01-17v2","purchased_purges":3,"victory":true,"max_hp_per_floor":[70,70,70,70,70,70,70,70,70,70,70,70,70,70,70,70,70,70,70,70,70,70,70,70,70,70,70,70,70,70,70,70,75,75,75,75,75,75,75,75,75,75,75,75,75,75,75,75,75,75,75,75,75,82,82],"card_choices":[{"not_picked":["Blur","Finisher"],"picked":"Acrobatics","floor":0.0},{"not_picked":["Backflip","Cloak And Dagger"],"picked":"Poisoned Stab","floor":1.0},{"not_picked":["PiercingWail","Eviscerate","Dagger Throw"],"picked":"SKIP","floor":2.0},{"not_picked":["Slice","Poisoned Stab"],"picked":"Crippling Poison","floor":4.0},{"not_picked":["Outmaneuver","Venomology"],"picked":"Prepared","floor":5.0},{"not_picked":["Slice","Poisoned Stab"],"picked":"Envenom","floor":10.0},{"not_picked":["Slice","Distraction"],"picked":"Crippling Poison","floor":13.0},{"not_picked":["A Thousand Cuts","Bullet Time"],"picked":"Corpse Explosion","floor":16.0},{"not_picked":["Heel Hook","Tactician"],"picked":"Deadly Poison","floor":18.0},{"not_picked":["Dagger Throw","Dagger Spray+1"],"picked":"Footwork+1","floor":22.0},{"not_picked":["Choke","Outmaneuver+1"],"picked":"Crippling Poison+1","floor":24.0},{"not_picked":["Backflip+1","Outmaneuver+1"],"picked":"Footwork+1","floor":29.0},{"not_picked":["Sucker Punch","Distraction+1"],"picked":"Backstab","floor":30.0},{"not_picked":["Outmaneuver+1","Bane","Endless Agony+1"],"picked":"SKIP","floor":31.0},{"not_picked":["Die Die Die","Tools of the Trade+1"],"picked":"Burst+1","floor":33.0},{"not_picked":["Riddle With Holes","Finisher"],"picked":"Infinite Blades+1","floor":35.0},{"not_picked":["Dagger Spray","Endless Agony"],"picked":"Prepared+1","floor":38.0},{"not_picked":["Dagger Spray","Quick Slash+1"],"picked":"Catalyst+1","floor":39.0},{"not_picked":["Deflect+1","A Thousand Cuts+1"],"picked":"Prepared+1","floor":40.0},{"not_picked":["Blade Dance+1","Backflip+1"],"picked":"Escape Plan+1","floor":42.0},{"not_picked":["Distraction+1","Reflex+1"],"picked":"Backflip+1","floor":45.0},{"not_picked":["Escape Plan+1","Sucker Punch"],"picked":"Deadly Poison+1","floor":48.0},{"not_picked":["Reflex+1","Tactician+1"],"picked":"Escape Plan+1","floor":54.0}],"player_experience":118405,"relics_obtained":[{"floor":3.0,"key":"Vajra"},{"floor":10.0,"key":"Snake Skull"},{"floor":13.0,"key":"Du-Vu Doll"},{"floor":14.0,"key":"Tiny Chest"},{"floor":21.0,"key":"Toxic Egg 2"},{"floor":24.0,"key":"MawBank"},{"floor":26.0,"key":"Centennial Puzzle"},{"floor":30.0,"key":"Mummified Hand"},{"floor":40.0,"key":"Juzu Bracelet"},{"floor":42.0,"key":"Girya"},{"floor":43.0,"key":"Mercury Hourglass"},{"floor":48.0,"key":"Anchor"},{"floor":54.0,"key":"Strawberry"}],"event_choices":[{"damage_healed":0.0,"max_hp_gain":0.0,"max_hp_loss":0.0,"gold_gain":0.0,"event_name":"The Cleric","player_choice":"Leave","floor":12.0,"gold_loss":0.0,"damage_taken":0.0},{"damage_healed":0.0,"max_hp_gain":0.0,"max_hp_loss":0.0,"gold_gain":0.0,"event_name":"Duplicator","player_choice":"Copied","floor":19.0,"gold_loss":0.0,"damage_taken":0.0,"cards_obtained":["Envenom"]},{"cards_removed":["Strike_G"],"damage_healed":0.0,"max_hp_gain":0.0,"max_hp_loss":0.0,"gold_gain":0.0,"event_name":"Beggar","player_choice":"Gave Gold","floor":28.0,"gold_loss":75.0,"damage_taken":0.0},{"damage_healed":0.0,"max_hp_gain":0.0,"max_hp_loss":0.0,"gold_gain":0.0,"event_name":"Upgrade Shrine","player_choice":"Upgraded","floor":36.0,"gold_loss":0.0,"damage_taken":0.0,"cards_upgraded":["Crippling Poison"]}],"is_beta":false,"boss_relics":[{"not_picked":["Calling Bell","Cursed Key"],"picked":"Snecko Eye"},{"not_picked":["WristBlade","Fusion Hammer"],"picked":"Sozu"}],"items_purged_floors":[20,37,46],"is_endless":false,"potions_floor_spawned":[2,5,10,22,29,33,45],"ascension_level":2}