{"gold_per_floor":[115,115,115,36,49,49,63,99,99,122,161,182,182,207,207,331,331,356,242,242,237,186,186,209,189,240,140,180,180,196,215,215,339,339,358,373,291,251,269,269,282,306,306,306,325,361,361,380,380,380],"floor_reached":51,"playtime":2651,"items_purged":["Injury","Strike_G"],"score":736,"play_id":"fcb9642f-75bc-4ac0-9e2b-053afaadae38","local_time":"20181219191744","is_ascension_mode":false,"campfire_choices":[{"data":"Noxious Fumes","floor":6,"key":"SMITH"},{"floor":15,"key":"REST"},{"data":"Noxious Fumes","floor":23,"key":"SMITH"},{"floor":29,"key":"REST"},{"data":"Catalyst","floor":32,"key":"SMITH"},{"floor":40,"key":"REST"},{"floor":44,"key":"REST"},{"floor":47,"key":"REST"},{"floor":49,"key":"REST"}],"neow_cost":"NONE","seed_source_timestamp":459683468610410,"circlet_count":0,"master_deck":["Defend_G","Defend_G","Defend_G","Defend_G+1","Defend_G","Strike_G","Strike_G+1","Survivor","Neutralize","Noxious Fumes+1","Crippling Poison+1","Catalyst+1","Bane+1","Prepared","PiercingWail","Deadly Poison","Footwork","PiercingWail","Night Terror","Deflect+1","Noxious Fumes+1","Catalyst+1","Noxious Fumes+1","Bullet Time","Catalyst+1","Bandage Up"],"relics":["Ring of the Snake","Golden Idol","Ancient Tea Set","Darkstone Periapt","Paper Crane","Runic Pyramid","MutagenicStrength","Mummified Hand","Whetstone","Art of War","Empty Cage","Tingsha","Orichalcum"],"potions_floor_usage":[8,11,16,30,35,42,46,50,50],"damage_taken":[{"damage":3,"enemies":"2 Louse","floor":1,"turns":3},{"damage":0,"enemies":"Small Slimes","floor":5,"turns":2},{"damage":1,"enemies":"Cultist","floor":7,"turns":4},{"damage":27,"enemies":"3 Sentries","floor":8,"turns":10},{"damage":9,"enemies":"3 Louse","floor":10,"turns":3},{"damage":10,"enemies":"Lagavulin","floor":11,"turns":5},{"damage":1,"enemies":"Exordium Thugs","floor":12,"turns":4},{"damage":3,"enemies":"Looter","floor":14,"turns":3},{"damage":14,"enemies":"Hexaghost","floor":16,"turns":11},{"damage":3,"enemies":"Shell Parasite","floor":18,"turns":6},{"damage":4,"enemies":"2 Thieves","floor":21,"turns":4},{"damage":0,"enemies":"Snake Plant","floor":24,"turns":3},{"damage":11,"enemies":"Book of Stabbing","floor":28,"turns":4},{"damage":0,"enemies":"Chosen and Byrds","floor":30,"turns":4},{"damage":0,"enemies":"Cultist and Chosen","floor":31,"turns":4},{"damage":4,"enemies":"Champ","floor":33,"turns":3},{"damage":4,"enemies":"3 Darklings","floor":35,"turns":5},{"damage":9,"enemies":"3 Shapes","floor":36,"turns":3},{"damage":0,"enemies":"Sphere and 2 Shapes","floor":39,"turns":3},{"damage":24,"enemies":"4 Shapes","floor":41,"turns":6},{"damage":21,"enemies":"Jaw Worm Horde","floor":42,"turns":5},{"damage":16,"enemies":"Spire Growth","floor":45,"turns":3},{"damage":8,"enemies":"Nemesis","floor":46,"turns":5},{"damage":11,"enemies":"Sphere and 2 Shapes","floor":48,"turns":4},{"damage":41,"enemies":"Donu and Deca","floor":50,"turns":7}],"seed_played":"270933806837999898","potions_obtained":[{"floor":1,"key":"PowerPotion"},{"floor":5,"key":"Explosive Potion"},{"floor":10,"key":"Ancient Potion"},{"floor":14,"key":"Strength Potion"},{"floor":18,"key":"Regen Potion"},{"floor":25,"key":"AttackPotion"},{"floor":30,"key":"GamblersBrew"},{"floor":33,"key":"GhostInAJar"},{"floor":41,"key":"Dexterity Potion"},{"floor":42,"key":"Fire Potion"}],"is_trial":false,"path_per_floor":["M","?","?","$","M","R","M","E","T","M","E","M","?","M","R","B",null,"M","$","?","M","?","R","M","?","T","$","E","R","M","M","R","B",null,"M","M","$","?","M","R","M","M","T","R","M","E","R","M","R","B",null],"character_chosen":"THE_SILENT","items_purchased":["Catalyst","Noxious Fumes","Bandage Up"],"campfire_rested":6,"item_purchase_floors":[4,19,37],"current_hp_per_floor":[67,67,53,53,53,53,52,25,25,16,6,5,5,2,23,9,70,67,67,67,63,63,63,63,63,63,63,52,70,70,70,70,66,70,66,57,57,57,57,70,50,48,48,69,54,50,70,63,70,33],"gold":380,"neow_bonus":"THREE_CARDS","is_prod":false,"is_daily":false,"chose_seed":false,"campfire_upgraded":3,"win_rate":0,"timestamp":1545243464,"path_taken":["M","?","?","$","M","R","M","E","T","M","E","M","?","M","R","BOSS","M","$","?","M","?","R","?","?","T","?","E","R","M","M","R","BOSS","M","M","$","?","M","R","M","M","T","R","?","E","R","?","R","BOSS"],"build_version":"2018-12-13","purchased_purges":2,"victory":true,"max_hp_per_floor":[70,70,70,70,70,70,70,70,70,70,70,70,70,70,70,70,70,70,70,70,70,70,70,70,70,70,70,70,70,70,70,70,70,70,70,70,70,70,70,70,70,70,70,70,70,70,70,70,70,70],"card_choices":[{"not_picked":["Distraction","Eviscerate"],"picked":"Noxious Fumes","floor":0},{"not_picked":["Prepared","Acrobatics"],"picked":"Crippling Poison","floor":1},{"not_picked":["Skewer","Flechettes","Blade Dance"],"picked":"SKIP","floor":5},{"not_picked":["Dash","Dagger Throw"],"picked":"Bane","floor":7},{"not_picked":["Slice","Accuracy"],"picked":"Prepared","floor":8},{"not_picked":["Blade Dance","Dagger Spray"],"picked":"PiercingWail","floor":10},{"not_picked":["Adrenaline","Backstab"],"picked":"Deadly Poison","floor":11},{"not_picked":["Sucker Punch","Dagger Spray"],"picked":"Footwork","floor":12},{"not_picked":["Bane","Prepared"],"picked":"PiercingWail","floor":14},{"not_picked":["A Thousand Cuts","Phantasmal Killer"],"picked":"Night Terror","floor":16},{"not_picked":["Underhanded Strike","Deadly Poison"],"picked":"Deflect+1","floor":18},{"not_picked":["Deflect","Quick Slash"],"picked":"Catalyst+1","floor":21},{"not_picked":["Poisoned Stab+1","Blade Dance"],"picked":"Noxious Fumes","floor":24},{"not_picked":["Infinite Blades","All Out Attack"],"picked":"Bullet Time","floor":28},{"not_picked":["Underhanded Strike","Crippling Poison","Cloak And Dagger+1"],"picked":"SKIP","floor":30},{"not_picked":["Dodge and Roll","Deadly Poison"],"picked":"Catalyst","floor":31},{"not_picked":["Deflect","Quick Slash+1","Infinite Blades"],"picked":"SKIP","floor":35},{"not_picked":["Slice","Prepared+1","Skewer"],"picked":"SKIP","floor":36},{"not_picked":["Slice","Poisoned Stab+1","Skewer+1"],"picked":"SKIP","floor":39},{"not_picked":["Blade Dance+1","Quick Slash","Slice+1"],"picked":"SKIP","floor":41},{"not_picked":["Masterful Stab+1","Choke","Dash"],"picked":"SKIP","floor":42},{"not_picked":["Dodge and Roll+1","Outmaneuver","Quick Slash+1"],"picked":"SKIP","floor":45},{"not_picked":["Dagger Spray+1","Dodge and Roll","Well Laid Plans+1"],"picked":"SKIP","floor":46},{"not_picked":["Sucker Punch","Dodge and Roll+1","Predator"],"picked":"SKIP","floor":48}],"player_experience":200901,"relics_obtained":[{"floor":8,"key":"Ancient Tea Set"},{"floor":9,"key":"Darkstone Periapt"},{"floor":11,"key":"Paper Crane"},{"floor":26,"key":"Whetstone"},{"floor":28,"key":"Art of War"},{"floor":43,"key":"Tingsha"},{"floor":46,"key":"Orichalcum"}],"event_choices":[{"damage_healed":0,"gold_gain":0,"player_choice":"Take Wound","damage_taken":0,"relics_obtained":["Golden Idol"],"max_hp_gain":0,"max_hp_loss":0,"event_name":"Golden Idol","floor":2,"gold_loss":0,"cards_obtained":["Injury"]},{"damage_healed":0,"gold_gain":0,"player_choice":"Entered Light","damage_taken":14,"max_hp_gain":0,"max_hp_loss":0,"event_name":"Shining Light","floor":3,"gold_loss":0,"cards_upgraded":["Crippling Poison","Defend_G"]},{"damage_healed":0,"gold_gain":0,"player_choice":"Grow","damage_taken":0,"max_hp_gain":0,"max_hp_loss":0,"event_name":"Living Wall","floor":13,"gold_loss":0,"cards_upgraded":["Catalyst"]},{"damage_healed":0,"gold_gain":0,"player_choice":"Inject Mutagens","damage_taken":0,"relics_obtained":["MutagenicStrength"],"max_hp_gain":0,"max_hp_loss":0,"event_name":"Drug Dealer","floor":20,"gold_loss":0},{"damage_healed":0,"gold_gain":0,"player_choice":"Paid Gold","damage_taken":0,"relics_obtained":["Mummified Hand"],"max_hp_gain":0,"max_hp_loss":0,"event_name":"WeMeetAgain","floor":22,"gold_loss":51},{"damage_healed":0,"gold_gain":0,"player_choice":"Bought 1 Potion","damage_taken":0,"max_hp_gain":0,"max_hp_loss":0,"event_name":"The Woman in Blue","floor":25,"gold_loss":0},{"damage_healed":0,"gold_gain":0,"player_choice":"Upgrade","damage_taken":0,"max_hp_gain":0,"max_hp_loss":0,"event_name":"Designer","floor":38,"gold_loss":40,"cards_upgraded":["Noxious Fumes"]}],"is_beta":false,"boss_relics":[{"not_picked":["Ectoplasm","Orrery"],"picked":"Runic Pyramid"},{"not_picked":["Cursed Key","Black Star"],"picked":"Empty Cage"}],"items_purged_floors":[19,27],"is_endless":false,"potions_floor_spawned":[1,5,10,14,18,30,33,41,42,45],"ascension_level":0}