{"gold_per_floor":[116,128,53,70,85,115,115,133,133,149,117,117,117,133,133,229,229,245,258,271,88,88],"floor_reached":22,"playtime":1778,"items_purged":["Strike_B"],"score":190,"play_id":"efdfa93d-701e-4637-9c27-f69718520260","local_time":"20190123160625","is_ascension_mode":false,"campfire_choices":[{"floor":7,"key":"REST"},{"data":"White Noise","floor":13,"key":"SMITH"},{"data":"Beam Cell","floor":15,"key":"SMITH"}],"neow_cost":"NONE","seed_source_timestamp":645164768189389,"circlet_count":0,"master_deck":["Strike_B","Strike_B","Strike_B","Defend_B","Defend_B","Defend_B","Defend_B","Zap","Dualcast","Blind","Ball Lightning","Heatsinks","Hello World","White Noise+1","Doom and Gloom","Rebound","Hologram","Beam Cell+1","Electrodynamics","White Noise","Conserve Battery","Conserve Battery+1","Multi-Cast","Storm"],"relics":["Cracked Core","Pantograph","Unceasing Top","Eternal Feather"],"potions_floor_usage":[6,6,16,22,22],"damage_taken":[{"damage":0,"enemies":"Cultist","floor":1,"turns":3},{"damage":0,"enemies":"Small Slimes","floor":2,"turns":3},{"damage":3,"enemies":"Jaw Worm","floor":4,"turns":3},{"damage":35,"enemies":"Lots of Slimes","floor":5,"turns":4},{"damage":13,"enemies":"Lagavulin","floor":6,"turns":5},{"damage":2,"enemies":"Looter","floor":8,"turns":3},{"damage":7,"enemies":"Blue Slaver","floor":10,"turns":2},{"damage":12,"enemies":"Gremlin Gang","floor":14,"turns":3},{"damage":12,"enemies":"The Guardian","floor":16,"turns":9},{"damage":10,"enemies":"3 Byrds","floor":18,"turns":2},{"damage":40,"enemies":"Shell Parasite","floor":19,"turns":7},{"damage":24,"enemies":"Centurion and Healer","floor":20,"turns":5},{"damage":9,"enemies":"Sentry and Sphere","floor":22,"turns":2}],"seed_played":"8333106972345621926","potions_obtained":[{"floor":2,"key":"FocusPotion"},{"floor":5,"key":"SkillPotion"},{"floor":8,"key":"Ancient Potion"},{"floor":10,"key":"Strength Potion"},{"floor":14,"key":"EssenceOfSteel"},{"floor":19,"key":"Energy Potion"},{"floor":20,"key":"FocusPotion"}],"is_trial":false,"path_per_floor":["M","M","$","M","M","E","R","M","T","M","?","?","R","M","R","B",null,"M","M","M","$","M"],"character_chosen":"DEFECT","items_purchased":["Multi-Cast","Storm"],"campfire_rested":1,"item_purchase_floors":[21,21],"current_hp_per_floor":[75,75,75,72,37,24,46,44,44,37,37,62,62,50,50,63,75,65,25,1,1,0],"gold":88,"neow_bonus":"RANDOM_COLORLESS","is_prod":false,"is_daily":false,"chose_seed":false,"campfire_upgraded":2,"win_rate":0.0,"timestamp":1548227185,"path_taken":["M","M","?","M","M","E","R","M","T","?","?","?","R","M","R","BOSS","M","M","M","$","M"],"build_version":"2019-01-17v2","purchased_purges":1,"victory":false,"max_hp_per_floor":[75,75,75,75,75,75,75,75,75,75,75,75,75,75,75,75,75,75,75,75,75,75],"card_choices":[{"not_picked":["Chill","Go for the Eyes"],"picked":"Ball Lightning","floor":1},{"not_picked":["Glacier","Redo"],"picked":"Heatsinks","floor":2},{"not_picked":["Skim","Ball Lightning"],"picked":"Hello World","floor":4},{"not_picked":["Recycle","BootSequence"],"picked":"White Noise","floor":5},{"not_picked":["Undo","Glacier"],"picked":"Doom and Gloom","floor":6},{"not_picked":["Stack","Sweeping Beam"],"picked":"Rebound","floor":8},{"not_picked":["Go for the Eyes","Cold Snap"],"picked":"Hologram","floor":10},{"not_picked":["Aggregate","Barrage"],"picked":"Beam Cell","floor":14},{"not_picked":["Multi-Cast","Buffer"],"picked":"Electrodynamics","floor":16},{"not_picked":["Hello World","Stack"],"picked":"White Noise","floor":18},{"not_picked":["Hello World","Coolheaded"],"picked":"Conserve Battery","floor":19},{"not_picked":["Static Discharge","Sweeping Beam"],"picked":"Conserve Battery+1","floor":20}],"player_experience":39207,"relics_obtained":[{"floor":6,"key":"Pantograph"},{"floor":9,"key":"Unceasing Top"}],"event_choices":[{"damage_healed":0,"gold_gain":0,"player_choice":"Left Gold","damage_taken":0,"max_hp_gain":0,"max_hp_loss":0,"event_name":"World of Goop","floor":11,"gold_loss":32},{"damage_healed":25,"gold_gain":0,"player_choice":"Banana","damage_taken":0,"max_hp_gain":0,"max_hp_loss":0,"event_name":"Big Fish","floor":12,"gold_loss":0}],"is_beta":false,"boss_relics":[{"not_picked":["FrozenCore","Runic Dome"],"picked":"Eternal Feather"}],"items_purged_floors":[3],"is_endless":false,"potions_floor_spawned":[2,5,8,10,14,19,20],"killed_by":"Sentry and Sphere","ascension_level":0}