{"gold_per_floor":[111,111,131,158,172,201,68,68,68,88,117,117,117,129,129,229,229,239,113,127,127,143,143,176,176],"floor_reached":25,"playtime":2540,"items_purged":["Strike_G"],"score":231,"play_id":"28cc1fc6-5c10-47fc-af9c-5470c9cb711c","local_time":"20190103171556","is_ascension_mode":false,"campfire_choices":[{"floor":8,"key":"REST"},{"floor":13,"key":"REST"},{"floor":15,"key":"REST"},{"data":"Neutralize","floor":23,"key":"SMITH"}],"neow_cost":"NONE","seed_source_timestamp":186499795812000,"circlet_count":0,"master_deck":["Defend_G","Defend_G","Defend_G+1","Defend_G","Strike_G+1","Strike_G","Strike_G","Strike_G","Survivor","Neutralize+1","PiercingWail","Flying Knee","Deadly Poison","Dagger Spray","Poisoned Stab","Well Laid Plans","Prepared","Phantasmal Killer","Backstab","Bullet Time","Dodge and Roll","Deadly Poison+1","Quick Slash+1"],"relics":["Ring of the Snake","NeowsBlessing","Vajra","Lantern","Centennial Puzzle","Letter Opener","PreservedInsect","Velvet Choker","Molten Egg 2"],"potions_floor_usage":[16,22,25,25],"damage_taken":[{"damage":0,"enemies":"Small Slimes","floor":1,"turns":1},{"damage":0,"enemies":"Jaw Worm","floor":3,"turns":1},{"damage":0,"enemies":"Cultist","floor":5,"turns":1},{"damage":22,"enemies":"Lagavulin","floor":6,"turns":7},{"damage":0,"enemies":"3 Louse","floor":10,"turns":3},{"damage":10,"enemies":"Gremlin Nob","floor":11,"turns":4},{"damage":1,"enemies":"Gremlin Gang","floor":14,"turns":4},{"damage":40,"enemies":"Hexaghost","floor":16,"turns":8},{"damage":2,"enemies":"Chosen","floor":18,"turns":3},{"damage":11,"enemies":"2 Thieves","floor":20,"turns":2},{"damage":12,"enemies":"Snake Plant","floor":22,"turns":4},{"damage":36,"enemies":"Slavers","floor":24,"turns":5},{"damage":11,"enemies":"Shelled Parasite and Fungi","floor":25,"turns":4}],"seed_played":"6316906169905463542","potions_obtained":[{"floor":1,"key":"SteroidPotion"},{"floor":6,"key":"Fire Potion"},{"floor":10,"key":"Ancient Potion"},{"floor":20,"key":"Poison Potion"}],"is_trial":false,"path_per_floor":["M","?","M","T","M","E","$","R","T","M","E","?","R","M","R","B",null,"M","$","M","?","M","R","E","M"],"character_chosen":"THE_SILENT","items_purchased":["Poisoned Stab","Well Laid Plans","AttackPotion"],"campfire_rested":3,"item_purchase_floors":[7,7,19],"current_hp_per_floor":[70,56,56,56,56,34,34,55,55,55,45,33,54,53,70,30,70,68,68,57,57,45,45,9,0],"gold":176,"neow_bonus":"THREE_ENEMY_KILL","is_prod":false,"is_daily":false,"chose_seed":false,"campfire_upgraded":1,"win_rate":0.0,"timestamp":1546535756,"path_taken":["M","?","M","?","?","E","$","R","T","M","E","?","R","M","R","BOSS","M","$","M","?","?","R","E","M"],"build_version":"2018-12-20","purchased_purges":1,"victory":false,"max_hp_per_floor":[70,70,70,70,70,70,70,70,70,70,70,70,70,70,70,70,70,70,70,70,70,70,70,70,70],"card_choices":[{"not_picked":["Quick Slash","Dagger Throw"],"picked":"PiercingWail","floor":1},{"not_picked":["Tactician","Finisher"],"picked":"Flying Knee","floor":3},{"not_picked":["Blade Dance","Choke"],"picked":"Deadly Poison","floor":5},{"not_picked":["PiercingWail","Acrobatics"],"picked":"Dagger Spray","floor":6},{"not_picked":["Deflect","Dagger Spray"],"picked":"Prepared","floor":10},{"not_picked":["Distraction","Riddle With Holes"],"picked":"Phantasmal Killer","floor":11},{"not_picked":["Calculated Gamble","Backflip"],"picked":"Backstab","floor":14},{"not_picked":["Unload","Tools of the Trade"],"picked":"Bullet Time","floor":16},{"not_picked":["Finisher","Flying Knee"],"picked":"Dodge and Roll","floor":18},{"not_picked":["Flying Knee","Dagger Throw","Slice"],"picked":"SKIP","floor":20},{"not_picked":["Dagger Spray+1","Underhanded Strike"],"picked":"Deadly Poison+1","floor":22},{"not_picked":["Deadly Poison","PiercingWail+1"],"picked":"Quick Slash+1","floor":24}],"player_experience":3518,"relics_obtained":[{"floor":4,"key":"Vajra"},{"floor":6,"key":"Lantern"},{"floor":9,"key":"Centennial Puzzle"},{"floor":11,"key":"Letter Opener"},{"floor":24,"key":"Molten Egg 2"}],"event_choices":[{"damage_healed":0,"gold_gain":0,"player_choice":"Entered Light","damage_taken":14,"max_hp_gain":0,"max_hp_loss":0,"event_name":"Shining Light","floor":2,"gold_loss":0,"cards_upgraded":["Defend_G","Strike_G"]},{"damage_healed":0,"gold_gain":0,"player_choice":"Success","damage_taken":12,"relics_obtained":["PreservedInsect"],"max_hp_gain":0,"max_hp_loss":0,"event_name":"Scrap Ooze","floor":12,"gold_loss":0},{"cards_removed":["Defend_G"],"damage_healed":0,"gold_gain":0,"player_choice":"Purged","damage_taken":0,"max_hp_gain":0,"max_hp_loss":0,"event_name":"Purifier","floor":21,"gold_loss":0}],"is_beta":false,"boss_relics":[{"not_picked":["Coffee Dripper","Ectoplasm"],"picked":"Velvet Choker"}],"items_purged_floors":[19],"is_endless":false,"potions_floor_spawned":[1,6,10,11,20],"killed_by":"Shelled Parasite and Fungi","ascension_level":0}