{"gold_per_floor":[111,36,36,36,50,75,75,110,134,151,151,177,177,244,244,244],"floor_reached":16,"playtime":495,"items_purged":["Decay"],"score":162,"play_id":"a130326d-9d21-4f9a-86e9-e785524a5c13","local_time":"20190105164842","is_ascension_mode":true,"campfire_choices":[{"data":"Carnage","floor":7,"key":"SMITH"},{"floor":11,"key":"REST"},{"data":"Disarm","floor":13,"key":"SMITH"},{"data":"Perfected Strike","floor":15,"key":"SMITH"}],"neow_cost":"CURSE","seed_source_timestamp":1317086781890949,"circlet_count":0,"master_deck":["Strike_R","Strike_R","Strike_R","Strike_R","Strike_R","Defend_R","Defend_R","Defend_R","Defend_R","Bash","Impervious","Pummel","Carnage+1","Metallicize","Disarm+1","Perfected Strike+1"],"relics":["Burning Blood","Happy Flower","Lantern","Blood Vial","Turnip"],"potions_floor_usage":[12,12],"damage_taken":[{"damage":0,"enemies":"Small Slimes","floor":1,"turns":3},{"damage":0,"enemies":"2 Louse","floor":5,"turns":3},{"damage":34,"enemies":"Gremlin Nob","floor":6,"turns":6},{"damage":40,"enemies":"3 Sentries","floor":8,"turns":9},{"damage":0,"enemies":"Cultist","floor":10,"turns":2},{"damage":10,"enemies":"Gremlin Nob","floor":12,"turns":3},{"damage":51,"enemies":"Hexaghost","floor":16,"turns":13}],"seed_played":"6308471506228157783","potions_obtained":[{"floor":8,"key":"AttackPotion"},{"floor":10,"key":"Weak Potion"}],"is_trial":false,"path_per_floor":["M","$","?","?","M","E","R","E","T","M","R","E","R","?","R","B"],"character_chosen":"IRONCLAD","items_purchased":[],"campfire_rested":1,"item_purchase_floors":[],"current_hp_per_floor":[78,78,78,78,80,52,52,18,18,26,50,48,48,48,48,0],"gold":244,"neow_bonus":"THREE_RARE_CARDS","is_prod":false,"is_daily":false,"chose_seed":false,"campfire_upgraded":3,"win_rate":0,"timestamp":1546703322,"path_taken":["M","$","?","?","M","E","R","E","T","?","R","E","R","?","R","BOSS"],"build_version":"2019-01-03v4","purchased_purges":1,"victory":false,"max_hp_per_floor":[80,80,80,80,80,80,80,80,80,80,80,80,80,80,80,80],"card_choices":[{"not_picked":["Double Tap","Berserk"],"picked":"Impervious","floor":0},{"not_picked":["Rupture","Flex"],"picked":"Pummel","floor":1},{"not_picked":["Corruption","Entrench","Reckless Charge"],"picked":"SKIP","floor":5},{"not_picked":["Heavy Blade","Warcry"],"picked":"Carnage","floor":6},{"not_picked":["Bloodletting","Warcry"],"picked":"Metallicize","floor":8},{"not_picked":["Reckless Charge","Sword Boomerang"],"picked":"Disarm","floor":10},{"not_picked":["Iron Wave","Warcry"],"picked":"Perfected Strike","floor":12}],"player_experience":254932,"relics_obtained":[{"floor":6,"key":"Happy Flower"},{"floor":8,"key":"Lantern"},{"floor":9,"key":"Blood Vial"},{"floor":12,"key":"Turnip"}],"event_choices":[{"damage_healed":0,"gold_gain":0,"player_choice":"Leave","damage_taken":0,"max_hp_gain":0,"max_hp_loss":0,"event_name":"The Cleric","floor":3,"gold_loss":0},{"damage_healed":0,"gold_gain":0,"player_choice":"Ignored","damage_taken":0,"max_hp_gain":0,"max_hp_loss":0,"event_name":"WeMeetAgain","floor":4,"gold_loss":0},{"damage_healed":0,"gold_gain":67,"player_choice":"Gained Gold","damage_taken":0,"max_hp_gain":0,"max_hp_loss":0,"event_name":"Golden Wing","floor":14,"gold_loss":0}],"is_beta":false,"boss_relics":[],"items_purged_floors":[2],"is_endless":false,"potions_floor_spawned":[8,10],"killed_by":"Hexaghost","ascension_level":8}