{"gold_per_floor":[112,126,53,53,66,105,105,105,105,105,126,126,150,169,169,290,290,309,327,346,446,471,471,490,490,490,490,530,480,480,496,496,616,616,631,655,655,410,433,433,433,458,458,471,471,484,55,74,74,74],"floor_reached":51,"playtime":4857,"items_purged":["Strike_R","Strike_R","Strike_R"],"score":707,"play_id":"6cb55e3a-2db3-4fc2-852c-d801fe487fb8","local_time":"20180808231241","is_ascension_mode":true,"campfire_choices":[{"data":"True Grit","floor":7.0,"key":"SMITH"},{"data":"True Grit","floor":12.0,"key":"SMITH"},{"floor":15.0,"key":"REST"},{"floor":23.0,"key":"REST"},{"data":"Whirlwind","floor":25.0,"key":"SMITH"},{"floor":27.0,"key":"REST"},{"floor":32.0,"key":"REST"},{"data":"Warcry","floor":40,"key":"SMITH"},{"data":"Shrug It Off","floor":45,"key":"SMITH"},{"floor":49,"key":"REST"}],"neow_cost":"NONE","seed_source_timestamp":0,"circlet_count":0,"master_deck":["Strike_R","Defend_R","Defend_R","Defend_R","Defend_R","Bash","True Grit+1","Whirlwind+1","Battle Trance","True Grit+1","Offering","Shrug It Off+1","Warcry+1","Warcry+1","Rampage+1","Corruption"],"special_seed":0,"relics":["Burning Blood","Orichalcum","Golden Idol","Ice Cream","Dead Branch","Busted Crown","Smiling Mask","Nloth\u0027s Gift","White Beast Statue","OrangePellets","Charon\u0027s Ashes","Nunchaku","Thread and Needle"],"potions_floor_usage":[42,46,50,50,50],"damage_taken":[{"damage":4.0,"enemies":"Small Slimes","floor":1.0,"turns":3.0},{"damage":6.0,"enemies":"Jaw Worm","floor":2.0,"turns":3.0},{"damage":0.0,"enemies":"2 Louse","floor":5.0,"turns":2.0},{"damage":27.0,"enemies":"Gremlin Nob","floor":6.0,"turns":5.0},{"damage":6.0,"enemies":"2 Fungi Beasts","floor":11.0,"turns":3.0},{"damage":5.0,"enemies":"Looter","floor":13.0,"turns":3.0},{"damage":17.0,"enemies":"Exordium Thugs","floor":14.0,"turns":6.0},{"damage":45.0,"enemies":"Hexaghost","floor":16.0,"turns":11.0},{"damage":14.0,"enemies":"2 Thieves","floor":18.0,"turns":3.0},{"damage":6.0,"enemies":"3 Byrds","floor":19.0,"turns":4.0},{"damage":23.0,"enemies":"Snake Plant","floor":20.0,"turns":6.0},{"damage":17.0,"enemies":"Centurion and Healer","floor":22.0,"turns":3.0},{"damage":20.0,"enemies":"Sentry and Sphere","floor":24.0,"turns":4.0},{"damage":31.0,"enemies":"Gremlin Leader","floor":28.0,"turns":8.0},{"damage":9.0,"enemies":"Cultist and Chosen","floor":31.0,"turns":4.0},{"damage":81.0,"enemies":"Collector","floor":33.0,"turns":9.0},{"damage":10,"enemies":"3 Darklings","floor":35,"turns":3},{"damage":5,"enemies":"Orb Walker","floor":36,"turns":3},{"damage":5,"enemies":"4 Shapes","floor":39,"turns":4},{"damage":17,"floor":41,"turns":9},{"damage":5,"enemies":"Sphere and 2 Shapes","floor":42,"turns":4},{"damage":47,"enemies":"Spire Growth","floor":44,"turns":5},{"damage":14,"enemies":"Maw","floor":46,"turns":7},{"damage":0,"enemies":"Flame Bruiser 2 Orb","floor":48,"turns":3},{"damage":5,"enemies":"Donu and Deca","floor":50,"turns":6}],"seed_played":"1079190336722926927","potions_obtained":[{"floor":2.0,"key":"SpeedPotion"},{"floor":5.0,"key":"SteroidPotion"},{"floor":6.0,"key":"LiquidBronze"},{"floor":19.0,"key":"PowerPotion"},{"floor":20.0,"key":"Strength Potion"},{"floor":35,"key":"GamblersBrew"},{"floor":36,"key":"Strength Potion"},{"floor":39,"key":"BloodPotion"},{"floor":42,"key":"FearPotion"},{"floor":44,"key":"Strength Potion"},{"floor":46,"key":"Block Potion"}],"is_trial":false,"path_per_floor":["M","M","$","?","M","E","R","?","T","?","M","R","M","M","R","B",null,"M","M","M","?","M","R","M","R","T","R","E","$","?","M","R","B",null,"M","M","?","$","M","R","?","M","T","M","R","M","$","M","R","B"],"character_chosen":"IRONCLAD","items_purchased":["Whirlwind","OrangePellets","Corruption","Thread and Needle"],"campfire_rested":5,"item_purchase_floors":[3,38,47,47],"current_hp_per_floor":[80,80,80,74,74,53,53,53,53,53,53,53,54,43,65,26,74,66,66,49,49,38,60,46,46,60,86,64,64,64,61,88,13,91,87,88,88,88,89,89,78,88,88,47,47,39,39,45,72,91],"gold":74,"neow_bonus":"RANDOM_COMMON_RELIC","is_prod":false,"is_daily":false,"chose_seed":false,"campfire_upgraded":5,"win_rate":0,"timestamp":1533741161,"path_taken":["M","M","$","?","M","E","R","?","T","?","M","R","?","M","R","BOSS","M","M","M","?","M","R","M","R","T","R","E","$","?","M","R","BOSS","M","M","?","$","M","R","?","M","T","M","R","M","$","?","R","BOSS"],"build_version":"2018-08-02","purchased_purges":3,"victory":true,"max_hp_per_floor":[80,80,80,74,74,74,74,74,74,74,74,74,74,74,74,74,74,74,74,74,74,74,74,74,74,88,88,91,91,91,91,91,91,91,91,91,91,91,91,91,91,91,91,91,91,91,91,91,91,91],"card_choices":[{"not_picked":["Clash","Body Slam"],"picked":"True Grit","floor":1.0},{"not_picked":["Clash","Clothesline","Burning Pact"],"picked":"SKIP","floor":2.0},{"not_picked":["Entrench","Headbutt"],"picked":"Battle Trance","floor":5.0},{"not_picked":["Dual Wield","Entrench","Wild Strike"],"picked":"SKIP","floor":6.0},{"not_picked":["Blood for Blood","Pommel Strike"],"picked":"True Grit","floor":11.0},{"not_picked":["Entrench","Sword Boomerang","Twin Strike"],"picked":"SKIP","floor":13.0},{"not_picked":["Fire Breathing","Pommel Strike","Twin Strike"],"picked":"SKIP","floor":14.0},{"not_picked":["Bludgeon","Brutality"],"picked":"Offering","floor":16.0},{"not_picked":[],"picked":"Shrug It Off","floor":18.0},{"not_picked":[],"picked":"Warcry","floor":19.0},{"not_picked":["Heavy Blade"],"picked":"SKIP","floor":20.0},{"not_picked":["Havoc"],"picked":"SKIP","floor":22.0},{"not_picked":["Wild Strike"],"picked":"SKIP","floor":24.0},{"not_picked":["Shrug It Off+1"],"picked":"SKIP","floor":28.0},{"not_picked":["Second Wind"],"picked":"SKIP","floor":31.0},{"not_picked":[],"picked":"Warcry+1","floor":35},{"not_picked":["Iron Wave"],"picked":"SKIP","floor":36},{"not_picked":[],"picked":"Rampage+1","floor":39},{"not_picked":["True Grit"],"picked":"SKIP","floor":42},{"not_picked":["Anger+1"],"picked":"SKIP","floor":44},{"not_picked":["Shrug It Off"],"picked":"SKIP","floor":46},{"not_picked":["Dark Embrace"],"picked":"SKIP","floor":48}],"player_experience":207707,"relics_obtained":[{"floor":6.0,"key":"Ice Cream"},{"floor":9.0,"key":"Dead Branch"},{"floor":26.0,"key":"Mango"},{"floor":28.0,"key":"Smiling Mask"},{"floor":41,"key":"Charon\u0027s Ashes"},{"floor":43,"key":"Nunchaku"}],"event_choices":[{"event_name":"Golden Idol","player_choice":"Lose Max HP","floor":4.0,"damage_taken":0.0},{"event_name":"Liars Game","player_choice":"disagreed","floor":8.0,"damage_taken":0.0},{"event_name":"Bonfire Elementals","player_choice":"BASIC","floor":10.0,"damage_taken":0.0},{"event_name":"Golden Shrine","player_choice":"Pray","floor":21.0,"damage_taken":0.0},{"event_name":"N\u0027loth","player_choice":"Traded a Mango","floor":30.0,"damage_taken":0.0},{"event_name":"SensoryStone","player_choice":"Memory 1","floor":37,"damage_taken":0},{"event_name":"MindBloom","player_choice":"Fight","floor":41,"damage_taken":0}],"is_beta":false,"boss_relics":[{"not_picked":["Astrolabe","Sozu"],"picked":"Busted Crown"},{"not_picked":["Coffee Dripper","Calling Bell"],"picked":"White Beast Statue"}],"items_purged_floors":[29,38,47],"is_endless":false,"potions_floor_spawned":[2,5,6,13,16,19,20,22,28,35,36,39,41,42,44,46,48],"ascension_level":1}