{"gold_per_floor":[119,119,119,129,129,160,178,188,188,188,188,205,221,238,238,340,340,352,352,370,192,205,205,233,233],"floor_reached":25,"playtime":1832,"items_purged":["Defend_B"],"score":300,"play_id":"0c967e3d-c61f-46e5-98ba-e04b29c31cc7","local_time":"20190202133423","is_ascension_mode":true,"campfire_choices":[{"data":"Consume","floor":10,"key":"SMITH"},{"floor":15,"key":"REST"},{"floor":23,"key":"REST"}],"neow_cost":"NONE","seed_source_timestamp":622421335863046,"circlet_count":0,"master_deck":["Strike_B","Strike_B+1","Strike_B","Strike_B","Defend_B","Defend_B","Defend_B+1","Zap","Dualcast","Consume+1","Conserve Battery","Loop","Leap","Self Repair","Reprogram","Machine Learning","Ball Lightning+1","Auto Shields","Reinforced Body","Electrodynamics","Buffer","Seek"],"relics":["Cracked Core","Molten Egg 2","Calipers","Pear","White Beast Statue","Nloth\u0027s Gift","Ancient Tea Set"],"potions_floor_usage":[12,13,16,20,20,22,22,24,25],"damage_taken":[{"damage":0,"enemies":"2 Louse","floor":1,"turns":1},{"damage":0,"enemies":"Small Slimes","floor":4,"turns":1},{"damage":0,"enemies":"3 Sentries","floor":6,"turns":1},{"damage":0,"enemies":"Jaw Worm","floor":7,"turns":3},{"damage":17,"enemies":"Lots of Slimes","floor":8,"turns":5},{"damage":0,"enemies":"3 Louse","floor":12,"turns":4},{"damage":41,"enemies":"Gremlin Gang","floor":13,"turns":4},{"damage":8,"enemies":"Blue Slaver","floor":14,"turns":3},{"damage":32,"enemies":"Slime Boss","floor":16,"turns":10},{"damage":13,"enemies":"Chosen","floor":18,"turns":5},{"damage":27,"enemies":"Spheric Guardian","floor":20,"turns":6},{"damage":28,"enemies":"Snake Plant","floor":22,"turns":5},{"damage":59,"enemies":"Slavers","floor":24,"turns":5},{"damage":16,"enemies":"Centurion and Healer","floor":25,"turns":4}],"seed_played":"4171358529853129633","potions_obtained":[{"floor":1,"key":"Fire Potion"},{"floor":4,"key":"EssenceOfSteel"},{"floor":7,"key":"FocusPotion"},{"floor":14,"key":"SteroidPotion"},{"floor":16,"key":"Weak Potion"},{"floor":18,"key":"Swift Potion"},{"floor":20,"key":"SteroidPotion"},{"floor":22,"key":"Weak Potion"},{"floor":24,"key":"Strength Potion"}],"is_trial":false,"path_per_floor":["M","?","?","M","T","E","M","M","T","R","?","M","M","M","R","B",null,"M","?","M","$","M","R","E","M"],"character_chosen":"DEFECT","items_purchased":["FairyPotion"],"campfire_rested":2,"item_purchase_floors":[21],"current_hp_per_floor":[75,80,64,64,64,64,64,47,57,57,57,57,23,22,49,24,90,77,77,50,50,29,56,16,0],"gold":233,"neow_bonus":"THREE_ENEMY_KILL","is_prod":false,"is_daily":false,"chose_seed":false,"campfire_upgraded":1,"win_rate":0,"timestamp":1549110863,"path_taken":["M","?","?","M","?","E","M","?","T","R","?","M","?","?","R","BOSS","M","?","?","?","M","R","E","M"],"build_version":"2019-01-23","purchased_purges":1,"victory":false,"max_hp_per_floor":[75,80,80,80,80,80,80,80,90,90,90,90,90,90,90,90,90,90,90,90,90,90,90,90,90],"card_choices":[{"not_picked":["Chaos","Loop"],"picked":"Consume","floor":1},{"not_picked":["Compile Driver","Chaos"],"picked":"Conserve Battery","floor":4},{"not_picked":["Force Field","Darkness"],"picked":"Loop","floor":6},{"not_picked":["Gash+1","Rebound+1"],"picked":"Leap","floor":7},{"not_picked":["Blizzard+1","Undo"],"picked":"Self Repair","floor":8},{"not_picked":["Reprogram","Storm"],"picked":"Ball Lightning+1","floor":12},{"not_picked":["Coolheaded","Hologram"],"picked":"Auto Shields","floor":13},{"not_picked":["Ball Lightning+1","Steam"],"picked":"Reinforced Body","floor":14},{"not_picked":["Machine Learning","Thunder Strike+1"],"picked":"Electrodynamics","floor":16},{"not_picked":["Redo","Lockon+1","Rebound+1"],"picked":"SKIP","floor":18},{"not_picked":["Blizzard+1","Redo+1","Compile Driver+1"],"picked":"SKIP","floor":20},{"not_picked":["Ball Lightning+1","Conserve Battery"],"picked":"Buffer","floor":22},{"not_picked":["Beam Cell+1","Reboot"],"picked":"Seek","floor":24}],"player_experience":64468,"relics_obtained":[{"floor":5,"key":"Molten Egg 2"},{"floor":6,"key":"Calipers"},{"floor":9,"key":"Pear"},{"floor":24,"key":"Ancient Tea Set"}],"event_choices":[{"damage_healed":0,"gold_gain":0,"player_choice":"Donut","damage_taken":0,"max_hp_gain":5,"max_hp_loss":0,"event_name":"Big Fish","floor":2,"gold_loss":0},{"damage_healed":0,"gold_gain":0,"player_choice":"Entered Light","damage_taken":16,"max_hp_gain":0,"max_hp_loss":0,"event_name":"Shining Light","floor":3,"gold_loss":0,"cards_upgraded":["Strike_B","Defend_B"]},{"damage_healed":0,"gold_gain":0,"player_choice":"2 cards matched","damage_taken":0,"max_hp_gain":0,"max_hp_loss":0,"event_name":"Match and Keep!","floor":11,"gold_loss":0,"cards_obtained":["Reprogram","Machine Learning"]},{"damage_healed":0,"gold_gain":0,"player_choice":"Traded Relic","damage_taken":0,"relics_obtained":["Nloth\u0027s Gift"],"max_hp_gain":0,"max_hp_loss":0,"event_name":"N\u0027loth","floor":19,"relics_lost":["NeowsBlessing"],"gold_loss":0}],"is_beta":false,"boss_relics":[{"not_picked":["Calling Bell","Tiny House"],"picked":"White Beast Statue"}],"items_purged_floors":[21],"is_endless":false,"potions_floor_spawned":[1,4,7,14,16,18,20,22,24],"killed_by":"Centurion and Healer","ascension_level":2}