{"gold_per_floor":[115,135,151,161,161,161,174,217,217,241,241,241,241,257,257,376,376,399,418,434,434,447,447,477,477,503,503,503,503,503,503,503,600,600,600],"floor_reached":35,"playtime":1265,"items_purged":[],"score":440,"play_id":"8b1cffa4-0e89-445d-a792-f4fbc2a705f1","local_time":"20180809191205","is_ascension_mode":true,"campfire_choices":[{"data":"Whirlwind","floor":6,"key":"SMITH"},{"data":"Inflame","floor":11,"key":"SMITH"},{"data":"Brutality","floor":13,"key":"SMITH"},{"floor":15,"key":"REST"},{"floor":23,"key":"REST"},{"floor":27,"key":"REST"},{"data":"Limit Break","floor":30,"key":"SMITH"},{"data":"True Grit","floor":32,"key":"SMITH"}],"neow_cost":"NONE","seed_source_timestamp":895663026685896,"circlet_count":0,"master_deck":["Defend_R","Defend_R","Defend_R","Defend_R","Bash","Brutality+1","Whirlwind+1","Headbutt","Warcry","Inflame+1","Combust","Flex","Iron Wave","Limit Break+1","Pummel","True Grit+1","Bite","Bite","Bite","Bite","Bite","Feed"],"relics":["Black Blood","Bloody Idol","Red Skull","Boot","Ancient Tea Set","Nloth\u0027s Gift","White Beast Statue"],"potions_floor_usage":[16,16,16,24,24,24,24,33],"damage_taken":[{"damage":10,"enemies":"2 Louse","floor":1,"turns":4},{"damage":9,"enemies":"Jaw Worm","floor":2,"turns":4},{"damage":0,"enemies":"Small Slimes","floor":3,"turns":2},{"damage":7,"enemies":"3 Louse","floor":4,"turns":2},{"damage":0,"enemies":"Gremlin Gang","floor":7,"turns":1},{"damage":35,"enemies":"3 Sentries","floor":8,"turns":6},{"damage":8,"enemies":"Red Slaver","floor":10,"turns":3},{"damage":7,"enemies":"Looter","floor":14,"turns":2},{"damage":52,"enemies":"Hexaghost","floor":16,"turns":8},{"damage":52,"enemies":"Spheric Guardian","floor":18,"turns":6},{"damage":15,"enemies":"Shell Parasite","floor":19,"turns":2},{"damage":8,"enemies":"Cultist and Chosen","floor":20,"turns":4},{"damage":27,"enemies":"3 Cultists","floor":22,"turns":4},{"damage":36,"enemies":"Slavers","floor":24,"turns":6},{"damage":50,"enemies":"Collector","floor":33,"turns":6},{"damage":58,"enemies":"3 Darklings","floor":35,"turns":2}],"seed_played":"-5117286237281647272","potions_obtained":[{"floor":1,"key":"FearPotion"},{"floor":3,"key":"FearPotion"},{"floor":10,"key":"Fruit Juice"},{"floor":14,"key":"AttackPotion"},{"floor":19,"key":"EntropicBrew"},{"floor":22,"key":"Dexterity Potion"},{"floor":33,"key":"Energy Potion"}],"is_trial":false,"path_per_floor":["M","M","M","M","?","R","M","E","T","M","R","?","R","M","R","B",null,"M","M","M","?","M","R","E","?","T","R","?","?","R","?","R","B",null],"character_chosen":"IRONCLAD","items_purchased":[],"campfire_rested":3,"item_purchase_floors":[],"current_hp_per_floor":[76,73,79,78,74,74,74,45,45,43,43,43,43,42,64,23,79,37,32,34,34,22,45,24,24,29,52,52,52,52,52,52,25,55,0],"gold":600,"neow_bonus":"ONE_RANDOM_RARE_CARD","is_prod":false,"is_daily":false,"chose_seed":false,"campfire_upgraded":5,"win_rate":0,"timestamp":1533813125,"path_taken":["M","M","M","M","?","R","M","E","T","M","R","?","R","M","R","BOSS","M","M","M","?","M","R","E","?","T","R","?","?","R","?","R","BOSS","M"],"build_version":"2018-08-02","purchased_purges":0,"victory":false,"max_hp_per_floor":[80,80,80,80,74,74,74,74,74,74,74,74,74,74,74,79,79,79,79,79,79,79,79,79,79,79,79,55,55,55,55,55,55,55,55],"card_choices":[{"not_picked":["Combust","Rage"],"picked":"Whirlwind","floor":1},{"not_picked":["Perfected Strike","Sword Boomerang"],"picked":"Headbutt","floor":2},{"not_picked":["Perfected Strike","Sword Boomerang"],"picked":"Warcry","floor":3},{"not_picked":["Uppercut","Thunderclap","Clash"],"picked":"SKIP","floor":4},{"not_picked":["Perfected Strike","Rage"],"picked":"Inflame","floor":7},{"not_picked":["Dark Embrace","Brutality"],"picked":"Combust","floor":8},{"not_picked":["Heavy Blade","Corruption"],"picked":"Flex","floor":10},{"not_picked":["Second Wind","Pommel Strike"],"picked":"Iron Wave","floor":14},{"not_picked":["Immolate","Dark Embrace"],"picked":"Limit Break","floor":16},{"not_picked":["Havoc+1","Thunderclap"],"picked":"Pummel","floor":18},{"not_picked":["Wild Strike","Sword Boomerang"],"picked":"True Grit","floor":19},{"not_picked":["Cleave+1","Flex","Entrench+1"],"picked":"SKIP","floor":20},{"not_picked":["Carnage","Intimidate","Searing Blow"],"picked":"SKIP","floor":22},{"not_picked":["Heavy Blade","Pommel Strike","Impervious"],"picked":"SKIP","floor":24},{"not_picked":["Juggernaut","Dark Embrace"],"picked":"Feed","floor":33}],"player_experience":227979,"relics_obtained":[{"floor":8,"key":"Juzu Bracelet"},{"floor":9,"key":"Red Skull"},{"floor":24,"key":"Boot"},{"floor":26,"key":"Ancient Tea Set"}],"event_choices":[{"event_name":"Golden Idol","player_choice":"Lose Max HP","floor":5,"damage_taken":0},{"event_name":"Scrap Ooze","player_choice":"unsuccessful","floor":12,"damage_taken":0},{"event_name":"Forgotten Altar","player_choice":"Gave Idol","floor":21,"damage_taken":0},{"event_name":"Ghosts","player_choice":"Ignored","floor":25,"damage_taken":0},{"event_name":"Vampires","player_choice":"Became a vampire","floor":28,"damage_taken":0},{"event_name":"N\u0027loth","player_choice":"Traded a Juzu Bracelet","floor":29,"damage_taken":0},{"event_name":"The Mausoleum","player_choice":"No","floor":31,"damage_taken":0}],"is_beta":false,"boss_relics":[{"not_picked":["Runic Dome","Velvet Choker"],"picked":"Black Blood"},{"not_picked":["Black Star","Coffee Dripper"],"picked":"White Beast Statue"}],"items_purged_floors":[],"is_endless":false,"potions_floor_spawned":[1,3,10,14,19,22,33],"killed_by":"3 Darklings","ascension_level":2}