{"gold_per_floor":[115,126,57,132,132,165,178,178,178,205,221,241,257,268,268,365,365,381,397,322,322,341,341,374,394,417,417],"floor_reached":27,"playtime":3623,"items_purged":["Strike_G"],"score":247,"play_id":"e6fd3ac4-2877-419e-a998-2d51cd2a4674","local_time":"20190128181706","is_ascension_mode":false,"campfire_choices":[{"data":"Strike_G","floor":8.0,"key":"PURGE"},{"floor":15.0,"key":"REST"},{"floor":23.0,"key":"REST"}],"neow_cost":"NONE","seed_source_timestamp":70538794125881,"circlet_count":0,"master_deck":["Defend_G","Defend_G","Defend_G","Defend_G","Defend_G","Strike_G","Strike_G","Survivor","Neutralize","Underhanded Strike","Backstab","Dagger Throw","Acrobatics+1","Expertise","Adrenaline","Outmaneuver","All Out Attack","Concentrate","Dagger Throw","Slice","Unload","Quick Slash+1","Dagger Throw","Acrobatics","After Image","Prepared","Reflex+1"],"special_seed":0,"relics":["Ring of the Snake","Peace Pipe","Prayer Wheel","Letter Opener","Fusion Hammer","Bird Faced Urn","Boot"],"potions_floor_usage":[27],"damage_taken":[{"damage":0.0,"enemies":"Cultist","floor":1.0,"turns":4.0},{"damage":0.0,"enemies":"Jaw Worm","floor":2.0,"turns":6.0},{"damage":24.0,"enemies":"Gremlin Nob","floor":6.0,"turns":4.0},{"damage":0.0,"enemies":"2 Louse","floor":7.0,"turns":2.0},{"damage":34.0,"enemies":"Lagavulin","floor":10.0,"turns":8.0},{"damage":0.0,"enemies":"Exordium Thugs","floor":11.0,"turns":4.0},{"damage":0.0,"enemies":"3 Louse","floor":12.0,"turns":1.0},{"damage":0.0,"enemies":"Large Slime","floor":13.0,"turns":3.0},{"damage":0.0,"enemies":"Gremlin Gang","floor":14.0,"turns":1.0},{"damage":35.0,"enemies":"Hexaghost","floor":16.0,"turns":13.0},{"damage":10.0,"enemies":"2 Thieves","floor":18.0,"turns":3.0},{"damage":2.0,"enemies":"Chosen","floor":19.0,"turns":3.0},{"damage":16.0,"enemies":"Centurion and Healer","floor":22.0,"turns":4.0},{"damage":48.0,"enemies":"Book of Stabbing","floor":24.0,"turns":6.0},{"damage":0.0,"enemies":"Chosen and Byrds","floor":25.0,"turns":3.0},{"damage":31,"enemies":"Gremlin Leader","floor":27,"turns":7}],"seed_played":"-2559459004273849725","potions_obtained":[{"floor":6.0,"key":"EssenceOfSteel"},{"floor":7.0,"key":"PowerPotion"},{"floor":12.0,"key":"Regen Potion"},{"floor":19.0,"key":"Ancient Potion"},{"floor":25.0,"key":"PowerPotion"}],"is_trial":false,"path_per_floor":["M","M","$","?","?","E","M","R","T","E","M","M","M","M","R","B",null,"M","M","$","?","M","R","E","M","T","E"],"character_chosen":"THE_SILENT","items_purchased":["Dagger Throw","Acrobatics"],"campfire_rested":2,"item_purchase_floors":[3,3],"current_hp_per_floor":[77,77,77,66,66,42,42,42,42,8,8,8,8,8,31,5,77,67,65,65,65,49,72,24,26,26,0],"gold":417,"neow_bonus":"TEN_PERCENT_HP_BONUS","is_prod":false,"is_daily":false,"chose_seed":false,"campfire_upgraded":0,"win_rate":0,"timestamp":1548721026,"path_taken":["M","M","$","?","?","E","?","R","T","E","M","?","M","M","R","BOSS","M","M","$","?","?","R","E","M","T","E"],"build_version":"2019-01-23","purchased_purges":1,"victory":false,"max_hp_per_floor":[77,77,77,77,77,77,77,77,77,77,77,77,77,77,77,77,77,77,77,77,77,77,77,77,77,77,77],"card_choices":[{"not_picked":["Flying Knee","Deadly Poison"],"picked":"Underhanded Strike","floor":1.0},{"not_picked":["PiercingWail","Distraction"],"picked":"Backstab","floor":2.0},{"not_picked":["Deflect","PiercingWail"],"picked":"Expertise","floor":6.0},{"not_picked":["Sucker Punch","Quick Slash"],"picked":"Adrenaline","floor":7.0},{"not_picked":["Crippling Poison","Backflip"],"picked":"Outmaneuver","floor":10.0},{"not_picked":["Acrobatics","Prepared"],"picked":"All Out Attack","floor":11.0},{"not_picked":["Predator","Noxious Fumes","Endless Agony"],"picked":"SKIP","floor":11.0},{"not_picked":["Poisoned Stab","Flying Knee"],"picked":"Concentrate","floor":12.0},{"not_picked":["Catalyst","PiercingWail","Cloak And Dagger"],"picked":"SKIP","floor":12.0},{"not_picked":["Predator","Sucker Punch"],"picked":"Dagger Throw","floor":13.0},{"not_picked":["Burst","Bane","Dagger Spray"],"picked":"SKIP","floor":13.0},{"not_picked":["Dagger Spray","Backflip"],"picked":"Slice","floor":14.0},{"not_picked":["Blade Dance","Caltrops","Infinite Blades"],"picked":"SKIP","floor":14.0},{"not_picked":["Bullet Time","Wraith Form v2"],"picked":"Unload","floor":16.0},{"not_picked":["Deadly Poison","Masterful Stab"],"picked":"Quick Slash+1","floor":18.0},{"not_picked":["Catalyst","Leg Sweep"],"picked":"Dagger Throw","floor":18.0},{"not_picked":["Poisoned Stab","Outmaneuver+1"],"picked":"Acrobatics","floor":19.0},{"not_picked":["Noxious Fumes+1","Sucker Punch+1","Cloak And Dagger+1"],"picked":"SKIP","floor":19.0},{"not_picked":["Flechettes","Infinite Blades"],"picked":"Prepared","floor":22.0},{"not_picked":["Poisoned Stab+1","Dagger Spray"],"picked":"Reflex+1","floor":22.0},{"not_picked":["Poisoned Stab","Corpse Explosion","Bane+1"],"picked":"SKIP","floor":24.0},{"not_picked":["Dagger Spray","Cloak And Dagger","Backflip"],"picked":"SKIP","floor":25.0},{"not_picked":["Poisoned Stab+1","Deadly Poison","Dodge and Roll"],"picked":"SKIP","floor":25.0}],"player_experience":221306,"relics_obtained":[{"floor":6.0,"key":"Peace Pipe"},{"floor":9.0,"key":"Prayer Wheel"},{"floor":10.0,"key":"Letter Opener"},{"floor":24.0,"key":"Bird Faced Urn"},{"floor":26.0,"key":"Boot"}],"event_choices":[{"damage_healed":0.0,"max_hp_gain":0.0,"max_hp_loss":0.0,"gold_gain":75.0,"event_name":"World of Goop","player_choice":"Gather Gold","floor":4.0,"gold_loss":0.0,"damage_taken":11.0},{"damage_healed":0.0,"max_hp_gain":0.0,"max_hp_loss":0.0,"gold_gain":0.0,"event_name":"Upgrade Shrine","player_choice":"Upgraded","floor":5.0,"gold_loss":0.0,"damage_taken":0.0,"cards_upgraded":["Acrobatics"]},{"damage_healed":0.0,"max_hp_gain":0.0,"max_hp_loss":0.0,"gold_gain":0.0,"cards_transformed":["Strike_G"],"event_name":"Transmorgrifier","player_choice":"Transformed","floor":21.0,"gold_loss":0.0,"damage_taken":0.0,"cards_obtained":["After Image"]}],"is_beta":false,"boss_relics":[{"not_picked":["Ectoplasm","Ring of the Serpent"],"picked":"Fusion Hammer"}],"items_purged_floors":[20],"is_endless":false,"potions_floor_spawned":[6,7,12,13,14,19,25],"killed_by":"Gremlin Leader","ascension_level":0}