{"gold_per_floor":[110,35,35,35,35,35,55,70,145,145,180,194,206,221,221,221],"floor_reached":16,"playtime":589,"items_purged":["Strike_R"],"score":189,"play_id":"bff602ba-1e0f-4221-a2fd-771f999fbb20","local_time":"20190102044230","is_ascension_mode":true,"campfire_choices":[{"data":"Carnage","floor":6,"key":"SMITH"},{"data":"Spot Weakness","floor":10,"key":"SMITH"},{"floor":15,"key":"REST"}],"neow_cost":"NONE","seed_source_timestamp":2178231088769995,"circlet_count":0,"master_deck":["AscendersBane","Strike_R","Strike_R","Strike_R","Defend_R","Defend_R","Defend_R","Defend_R","Bash","Headbutt","Carnage+1","Regret","True Grit","Spot Weakness+1","Inflame"],"relics":["Burning Blood","Vajra","CultistMask","Kunai","Ginger"],"potions_floor_usage":[12,14],"damage_taken":[{"damage":10,"enemies":"Small Slimes","floor":1,"turns":3},{"damage":7,"enemies":"Jaw Worm","floor":7,"turns":2},{"damage":1,"enemies":"Cultist","floor":8,"turns":3},{"damage":36,"enemies":"Lagavulin","floor":11,"turns":4},{"damage":0,"enemies":"Gremlin Gang","floor":12,"turns":1},{"damage":20,"enemies":"Looter","floor":13,"turns":3},{"damage":18,"enemies":"Lots of Slimes","floor":14,"turns":2},{"damage":42,"enemies":"Hexaghost","floor":16,"turns":7}],"seed_played":"8259270606783591189","potions_obtained":[{"floor":7,"key":"AttackPotion"},{"floor":11,"key":"Fire Potion"},{"floor":14,"key":"PowerPotion"}],"is_trial":false,"path_per_floor":["M","$","?","?","?","R","M","M","T","R","E","M","M","M","R","B"],"character_chosen":"IRONCLAD","items_purchased":[],"campfire_rested":1,"item_purchase_floors":[],"current_hp_per_floor":[64,64,64,64,64,64,63,68,68,68,38,44,30,18,40,0],"gold":221,"neow_bonus":"THREE_CARDS","is_prod":false,"is_daily":false,"chose_seed":false,"campfire_upgraded":2,"win_rate":0,"timestamp":1546400550,"path_taken":["M","$","?","?","?","R","?","M","T","R","E","M","M","M","R","BOSS"],"build_version":"2018-12-20","purchased_purges":1,"victory":false,"max_hp_per_floor":[75,75,75,75,75,75,75,75,75,75,75,75,75,75,75,75],"card_choices":[{"not_picked":["Hemokinesis","Wild Strike"],"picked":"Headbutt","floor":0},{"not_picked":["Clothesline","Iron Wave"],"picked":"Carnage","floor":1},{"not_picked":["Cleave","Heavy Blade"],"picked":"True Grit","floor":7},{"not_picked":["Burning Pact","Headbutt"],"picked":"Spot Weakness","floor":8},{"not_picked":["Pommel Strike","True Grit","Thunderclap"],"picked":"SKIP","floor":11},{"not_picked":["Rage","Inflame","Heavy Blade"],"picked":"SKIP","floor":12},{"not_picked":["Headbutt","Wild Strike"],"picked":"Inflame","floor":13},{"not_picked":["Pommel Strike","Battle Trance","Carnage"],"picked":"SKIP","floor":14}],"player_experience":655589,"relics_obtained":[{"floor":9,"key":"Kunai"},{"floor":11,"key":"Ginger"}],"event_choices":[{"cards_removed":["Strike_R"],"damage_healed":0,"gold_gain":0,"player_choice":"Forget","damage_taken":0,"max_hp_gain":0,"max_hp_loss":0,"event_name":"Living Wall","floor":3,"gold_loss":0},{"damage_healed":0,"gold_gain":0,"player_choice":"Box","damage_taken":0,"relics_obtained":["Vajra"],"max_hp_gain":0,"max_hp_loss":0,"event_name":"Big Fish","floor":4,"gold_loss":0,"cards_obtained":["Regret"]},{"damage_healed":0,"gold_gain":0,"player_choice":"Trade","damage_taken":0,"relics_obtained":["CultistMask"],"max_hp_gain":0,"max_hp_loss":0,"event_name":"FaceTrader","floor":5,"gold_loss":0}],"is_beta":false,"boss_relics":[],"items_purged_floors":[2],"is_endless":false,"potions_floor_spawned":[7,11,14],"killed_by":"Hexaghost","ascension_level":17}