{"gold_per_floor":[109,184,184,41,59,85,105,105,105,118,118,83,103,78,78,176,176,192,207,207,224,238,238],"floor_reached":23,"playtime":683,"items_purged":[],"score":193,"play_id":"a78c92df-d730-437c-bb78-cf929b24de9f","local_time":"20190112054025","is_ascension_mode":false,"campfire_choices":[{"floor":11,"key":"REST"},{"floor":15,"key":"REST"}],"neow_cost":"TEN_PERCENT_HP_LOSS","seed_source_timestamp":149019094801513,"circlet_count":0,"master_deck":["Strike_B","Strike_B+1","Strike_B","Strike_B","Defend_B+1","Defend_B","Defend_B","Defend_B","Zap","Dualcast","Ball Lightning","Dramatic Entrance","Streamline","Leap","Redo","Streamline","Steam","Conserve Battery","Conserve Battery","Seek","Leap","Conserve Battery","Capacitor","Beam Cell+1"],"relics":["Cracked Core","Du-Vu Doll","Blue Candle","Cables","Cursed Key","FossilizedHelix"],"potions_floor_usage":[],"damage_taken":[{"damage":5,"enemies":"Small Slimes","floor":1,"turns":4},{"damage":0,"enemies":"2 Louse","floor":5,"turns":2},{"damage":18,"enemies":"Lagavulin","floor":6,"turns":6},{"damage":0,"enemies":"Jaw Worm","floor":7,"turns":2},{"damage":10,"enemies":"Looter","floor":10,"turns":2},{"damage":5,"enemies":"Lots of Slimes","floor":13,"turns":3},{"damage":9,"enemies":"The Guardian","floor":16,"turns":10},{"damage":10,"enemies":"Chosen","floor":18,"turns":3},{"damage":1,"enemies":"Shell Parasite","floor":19,"turns":4},{"damage":18,"enemies":"Chosen and Byrds","floor":21,"turns":7},{"damage":6,"enemies":"Centurion and Healer","floor":22,"turns":9},{"damage":41,"enemies":"Gremlin Leader","floor":23,"turns":4}],"seed_played":"-7462658598397060045","potions_obtained":[{"floor":6,"key":"LiquidBronze"},{"floor":7,"key":"Swift Potion"},{"floor":13,"key":"FocusPotion"},{"floor":22,"key":"Energy Potion"}],"is_trial":false,"path_per_floor":["M","?","?","$","M","E","M","?","T","M","R","?","M","$","R","B",null,"M","M","?","M","M","E"],"character_chosen":"DEFECT","items_purchased":["Dramatic Entrance","Streamline","Conserve Battery"],"campfire_rested":2,"item_purchase_floors":[4,4,14],"current_hp_per_floor":[63,52,38,38,38,20,20,20,20,10,30,47,42,42,62,53,68,58,57,57,39,33,0],"gold":238,"neow_bonus":"ONE_RARE_RELIC","is_prod":false,"is_daily":false,"chose_seed":false,"campfire_upgraded":0,"win_rate":0.0,"timestamp":1547268025,"path_taken":["M","?","?","$","M","E","M","?","T","M","R","?","?","$","R","BOSS","M","M","?","?","M","E"],"build_version":"2019-01-10","purchased_purges":0,"victory":false,"max_hp_per_floor":[68,68,68,68,68,68,68,68,68,68,68,68,68,68,68,68,68,68,68,68,68,68,68],"card_choices":[{"not_picked":["Leap","Rebound"],"picked":"Ball Lightning","floor":1},{"not_picked":["Gash","Steam"],"picked":"Leap","floor":5},{"not_picked":["Skim","Chill"],"picked":"Redo","floor":6},{"not_picked":["Steam","Beam Cell"],"picked":"Streamline","floor":7},{"not_picked":["Rebound","Coolheaded"],"picked":"Steam","floor":10},{"not_picked":["Blizzard","Leap"],"picked":"Conserve Battery","floor":13},{"not_picked":["Fission","Buffer"],"picked":"Seek","floor":16},{"not_picked":["Turbo","Consume"],"picked":"Leap","floor":18},{"not_picked":["Scrape+1","Melter"],"picked":"Conserve Battery","floor":19},{"not_picked":["Go for the Eyes","Beam Cell"],"picked":"Capacitor","floor":21},{"not_picked":["Consume+1","Heatsinks"],"picked":"Beam Cell+1","floor":22}],"player_experience":391837,"relics_obtained":[{"floor":6,"key":"Blue Candle"},{"floor":9,"key":"Cables"}],"event_choices":[{"damage_healed":0,"gold_gain":75,"player_choice":"Gather Gold","damage_taken":11,"max_hp_gain":0,"max_hp_loss":0,"event_name":"World of Goop","floor":2,"gold_loss":0},{"damage_healed":0,"gold_gain":0,"player_choice":"Entered Light","damage_taken":14,"max_hp_gain":0,"max_hp_loss":0,"event_name":"Shining Light","floor":3,"gold_loss":0,"cards_upgraded":["Defend_B","Strike_B"]},{"damage_healed":0,"gold_gain":0,"player_choice":"Searched \u00270\u0027 times","damage_taken":0,"max_hp_gain":0,"max_hp_loss":0,"event_name":"Dead Adventurer","floor":8,"gold_loss":0},{"damage_healed":17,"gold_gain":0,"player_choice":"Healed","damage_taken":0,"max_hp_gain":0,"max_hp_loss":0,"event_name":"The Cleric","floor":12,"gold_loss":35},{"damage_healed":0,"gold_gain":0,"player_choice":"Gave Potion","damage_taken":0,"relics_obtained":["FossilizedHelix"],"max_hp_gain":0,"max_hp_loss":0,"event_name":"WeMeetAgain","floor":20,"gold_loss":0}],"is_beta":false,"boss_relics":[{"not_picked":["Snecko Eye","Black Star"],"picked":"Cursed Key"}],"items_purged_floors":[],"is_endless":false,"potions_floor_spawned":[6,7,13,19,22],"killed_by":"Gremlin Leader","ascension_level":0}