{"gold_per_floor":[359,58,70,20,120,152,152,172,172,172,185,215,234,244,244,340,340,351,351,282,282,272,272,302,316,342,342,44,61,90,90,90,185,185,204,224,178,178,189,216,226,244,270,302,318,318,332,332,332,332],"floor_reached":51,"playtime":2489,"items_purged":["Strike_G","Strike_G"],"score":997,"play_id":"dc263650-c92b-4980-a882-47eebbf9fb60","local_time":"20190202005339","is_ascension_mode":true,"campfire_choices":[{"data":"Neutralize","floor":7.0,"key":"SMITH"},{"data":"Bouncing Flask","floor":10.0,"key":"SMITH"},{"data":"After Image","floor":15.0,"key":"SMITH"},{"floor":23.0,"key":"REST"},{"data":"Footwork","floor":27.0,"key":"SMITH"},{"floor":32.0,"key":"REST"},{"floor":49.0,"key":"REST"}],"neow_cost":"TEN_PERCENT_HP_LOSS","seed_source_timestamp":441110599225607,"circlet_count":0,"master_deck":["Defend_G","Defend_G","Defend_G","Defend_G","Defend_G","Strike_G","Strike_G","Survivor","Neutralize+1","Bouncing Flask+1","Poisoned Stab","Backflip","PiercingWail","After Image+1","Deadly Poison","Corpse Explosion","Dodge and Roll+1","Caltrops","Backflip","Noxious Fumes","Footwork+1","Escape Plan","Deadly Poison","After Image","Deflect","Backflip+1","Sadistic Nature"],"special_seed":0,"relics":["Ring of the Snake","TwistedFunnel","Letter Opener","Meat on the Bone","Lantern","Black Star","Omamori","Mercury Hourglass","The Specimen","Vajra","MealTicket","Torii","Oddly Smooth Stone","Philosopher\u0027s Stone","PreservedInsect","Bag of Preparation","Centennial Puzzle","Anchor","Dream Catcher"],"potions_floor_usage":[50,50,50],"damage_taken":[{"damage":0.0,"enemies":"Cultist","floor":1.0,"turns":6.0},{"damage":0.0,"enemies":"Jaw Worm","floor":3.0,"turns":3.0},{"damage":11.0,"enemies":"Gremlin Nob","floor":6.0,"turns":4.0},{"damage":0.0,"enemies":"2 Louse","floor":8.0,"turns":2.0},{"damage":13.0,"enemies":"Large Slime","floor":11.0,"turns":6.0},{"damage":1.0,"enemies":"Lagavulin","floor":12.0,"turns":5.0},{"damage":0.0,"enemies":"Lots of Slimes","floor":13.0,"turns":3.0},{"damage":0.0,"enemies":"Blue Slaver","floor":14.0,"turns":5.0},{"damage":28.0,"enemies":"Slime Boss","floor":16.0,"turns":13.0},{"damage":12.0,"enemies":"Shell Parasite","floor":18.0,"turns":8.0},{"damage":9.0,"enemies":"2 Thieves","floor":22.0,"turns":4.0},{"damage":31.0,"enemies":"Book of Stabbing","floor":24.0,"turns":8.0},{"damage":13.0,"enemies":"Snake Plant","floor":25.0,"turns":5.0},{"damage":2.0,"enemies":"Centurion and Healer","floor":29.0,"turns":7.0},{"damage":9.0,"enemies":"Gremlin Leader","floor":30.0,"turns":5.0},{"damage":60.0,"enemies":"Champ","floor":33.0,"turns":12.0},{"damage":6.0,"enemies":"3 Shapes","floor":35.0,"turns":3.0},{"damage":0.0,"enemies":"Orb Walker","floor":36.0,"turns":4.0},{"damage":0.0,"enemies":"4 Shapes","floor":39.0,"turns":3.0},{"damage":7.0,"enemies":"Giant Head","floor":40.0,"turns":9.0},{"damage":0.0,"enemies":"Writhing Mass","floor":41.0,"turns":6.0},{"damage":21.0,"enemies":"Jaw Worm Horde","floor":42.0,"turns":3.0},{"damage":11.0,"enemies":"Nemesis","floor":44.0,"turns":7.0},{"damage":2.0,"enemies":"Transient","floor":45.0,"turns":5.0},{"damage":0.0,"enemies":"Writhing Mass","floor":47.0,"turns":5.0},{"damage":46,"enemies":"Awakened One","floor":50,"turns":17}],"seed_played":"-135613768221288699","potions_obtained":[{"floor":1.0,"key":"AttackPotion"},{"floor":3.0,"key":"Strength Potion"},{"floor":8.0,"key":"Swift Potion"},{"floor":18.0,"key":"GhostInAJar"},{"floor":24.0,"key":"Energy Potion"},{"floor":25.0,"key":"Ancient Potion"},{"floor":30.0,"key":"SpeedPotion"},{"floor":35.0,"key":"GamblersBrew"},{"floor":39.0,"key":"AttackPotion"}],"is_trial":false,"path_per_floor":["M","$","M","?","?","E","R","M","T","R","M","E","M","M","R","B",null,"M","?","$","?","M","R","E","M","T","R","$","M","E","?","R","B",null,"M","M","$","?","M","E","M","M","T","E","M","?","M","?","R","B",null],"character_chosen":"THE_SILENT","items_purchased":["TwistedFunnel","Poisoned Stab","Caltrops","MealTicket","Deflect"],"campfire_rested":3,"item_purchase_floors":[2,2,20,28,37],"current_hp_per_floor":[63,63,63,63,63,52,52,52,52,52,39,38,38,38,38,22,53,41,30,30,30,33,53,34,33,33,33,33,43,46,46,66,18,56,50,50,65,65,65,58,58,37,37,38,36,36,36,36,55,21],"gold":332,"neow_bonus":"TWO_FIFTY_GOLD","is_prod":false,"is_daily":false,"chose_seed":false,"campfire_upgraded":4,"win_rate":0,"timestamp":1549090419,"path_taken":["M","$","?","?","?","E","R","?","T","R","M","E","M","M","R","BOSS","M","?","$","?","M","R","E","M","T","R","$","?","E","?","R","BOSS","M","M","$","?","M","E","M","M","T","E","M","?","M","?","R","BOSS"],"build_version":"2019-01-23","purchased_purges":2,"victory":true,"max_hp_per_floor":[63,63,63,63,63,63,63,63,63,63,63,63,63,63,63,63,63,63,68,68,68,68,68,68,68,68,68,68,68,68,68,68,68,68,68,68,68,68,68,68,68,68,68,68,68,65,65,65,65,65],"card_choices":[{"not_picked":["Underhanded Strike","Blade Dance"],"picked":"Bouncing Flask","floor":1.0},{"not_picked":["Cloak And Dagger","Blade Dance"],"picked":"Backflip","floor":3.0},{"not_picked":["Outmaneuver","Quick Slash"],"picked":"PiercingWail","floor":6.0},{"not_picked":["Sucker Punch","Blade Dance"],"picked":"After Image","floor":8.0},{"not_picked":["Slice","Riddle With Holes","Endless Agony"],"picked":"SKIP","floor":11.0},{"not_picked":["Crippling Poison","Outmaneuver","Underhanded Strike"],"picked":"SKIP","floor":12.0},{"not_picked":["Sucker Punch","Concentrate","Crippling Poison"],"picked":"SKIP","floor":13.0},{"not_picked":["Dagger Spray","Sucker Punch"],"picked":"Deadly Poison","floor":14.0},{"not_picked":["Grand Finale","Die Die Die"],"picked":"Corpse Explosion","floor":16.0},{"not_picked":["Bane","Outmaneuver"],"picked":"Dodge and Roll+1","floor":18.0},{"not_picked":["PiercingWail","Outmaneuver"],"picked":"Backflip","floor":22.0},{"not_picked":["Malaise","Dagger Spray"],"picked":"Noxious Fumes","floor":24.0},{"not_picked":["Tactician+1","PiercingWail"],"picked":"Footwork","floor":25.0},{"not_picked":["Dodge and Roll","Poisoned Stab+1"],"picked":"Escape Plan","floor":29.0},{"not_picked":["Dodge and Roll","All Out Attack"],"picked":"Deadly Poison","floor":30.0},{"not_picked":["Venomology","Grand Finale"],"picked":"After Image","floor":33.0},{"not_picked":["Sucker Punch","Outmaneuver+1","Dodge and Roll+1"],"picked":"SKIP","floor":35.0},{"not_picked":["Blur","Bane+1","Poisoned Stab"],"picked":"SKIP","floor":36.0},{"not_picked":["Deadly Poison","Quick Slash"],"picked":"Backflip+1","floor":39.0},{"not_picked":["Skewer+1","Blade Dance+1","Envenom"],"picked":"SKIP","floor":40.0},{"not_picked":["Acrobatics","Flying Knee","Eviscerate"],"picked":"SKIP","floor":41.0},{"not_picked":["Cloak And Dagger+1","Slice+1","Dagger Spray+1"],"picked":"SKIP","floor":42.0},{"not_picked":["Deadly Poison","Slice+1","Dash+1"],"picked":"SKIP","floor":44.0},{"not_picked":["Dagger Spray+1","Infinite Blades","Cloak And Dagger"],"picked":"SKIP","floor":45.0},{"not_picked":["Deadly Poison+1","Phantasmal Killer","Flying Knee+1"],"picked":"SKIP","floor":47.0},{"not_picked":["Thinking Ahead","Secret Technique"],"picked":"Sadistic Nature","floor":48.0}],"player_experience":307515,"relics_obtained":[{"floor":6.0,"key":"Letter Opener"},{"floor":9.0,"key":"Meat on the Bone"},{"floor":12.0,"key":"Lantern"},{"floor":24.0,"key":"Mercury Hourglass"},{"floor":24.0,"key":"The Specimen"},{"floor":26.0,"key":"Vajra"},{"floor":30.0,"key":"Torii"},{"floor":30.0,"key":"Oddly Smooth Stone"},{"floor":40.0,"key":"PreservedInsect"},{"floor":40.0,"key":"Bag of Preparation"},{"floor":43.0,"key":"Centennial Puzzle"},{"floor":44.0,"key":"Anchor"},{"floor":44.0,"key":"Dream Catcher"}],"event_choices":[{"cards_removed":["Strike_G"],"damage_healed":0.0,"max_hp_gain":0.0,"max_hp_loss":0.0,"gold_gain":0.0,"event_name":"The Cleric","player_choice":"Card Removal","floor":4.0,"gold_loss":50.0,"damage_taken":0.0},{"damage_healed":0.0,"max_hp_gain":0.0,"max_hp_loss":0.0,"gold_gain":100.0,"event_name":"Golden Shrine","player_choice":"Pray","floor":5.0,"gold_loss":0.0,"damage_taken":0.0},{"damage_healed":0.0,"max_hp_gain":5.0,"max_hp_loss":0.0,"gold_gain":0.0,"event_name":"Forgotten Altar","player_choice":"Shed Blood","floor":19.0,"gold_loss":0.0,"damage_taken":16.0},{"damage_healed":0.0,"max_hp_gain":0.0,"max_hp_loss":0.0,"gold_gain":0.0,"event_name":"WeMeetAgain","player_choice":"Gave Potion","floor":21.0,"gold_loss":0.0,"damage_taken":0.0,"relics_obtained":["Omamori"]},{"damage_healed":0.0,"max_hp_gain":0.0,"max_hp_loss":0.0,"gold_gain":0.0,"event_name":"The Woman in Blue","player_choice":"Bought 0 Potions","floor":31.0,"gold_loss":0.0,"damage_taken":0.0},{"damage_healed":0.0,"max_hp_gain":0.0,"max_hp_loss":0.0,"gold_gain":0.0,"event_name":"Tomb of Lord Red Mask","player_choice":"Ignored","floor":38.0,"gold_loss":0.0,"damage_taken":0.0},{"damage_healed":0.0,"max_hp_gain":0.0,"max_hp_loss":3.0,"gold_gain":0.0,"event_name":"Winding Halls","player_choice":"Max HP","floor":46.0,"gold_loss":0.0,"damage_taken":0.0},{"damage_healed":0.0,"max_hp_gain":0.0,"max_hp_loss":0.0,"gold_gain":0.0,"event_name":"SensoryStone","player_choice":"Memory 1","floor":48.0,"gold_loss":0.0,"damage_taken":0.0}],"is_beta":false,"boss_relics":[{"not_picked":["Lizard Tail","Orrery"],"picked":"Black Star"},{"not_picked":["Velvet Choker","HoveringKite"],"picked":"Philosopher\u0027s Stone"}],"items_purged_floors":[2,28],"is_endless":false,"potions_floor_spawned":[1,3,8,14,18,24,25,30,35,39,41,45],"ascension_level":6}