{"gold_per_floor":[99,99,99,99,99,99,69,69,69,69,69,69,69,69,69,69,69,69,69,69,69,69,69,69,69],"floor_reached":25,"playtime":2145,"items_purged":[],"score":201,"play_id":"5c7ef12b-4c28-4b4d-9094-1e2a71105a84","local_time":"20190113014750","is_ascension_mode":false,"campfire_choices":[{"floor":6,"key":"RECALL"},{"data":"Footwork","floor":10,"key":"SMITH"},{"data":"Noxious Fumes","floor":15,"key":"SMITH"},{"floor":23,"key":"REST"}],"neow_cost":"NONE","seed_source_timestamp":79362116261256,"circlet_count":0,"master_deck":["Defend_G","Defend_G","Defend_G","Defend_G","Defend_G","Strike_G","Strike_G","Strike_G","Strike_G","Strike_G","Survivor","Neutralize","Bouncing Flask","Deadly Poison","Deadly Poison","Footwork+1","Calculated Gamble","Noxious Fumes+1","Escape Plan","A Thousand Cuts","Noxious Fumes","PanicButton","Panacea","Panacea","Backflip","Acrobatics","Corpse Explosion"],"relics":["Ectoplasm","Pantograph","Calipers","Philosopher\u0027s Stone"],"potions_floor_usage":[5,21],"damage_taken":[{"damage":5,"enemies":"Small Slimes","floor":1,"turns":4},{"damage":0,"enemies":"Cultist","floor":3,"turns":4},{"damage":0,"enemies":"Jaw Worm","floor":4,"turns":3},{"damage":0,"enemies":"Gremlin Gang","floor":5,"turns":5},{"damage":7,"enemies":"Looter","floor":7,"turns":3},{"damage":15,"enemies":"3 Louse","floor":8,"turns":4},{"damage":1,"enemies":"Blue Slaver","floor":11,"turns":4},{"damage":3,"enemies":"Red Slaver","floor":13,"turns":4},{"damage":5,"enemies":"2 Fungi Beasts","floor":14,"turns":4},{"damage":22,"enemies":"Hexaghost","floor":16,"turns":8},{"damage":6,"enemies":"Shell Parasite","floor":18,"turns":5},{"damage":7,"enemies":"Chosen","floor":21,"turns":4},{"damage":4,"enemies":"Snecko","floor":22,"turns":6},{"damage":10,"enemies":"Cultist and Chosen","floor":24,"turns":6},{"damage":37,"enemies":"Slavers","floor":25,"turns":2}],"seed_played":"-7082411564836194063","potions_obtained":[{"floor":1,"key":"SkillPotion"},{"floor":3,"key":"AttackPotion"},{"floor":7,"key":"SkillPotion"},{"floor":13,"key":"Fire Potion"},{"floor":18,"key":"SteroidPotion"},{"floor":21,"key":"SteroidPotion"}],"is_trial":false,"path_per_floor":["M","?","M","M","M","R","M","M","T","R","M","$","M","M","R","B",null,"M","?","?","M","M","R","M","E"],"character_chosen":"THE_SILENT","items_purchased":[],"campfire_rested":1,"item_purchase_floors":[],"current_hp_per_floor":[65,65,65,65,65,65,58,43,43,43,42,42,39,34,34,37,70,64,64,36,29,25,46,36,0],"gold":69,"neow_bonus":"BOSS_RELIC","is_prod":false,"is_daily":false,"chose_seed":false,"campfire_upgraded":2,"win_rate":0,"timestamp":1547362070,"path_taken":["M","?","?","M","M","R","M","M","T","R","M","$","M","M","R","BOSS","M","?","?","M","M","R","?","E"],"build_version":"2019-01-10","purchased_purges":0,"victory":false,"max_hp_per_floor":[70,70,70,70,70,70,70,70,70,70,70,70,70,70,70,70,70,70,70,70,70,70,70,70,70],"card_choices":[{"not_picked":["Dagger Spray","Tactician"],"picked":"Bouncing Flask","floor":1},{"not_picked":["Dagger Spray","Reflex"],"picked":"Deadly Poison","floor":3},{"not_picked":["Flying Knee","Outmaneuver"],"picked":"Deadly Poison","floor":4},{"not_picked":["Masterful Stab","Poisoned Stab"],"picked":"Footwork","floor":5},{"not_picked":["Cloak And Dagger","Underhanded Strike"],"picked":"Calculated Gamble","floor":7},{"not_picked":["Deflect","Escape Plan"],"picked":"Noxious Fumes","floor":8},{"not_picked":["Quick Slash","PiercingWail"],"picked":"Escape Plan","floor":11},{"not_picked":["Tactician","Blade Dance","Flechettes"],"picked":"SKIP","floor":13},{"not_picked":["Deflect","Dagger Spray","Flying Knee"],"picked":"SKIP","floor":14},{"not_picked":["Wraith Form v2","Glass Knife"],"picked":"A Thousand Cuts","floor":16},{"not_picked":["PiercingWail+1","Bane"],"picked":"Noxious Fumes","floor":18},{"not_picked":["Distraction","Dagger Spray"],"picked":"Backflip","floor":21},{"not_picked":["Deadly Poison","Underhanded Strike+1"],"picked":"Acrobatics","floor":22},{"not_picked":["Quick Slash","Blade Dance"],"picked":"Corpse Explosion","floor":24}],"player_experience":80213,"relics_obtained":[{"floor":9,"key":"Calipers"}],"event_choices":[{"damage_healed":0,"gold_gain":0,"player_choice":"Gave Potion","damage_taken":0,"relics_obtained":["Pantograph"],"max_hp_gain":0,"max_hp_loss":0,"event_name":"WeMeetAgain","floor":2,"gold_loss":0},{"damage_healed":0,"gold_gain":0,"player_choice":"Ignored","damage_taken":0,"max_hp_gain":0,"max_hp_loss":0,"event_name":"Beggar","floor":19,"gold_loss":0},{"damage_healed":0,"gold_gain":0,"player_choice":"CARD CARD CARD ","damage_taken":28,"max_hp_gain":0,"max_hp_loss":0,"event_name":"Knowing Skull","floor":20,"potions_obtained":[],"gold_loss":0,"cards_obtained":["PanicButton","Panacea","Panacea"]}],"is_beta":false,"boss_relics":[{"not_picked":["White Beast Statue","Velvet Choker"],"picked":"Philosopher\u0027s Stone"}],"items_purged_floors":[],"is_endless":false,"potions_floor_spawned":[1,3,7,13,18,21],"killed_by":"Slavers","ascension_level":0}