{"gold_per_floor":[119,130,206,131,131,165,115,143,211,226,126,126,136,146,146,249,249,264,279,279,154,154,4,4,19,73,85,85,105,122,137,137,137],"floor_reached":33,"playtime":2508,"items_purged":["Defend_R","Defend_R","Strike_R","Defend_R"],"score":249,"play_id":"b4ca8ac6-b486-4237-87a6-de1a863acbfa","local_time":"20190201212059","is_ascension_mode":false,"campfire_choices":[{"data":"Bash","floor":12,"key":"SMITH"},{"data":"Shrug It Off","floor":15,"key":"SMITH"},{"data":"Limit Break","floor":24,"key":"SMITH"},{"floor":28,"key":"REST"},{"floor":32,"key":"REST"}],"neow_cost":"NONE","seed_source_timestamp":259545829359927,"circlet_count":0,"master_deck":["Strike_R","Strike_R","Defend_R","Bash+1","Dropkick","Shrug It Off+1","Limit Break+1"],"relics":["Burning Blood","Ornamental Fan","Vajra","Odd Mushroom","Self Forming Clay","Lizard Tail","Centennial Puzzle"],"potions_floor_usage":[16,16,30,33,33],"damage_taken":[{"damage":5,"enemies":"Cultist","floor":1,"turns":4},{"damage":1,"enemies":"Small Slimes","floor":2,"turns":4},{"damage":33,"enemies":"Gremlin Nob","floor":6,"turns":5},{"damage":15,"enemies":"The Mushroom Lair","floor":8,"turns":6},{"damage":0,"enemies":"2 Louse","floor":10,"turns":3},{"damage":7,"enemies":"Lots of Slimes","floor":13,"turns":5},{"damage":4,"enemies":"3 Louse","floor":14,"turns":4},{"damage":20,"enemies":"The Guardian","floor":16,"turns":8},{"damage":11,"enemies":"3 Byrds","floor":18,"turns":7},{"damage":26,"enemies":"Spheric Guardian","floor":19,"turns":7},{"damage":18,"enemies":"Centurion and Healer","floor":25,"turns":5},{"damage":17,"enemies":"Snake Plant","floor":27,"turns":4},{"damage":12,"enemies":"Shelled Parasite and Fungi","floor":29,"turns":6},{"damage":9,"enemies":"Cultist and Chosen","floor":30,"turns":6},{"damage":10,"enemies":"Snake Plant","floor":31,"turns":4},{"damage":18,"enemies":"Automaton","floor":33,"turns":6}],"seed_played":"-5403763186320961090","potions_obtained":[{"floor":6,"key":"PowerPotion"},{"floor":8,"key":"Strength Potion"},{"floor":10,"key":"GamblersBrew"},{"floor":25,"key":"Strength Potion"},{"floor":27,"key":"Block Potion"},{"floor":29,"key":"FearPotion"},{"floor":30,"key":"SpeedPotion"}],"is_trial":false,"path_per_floor":["M","M","T","$","?","E","?","?","T","M","$","R","M","M","R","B",null,"M","M","?","$","?","$","R","M","T","M","R","M","M","M","R","B"],"character_chosen":"IRONCLAD","items_purchased":[],"campfire_rested":2,"item_purchase_floors":[],"current_hp_per_floor":[80,80,80,80,80,53,53,44,44,50,50,50,49,51,51,37,80,75,55,55,55,47,47,47,35,35,24,48,42,39,35,59,41],"gold":137,"neow_bonus":"TRANSFORM_CARD","is_prod":false,"is_daily":false,"chose_seed":false,"campfire_upgraded":3,"win_rate":0,"timestamp":1549068659,"path_taken":["M","M","?","$","?","E","?","?","T","M","$","R","M","M","R","BOSS","M","M","?","$","?","$","R","M","T","M","R","M","?","M","R","BOSS"],"build_version":"2019-01-23","purchased_purges":4,"victory":false,"max_hp_per_floor":[80,80,80,80,80,80,80,80,80,80,80,80,80,80,80,80,80,80,80,80,80,80,80,80,80,80,80,80,80,80,80,80,80],"card_choices":[{"not_picked":["Cleave","Sentinel"],"picked":"Shrug It Off","floor":1},{"not_picked":["Flex","Battle Trance","Sentinel"],"picked":"SKIP","floor":2},{"not_picked":["Warcry","Burning Pact","Fire Breathing"],"picked":"SKIP","floor":6},{"not_picked":["Perfected Strike","Rupture","Shrug It Off"],"picked":"SKIP","floor":10},{"not_picked":["Cleave","Body Slam","Heavy Blade"],"picked":"SKIP","floor":13},{"not_picked":["Battle Trance","Corruption","Iron Wave"],"picked":"SKIP","floor":14},{"not_picked":["Immolate","Dark Embrace"],"picked":"Limit Break","floor":16},{"not_picked":["Headbutt+1","Clothesline","Iron Wave"],"picked":"SKIP","floor":18},{"not_picked":["Hemokinesis+1","Clothesline","Flame Barrier+1"],"picked":"SKIP","floor":19},{"not_picked":["Combust","Iron Wave","Clash"],"picked":"SKIP","floor":25},{"not_picked":["Heavy Blade","Headbutt","Flex"],"picked":"SKIP","floor":27},{"not_picked":["Flex","True Grit","Pommel Strike"],"picked":"SKIP","floor":29},{"not_picked":["Clothesline","Intimidate","Havoc"],"picked":"SKIP","floor":30},{"not_picked":["Sentinel+1","Hemokinesis","Perfected Strike"],"picked":"SKIP","floor":31}],"player_experience":305552,"relics_obtained":[{"floor":3,"key":"Ornamental Fan"},{"floor":6,"key":"Vajra"},{"floor":8,"key":"Odd Mushroom"},{"floor":9,"key":"Self Forming Clay"},{"floor":26,"key":"Centennial Puzzle"}],"event_choices":[{"damage_healed":0,"gold_gain":0,"player_choice":"Ignored","damage_taken":0,"max_hp_gain":0,"max_hp_loss":0,"event_name":"Liars Game","floor":5,"gold_loss":0},{"cards_removed":["Strike_R"],"damage_healed":0,"gold_gain":0,"player_choice":"Card Removal","damage_taken":0,"max_hp_gain":0,"max_hp_loss":0,"event_name":"The Cleric","floor":7,"gold_loss":50},{"damage_healed":0,"gold_gain":0,"player_choice":"Fought Mushrooms","damage_taken":0,"max_hp_gain":0,"max_hp_loss":0,"event_name":"Mushrooms","floor":8,"gold_loss":0},{"damage_healed":0,"gold_gain":0,"player_choice":"Ignored","damage_taken":0,"max_hp_gain":0,"max_hp_loss":0,"event_name":"Vampires","floor":20,"gold_loss":0},{"damage_healed":0,"gold_gain":0,"player_choice":"Damaged","damage_taken":8,"max_hp_gain":0,"max_hp_loss":0,"event_name":"Wheel of Change","floor":22,"gold_loss":0}],"is_beta":false,"boss_relics":[{"not_picked":["Velvet Choker","Runic Cube"],"picked":"Lizard Tail"}],"items_purged_floors":[4,11,21,23],"is_endless":false,"potions_floor_spawned":[6,8,10,14,25,27,29,30],"killed_by":"Automaton","ascension_level":0}