{"gold_per_floor":[219,394,408,408,72,72,100,175,223,294,44,56,56,88,88,160,160,173,98,13,13,23,43,43,99,122,122,137,137],"floor_reached":29,"playtime":955,"items_purged":["Doubt"],"score":423,"play_id":"09ff9508-9808-4ada-9221-331b57e9bd54","local_time":"20190202154731","is_ascension_mode":true,"campfire_choices":[{"data":"Predator","floor":6.0,"key":"SMITH"},{"floor":13.0,"key":"REST"},{"data":"Neutralize","floor":15.0,"key":"SMITH"},{"floor":24.0,"key":"REST"}],"neow_cost":"NONE","seed_source_timestamp":5182160041400,"circlet_count":0,"master_deck":["AscendersBane","Defend_G","Defend_G","Defend_G","Defend_G","Defend_G","Strike_G","Strike_G","Strike_G","Strike_G","Survivor","Neutralize+1","Predator+1","Well Laid Plans","Backstab","Burst","Deadly Poison","Envenom","Dagger Spray","Footwork","Footwork"],"special_seed":0,"relics":["Ring of the Snake","Mercury Hourglass","Snake Skull","Bottled Flame","Oddly Smooth Stone","Bronze Scales","Ninja Scroll","Black Star","Pen Nib","Centennial Puzzle","Tiny Chest","Anchor","Question Card"],"potions_floor_usage":[],"damage_taken":[{"damage":0.0,"enemies":"2 Louse","floor":1.0,"turns":3.0},{"damage":0.0,"enemies":"Small Slimes","floor":3.0,"turns":7.0},{"damage":6.0,"enemies":"3 Sentries","floor":7.0,"turns":5.0},{"damage":0.0,"enemies":"Jaw Worm","floor":12.0,"turns":2.0},{"damage":16.0,"enemies":"Gremlin Nob","floor":14.0,"turns":3.0},{"damage":14.0,"enemies":"Hexaghost","floor":16.0,"turns":10.0},{"damage":14.0,"enemies":"Spheric Guardian","floor":18.0,"turns":5.0},{"damage":21.0,"enemies":"2 Thieves","floor":22.0,"turns":4.0},{"damage":21.0,"enemies":"Shelled Parasite and Fungi","floor":23.0,"turns":6.0},{"damage":26.0,"enemies":"Gremlin Leader","floor":25.0,"turns":6.0},{"damage":2.0,"enemies":"Snake Plant","floor":28.0,"turns":3.0},{"damage":2,"enemies":"Centurion and Healer","floor":29,"turns":6}],"seed_played":"2412281251626725588","potions_obtained":[{"floor":1.0,"key":"Explosive Potion"},{"floor":3.0,"key":"Dexterity Potion"},{"floor":18.0,"key":"Weak Potion"},{"floor":22.0,"key":"Regen Potion"},{"floor":25.0,"key":"SteroidPotion"}],"is_trial":false,"path_per_floor":["M","?","M","?","$","R","E","?","T","?","$","M","R","E","R","B",null,"M","?","?","$","M","M","R","E","T","T","M","M"],"character_chosen":"THE_SILENT","items_purchased":["Snake Skull","Well Laid Plans","Backstab","Deadly Poison","Bronze Scales","PowerPotion"],"campfire_rested":2,"item_purchase_floors":[5,5,5,11,11,11],"current_hp_per_floor":[59,59,59,34,34,34,28,17,17,17,17,17,36,20,20,6,51,37,37,37,37,16,10,29,3,3,3,1,0],"gold":137,"neow_bonus":"HUNDRED_GOLD","is_prod":false,"is_daily":false,"chose_seed":false,"campfire_upgraded":2,"win_rate":0,"timestamp":1549115251,"path_taken":["M","?","M","?","$","R","E","?","T","?","$","M","R","E","R","BOSS","M","?","?","?","M","?","R","E","T","?","M","M"],"build_version":"2019-01-23","purchased_purges":1,"victory":false,"max_hp_per_floor":[66,66,66,66,66,66,66,66,66,66,66,66,66,66,66,66,66,66,66,66,66,66,66,66,66,66,66,66,66],"card_choices":[{"not_picked":["Flechettes","Prepared","Expertise"],"picked":"SKIP","floor":1.0},{"not_picked":["Underhanded Strike","Flechettes"],"picked":"Predator","floor":3.0},{"not_picked":["Bane","Flechettes"],"picked":"Burst","floor":7.0},{"not_picked":["Cloak And Dagger","Acrobatics","Slice"],"picked":"SKIP","floor":12.0},{"not_picked":["Underhanded Strike","Tools of the Trade","Cloak And Dagger"],"picked":"SKIP","floor":14.0},{"not_picked":["Glass Knife","Bullet Time"],"picked":"Envenom","floor":16.0},{"not_picked":["Blade Dance","Bane","Quick Slash"],"picked":"SKIP","floor":18.0},{"not_picked":["Deadly Poison","Outmaneuver"],"picked":"Dagger Spray","floor":22.0},{"not_picked":["Cloak And Dagger","Choke"],"picked":"Footwork","floor":23.0},{"not_picked":["Sucker Punch+1","Riddle With Holes","Flying Knee"],"picked":"SKIP","floor":25.0},{"not_picked":["Deflect+1","Dagger Spray","Distraction"],"picked":"Footwork","floor":28.0}],"player_experience":569704,"relics_obtained":[{"floor":7.0,"key":"Bottled Flame"},{"floor":9.0,"key":"Oddly Smooth Stone"},{"floor":14.0,"key":"Ninja Scroll"},{"floor":25.0,"key":"Centennial Puzzle"},{"floor":25.0,"key":"Tiny Chest"},{"floor":26.0,"key":"Anchor"},{"floor":27.0,"key":"Question Card"}],"event_choices":[{"damage_healed":0.0,"max_hp_gain":0.0,"max_hp_loss":0.0,"gold_gain":175.0,"event_name":"Liars Game","player_choice":"AGREE","floor":2.0,"gold_loss":0.0,"damage_taken":0.0,"cards_obtained":["Doubt"]},{"damage_healed":0.0,"max_hp_gain":0.0,"max_hp_loss":0.0,"gold_gain":0.0,"event_name":"Scrap Ooze","player_choice":"Success","floor":4.0,"gold_loss":0.0,"damage_taken":25.0,"relics_obtained":["Mercury Hourglass"]},{"damage_healed":0.0,"max_hp_gain":0.0,"max_hp_loss":0.0,"gold_gain":75.0,"event_name":"World of Goop","player_choice":"Gather Gold","floor":8.0,"gold_loss":0.0,"damage_taken":11.0},{"damage_healed":0.0,"max_hp_gain":0.0,"max_hp_loss":0.0,"gold_gain":71.0,"event_name":"Golden Wing","player_choice":"Gained Gold","floor":10.0,"gold_loss":0.0,"damage_taken":0.0},{"cards_removed":["Strike_G"],"damage_healed":0.0,"max_hp_gain":0.0,"max_hp_loss":0.0,"gold_gain":0.0,"event_name":"Beggar","player_choice":"Gave Gold","floor":19.0,"gold_loss":75.0,"damage_taken":0.0},{"damage_healed":0.0,"max_hp_gain":0.0,"max_hp_loss":0.0,"gold_gain":0.0,"event_name":"Addict","player_choice":"Obtained Relic","floor":20.0,"gold_loss":85.0,"damage_taken":0.0,"relics_obtained":["Pen Nib"]}],"is_beta":false,"boss_relics":[{"not_picked":["Snecko Eye","Eternal Feather"],"picked":"Black Star"}],"items_purged_floors":[5],"is_endless":false,"potions_floor_spawned":[1,3,18,22,25],"killed_by":"Centurion and Healer","ascension_level":14}