{"gold_per_floor":[113,128,128,78,91,121,121,46,128,140,155,55,55,67,67,169,169,180,279,39,52,52,52,71,71],"floor_reached":25,"playtime":948,"items_purged":["Strike_B","Strike_B"],"score":254,"play_id":"a95e0b4d-b3cd-4512-915e-ef4fc006013b","local_time":"20190119032441","is_ascension_mode":true,"campfire_choices":[{"data":"Hello World","floor":7,"key":"SMITH"},{"floor":15,"key":"REST"},{"floor":23,"key":"REST"}],"neow_cost":"NONE","seed_source_timestamp":706952337692583,"circlet_count":0,"master_deck":["Strike_B","Defend_B+1","Defend_B","Defend_B+1","Zap+1","Dualcast","Static Discharge","Capacitor","Cold Snap","Tempest","Gash+1","Defragment","White Noise"],"relics":["Cracked Core","NeowsBlessing","War Paint","Bottled Lightning","Empty Cage","Runic Capacitor"],"potions_floor_usage":[25,25],"damage_taken":[{"damage":0,"enemies":"2 Louse","floor":1,"turns":1},{"damage":0,"enemies":"Jaw Worm","floor":2,"turns":1},{"damage":0,"enemies":"Cultist","floor":5,"turns":1},{"damage":35,"enemies":"3 Sentries","floor":6,"turns":7},{"damage":12,"enemies":"Exordium Wildlife","floor":10,"turns":7},{"damage":10,"enemies":"3 Louse","floor":11,"turns":3},{"damage":5,"enemies":"2 Fungi Beasts","floor":14,"turns":3},{"damage":27,"enemies":"The Guardian","floor":16,"turns":12},{"damage":20,"enemies":"Spheric Guardian","floor":18,"turns":5},{"damage":25,"enemies":"Chosen","floor":21,"turns":5},{"damage":16,"enemies":"Shelled Parasite and Fungi","floor":24,"turns":7},{"damage":28,"enemies":"Snake Plant","floor":25,"turns":3}],"seed_played":"3688944356208388722","potions_obtained":[{"floor":5,"key":"Weak Potion"},{"floor":10,"key":"GamblersBrew"},{"floor":16,"key":"Explosive Potion"},{"floor":18,"key":"AttackPotion"}],"is_trial":false,"path_per_floor":["M","M","?","?","M","E","R","$","T","M","M","$","?","M","R","B",null,"M","?","$","M","?","R","M","M"],"character_chosen":"DEFECT","items_purchased":["Defragment","Runic Capacitor"],"campfire_rested":2,"item_purchase_floors":[20,20],"current_hp_per_floor":[75,75,80,80,80,45,45,45,45,33,23,23,23,18,42,15,64,44,44,44,19,19,43,27,0],"gold":71,"neow_bonus":"THREE_ENEMY_KILL","is_prod":false,"is_daily":false,"chose_seed":false,"campfire_upgraded":1,"win_rate":0,"timestamp":1547880881,"path_taken":["M","M","?","?","M","E","R","$","T","M","M","$","?","?","R","BOSS","M","?","$","M","?","R","M","M"],"build_version":"2019-01-17v2","purchased_purges":2,"victory":false,"max_hp_per_floor":[75,75,80,80,80,80,80,80,80,80,80,80,80,80,80,80,80,80,80,80,80,80,80,80,80],"card_choices":[{"not_picked":["Coolheaded","Hologram"],"picked":"Static Discharge","floor":1},{"not_picked":["Ball Lightning","Compile Driver"],"picked":"Capacitor","floor":2},{"not_picked":["Sweeping Beam","Go for the Eyes"],"picked":"Cold Snap","floor":5},{"not_picked":["Ball Lightning","Steam"],"picked":"Hello World","floor":6},{"not_picked":["BootSequence","Hologram","Rebound"],"picked":"SKIP","floor":10},{"not_picked":["Redo","Steam Power"],"picked":"Tempest","floor":11},{"not_picked":["Redo","Beam Cell","Doom and Gloom"],"picked":"SKIP","floor":14},{"not_picked":["Heatsinks","Chaos"],"picked":"Gash+1","floor":18},{"not_picked":["Genetic Algorithm","Steam","Hologram+1"],"picked":"SKIP","floor":21},{"not_picked":["BootSequence","Ball Lightning"],"picked":"White Noise","floor":24}],"player_experience":179854,"relics_obtained":[{"floor":6,"key":"War Paint"},{"floor":9,"key":"Bottled Lightning"}],"event_choices":[{"damage_healed":0,"gold_gain":0,"player_choice":"Donut","damage_taken":0,"max_hp_gain":5,"max_hp_loss":0,"event_name":"Big Fish","floor":3,"gold_loss":0},{"cards_removed":["Strike_B"],"damage_healed":0,"gold_gain":0,"player_choice":"Card Removal","damage_taken":0,"max_hp_gain":0,"max_hp_loss":0,"event_name":"The Cleric","floor":4,"gold_loss":50},{"damage_healed":0,"gold_gain":0,"player_choice":"Upgraded","damage_taken":0,"max_hp_gain":0,"max_hp_loss":0,"event_name":"Upgrade Shrine","floor":13,"gold_loss":0,"cards_upgraded":["Zap"]},{"damage_healed":0,"gold_gain":99,"player_choice":"Stole From Cult","damage_taken":0,"max_hp_gain":0,"max_hp_loss":0,"event_name":"Nest","floor":19,"gold_loss":0},{"damage_healed":0,"gold_gain":0,"player_choice":"Ignored","damage_taken":0,"max_hp_gain":0,"max_hp_loss":0,"event_name":"Beggar","floor":22,"gold_loss":0}],"is_beta":false,"boss_relics":[{"not_picked":["Busted Crown","White Beast Statue"],"picked":"Empty Cage"}],"items_purged_floors":[8,12],"is_endless":false,"potions_floor_spawned":[5,10,16,18,21,24],"killed_by":"Snake Plant","ascension_level":5}