{"gold_per_floor":[10,10,10,24,39,39,51,80,80,80,110,121,150,166,166,263,263,274,60,72,82,82,82,7,37,64,92,110,136,136,155,155,254,254,268,268,279,292,367,399,399,427,453,453,469,37,70,90,90,90],"floor_reached":51,"playtime":4252,"items_purged":["Strike_R","Perfected Strike+1"],"score":883,"play_id":"637d3ddd-2c5d-40d0-b14f-bd635494b6e8","local_time":"20181228191942","is_ascension_mode":true,"campfire_choices":[{"data":"Bash","floor":6,"key":"SMITH"},{"floor":10,"key":"REST"},{"data":"Shockwave","floor":15,"key":"SMITH"},{"data":"Uppercut","floor":23,"key":"SMITH"},{"data":"Double Tap","floor":32,"key":"SMITH"},{"data":"Offering","floor":41,"key":"SMITH"},{"data":"Flex","floor":44,"key":"SMITH"},{"data":"Pommel Strike","floor":49,"key":"SMITH"}],"neow_cost":"NO_GOLD","seed_source_timestamp":589522341666360,"circlet_count":0,"master_deck":["Strike_R","Strike_R","Strike_R+1","Defend_R","Defend_R+1","Bash+1","Brutality","Dropkick","Pommel Strike+1","Iron Wave","Reaper","Metallicize+1","Clash","Offering+1","Shockwave+1","Flex+1","Clash","Double Tap+1","Spot Weakness+1","Rage","Uppercut+1","Finesse","Thunderclap+1","Bloodletting+1","Clash+1","Perfected Strike+1","Warcry+1","Anger+1","Uppercut+1","Double Tap+1","Anger+1","Spot Weakness+1","Flex+1","Whirlwind+1","Seeing Red+1","Trip+1","Fire Breathing+1"],"relics":["Burning Blood","Oddly Smooth Stone","Dream Catcher","Pear","Unceasing Top","Astrolabe","MutagenicStrength","Molten Egg 2","Bronze Scales","Toxic Egg 2","Sundial","Coffee Dripper","Mummified Hand","Darkstone Periapt","Blood Vial","Shuriken","Bottled Flame"],"potions_floor_usage":[16,16,33,33],"damage_taken":[{"damage":8,"enemies":"Jaw Worm","floor":1,"turns":4},{"damage":8,"enemies":"Small Slimes","floor":4,"turns":3},{"damage":2,"enemies":"Cultist","floor":5,"turns":3},{"damage":3,"enemies":"Looter","floor":7,"turns":4},{"damage":37,"enemies":"3 Sentries","floor":8,"turns":9},{"damage":23,"enemies":"Gremlin Nob","floor":11,"turns":4},{"damage":22,"enemies":"Large Slime","floor":12,"turns":7},{"damage":35,"enemies":"3 Sentries","floor":13,"turns":9},{"damage":9,"enemies":"2 Fungi Beasts","floor":14,"turns":4},{"damage":39,"enemies":"Slime Boss","floor":16,"turns":11},{"damage":13,"enemies":"Spheric Guardian","floor":18,"turns":3},{"damage":16,"enemies":"2 Thieves","floor":20,"turns":4},{"damage":18,"enemies":"Snecko","floor":21,"turns":4},{"damage":21,"enemies":"Gremlin Leader","floor":25,"turns":6},{"damage":15,"enemies":"Slavers","floor":27,"turns":4},{"damage":4,"enemies":"Centurion and Healer","floor":28,"turns":4},{"damage":16,"enemies":"Book of Stabbing","floor":29,"turns":3},{"damage":13,"enemies":"Shelled Parasite and Fungi","floor":31,"turns":2},{"damage":80,"enemies":"Automaton","floor":33,"turns":7},{"damage":6,"enemies":"3 Shapes","floor":35,"turns":2},{"damage":17,"enemies":"Orb Walker","floor":37,"turns":2},{"damage":13,"enemies":"Transient","floor":38,"turns":5},{"damage":20,"enemies":"Giant Head","floor":40,"turns":6},{"damage":9,"enemies":"Reptomancer","floor":42,"turns":1},{"damage":6,"enemies":"3 Darklings","floor":45,"turns":3},{"damage":12,"enemies":"Giant Head","floor":47,"turns":4},{"damage":34,"enemies":"Writhing Mass","floor":48,"turns":2},{"damage":30,"enemies":"Awakened One","floor":50,"turns":4}],"seed_played":"2464300264788377337","potions_obtained":[{"floor":4,"key":"LiquidBronze"},{"floor":5,"key":"FearPotion"},{"floor":13,"key":"FearPotion"},{"floor":14,"key":"Fire Potion"},{"floor":20,"key":"SpeedPotion"},{"floor":21,"key":"Weak Potion"},{"floor":29,"key":"Regen Potion"},{"floor":37,"key":"SkillPotion"},{"floor":38,"key":"Strength Potion"}],"is_trial":false,"path_per_floor":["M","?","?","M","M","R","M","E","T","R","E","M","E","M","R","B",null,"M","$","M","M","?","R","?","E","T","E","M","E","?","M","R","B",null,"M","?","M","M","?","E","R","E","T","R","M","$","E","M","R","B",null],"character_chosen":"IRONCLAD","items_purchased":["Uppercut","Finesse","Shuriken","Trip+1"],"campfire_rested":1,"item_purchase_floors":[19,19,46,46],"current_hp_per_floor":[78,62,62,60,64,64,67,48,48,72,65,53,36,41,41,20,90,83,83,89,89,89,89,89,90,90,85,87,77,77,78,78,44,90,90,90,79,86,77,63,63,60,60,60,76,76,84,71,71,66],"gold":90,"neow_bonus":"THREE_RARE_CARDS","is_prod":false,"is_daily":false,"chose_seed":false,"campfire_upgraded":7,"win_rate":0,"timestamp":1546037382,"path_taken":["M","?","?","M","M","R","M","E","T","R","E","M","E","M","R","BOSS","M","$","M","?","?","R","?","E","T","E","M","E","?","?","R","BOSS","M","?","?","M","?","E","R","E","T","R","?","$","E","M","R","BOSS"],"build_version":"2018-12-20","purchased_purges":2,"victory":true,"max_hp_per_floor":[80,80,80,80,80,80,80,80,80,80,90,90,90,90,90,90,90,90,90,90,90,90,90,90,90,90,90,90,90,90,90,90,90,90,90,90,90,90,90,90,90,90,90,90,90,90,90,90,90,90],"card_choices":[{"not_picked":["Impervious","Immolate"],"picked":"Brutality","floor":0},{"not_picked":["Twin Strike","Clash"],"picked":"Dropkick","floor":1},{"not_picked":["Body Slam","Cleave"],"picked":"Pommel Strike","floor":4},{"not_picked":["Twin Strike","Perfected Strike"],"picked":"Iron Wave","floor":5},{"not_picked":["Feel No Pain","Body Slam"],"picked":"Reaper","floor":7},{"not_picked":["Second Wind","Armaments"],"picked":"Metallicize","floor":8},{"not_picked":["Anger","Cleave"],"picked":"Clash","floor":10},{"not_picked":["Carnage","True Grit"],"picked":"Offering","floor":11},{"not_picked":["Pommel Strike","Pummel"],"picked":"Shockwave","floor":12},{"not_picked":["Perfected Strike","Shrug It Off"],"picked":"Flex","floor":13},{"not_picked":["Power Through","Pommel Strike"],"picked":"Clash","floor":14},{"not_picked":["Juggernaut","Berserk"],"picked":"Double Tap","floor":16},{"not_picked":["Pummel","Blood for Blood+1"],"picked":"Rage","floor":18},{"not_picked":["Body Slam+1","Ghostly Armor+1"],"picked":"Thunderclap+1","floor":20},{"not_picked":["True Grit","Headbutt"],"picked":"Bloodletting+1","floor":21},{"not_picked":["Anger","Offering"],"picked":"Clash+1","floor":25},{"not_picked":["Corruption+1","Entrench"],"picked":"Perfected Strike+1","floor":27},{"not_picked":["Shrug It Off+1","Pommel Strike+1"],"picked":"Warcry+1","floor":28},{"not_picked":["Flex+1","Clash+1"],"picked":"Anger+1","floor":29},{"not_picked":["Twin Strike+1","Clothesline+1"],"picked":"Uppercut+1","floor":31},{"not_picked":["Fiend Fire+1","Juggernaut"],"picked":"Double Tap+1","floor":33},{"not_picked":["Cleave+1","Heavy Blade+1"],"picked":"Anger+1","floor":35},{"not_picked":["Inflame+1","Sword Boomerang+1","Clothesline+1"],"picked":"SKIP","floor":37},{"not_picked":["Sword Boomerang+1","Clothesline+1"],"picked":"Spot Weakness+1","floor":38},{"not_picked":["Battle Trance+1","Anger+1"],"picked":"Flex+1","floor":40},{"not_picked":["Cleave+1","Twin Strike+1"],"picked":"Whirlwind+1","floor":42},{"not_picked":["Shrug It Off+1","Clash+1"],"picked":"Seeing Red+1","floor":45},{"not_picked":["Combust","Sever Soul+1"],"picked":"Fire Breathing+1","floor":47},{"not_picked":["Hemokinesis+1","Whirlwind+1","Sword Boomerang+1"],"picked":"SKIP","floor":48}],"player_experience":86814,"relics_obtained":[{"floor":8,"key":"Oddly Smooth Stone"},{"floor":9,"key":"Dream Catcher"},{"floor":11,"key":"Pear"},{"floor":13,"key":"Unceasing Top"},{"floor":25,"key":"Molten Egg 2"},{"floor":26,"key":"Bronze Scales"},{"floor":27,"key":"Toxic Egg 2"},{"floor":29,"key":"Sundial"},{"floor":40,"key":"Mummified Hand"},{"floor":42,"key":"Darkstone Periapt"},{"floor":43,"key":"Blood Vial"},{"floor":47,"key":"Bottled Flame"}],"event_choices":[{"damage_healed":0,"gold_gain":0,"player_choice":"Entered Light","damage_taken":16,"max_hp_gain":0,"max_hp_loss":0,"event_name":"Shining Light","floor":2,"gold_loss":0,"cards_upgraded":["Strike_R","Defend_R"]},{"damage_healed":0,"gold_gain":0,"cards_transformed":["Defend_R"],"player_choice":"Transformed","damage_taken":0,"max_hp_gain":0,"max_hp_loss":0,"event_name":"Transmorgrifier","floor":3,"gold_loss":0,"cards_obtained":["Corruption"]},{"damage_healed":0,"gold_gain":0,"player_choice":"Inject Mutagens","damage_taken":0,"relics_obtained":["MutagenicStrength"],"max_hp_gain":0,"max_hp_loss":0,"event_name":"Drug Dealer","floor":22,"gold_loss":0},{"cards_removed":["Second Wind"],"damage_healed":0,"gold_gain":0,"player_choice":"Gave Gold","damage_taken":0,"max_hp_gain":0,"max_hp_loss":0,"event_name":"Beggar","floor":24,"gold_loss":75},{"damage_healed":0,"gold_gain":0,"player_choice":"Bought 0 Potions","damage_taken":0,"max_hp_gain":0,"max_hp_loss":0,"event_name":"The Woman in Blue","floor":30,"gold_loss":0},{"damage_healed":0,"gold_gain":0,"player_choice":"Forge","damage_taken":0,"max_hp_gain":0,"max_hp_loss":0,"event_name":"Accursed Blacksmith","floor":36,"gold_loss":0,"cards_upgraded":["Metallicize"]},{"damage_healed":0,"gold_gain":75,"player_choice":"Touch","damage_taken":9,"max_hp_gain":0,"max_hp_loss":0,"event_name":"FaceTrader","floor":39,"gold_loss":0}],"is_beta":false,"boss_relics":[{"not_picked":["Sozu","Black Blood"],"picked":"Astrolabe"},{"not_picked":["White Beast Statue","Runic Dome"],"picked":"Coffee Dripper"}],"items_purged_floors":[19,46],"is_endless":false,"potions_floor_spawned":[4,5,13,14,20,21,29,31,37,38,47],"ascension_level":1}