{"path_per_floor":["M","M","?","M","M","E","R","E","T","R","M","M","R","M","R"],"character_chosen":"DEFECT","items_purchased":[],"gold_per_floor":[113,127,127,144,161,194,194,229,229,229,243,255,255,275,275,275],"floor_reached":16,"campfire_rested":2,"playtime":930,"item_purchase_floors":[],"current_hp_per_floor":[71,71,71,70,56,36,36,6,6,28,20,18,18,12,34,0],"items_purged":[],"gold":275,"score":114,"play_id":"74c90d01-ad7e-4b3a-b55c-db9dc4c72a04","local_time":"20180601225808","is_prod":false,"is_daily":false,"chose_seed":false,"is_ascension_mode":false,"campfire_upgraded":2,"win_rate":0,"timestamp":1527886688,"campfire_choices":[{"data":"Streamline","floor":7,"key":"SMITH"},{"floor":10,"key":"REST"},{"data":"Creative AI","floor":13,"key":"SMITH"},{"floor":15,"key":"REST"}],"path_taken":["M","M","?","M","?","E","R","E","T","R","M","M","R","M","R","BOSS"],"build_version":"2018-05-31","seed_source_timestamp":213977634407042,"purchased_purges":0,"victory":false,"master_deck":["Strike_B","Strike_B","Strike_B","Defend_B","Defend_B+1","Defend_B","Defend_B","Zap","Dualcast","Coolheaded+1","Cold Snap","Machine Learning","Streamline+1","Creative AI+1","Force Field","Go for the Eyes","Capacitor","Streamline"],"max_hp_per_floor":[75,75,75,75,75,75,75,75,75,75,75,75,75,75,75,75],"relics":["Cracked Core","War Paint","Gremlin Horn","Toxic Egg 2"],"card_choices":[{"not_picked":["Compile Driver","Cold Snap"],"picked":"Coolheaded","floor":0},{"not_picked":["Leap","Steam","BootSequence"],"picked":"SKIP","floor":1},{"not_picked":["Go for the Eyes","Beam Cell"],"picked":"Cold Snap","floor":2},{"not_picked":["Turbo","BootSequence"],"picked":"Streamline","floor":4},{"not_picked":["Darkness","Reprogram"],"picked":"Creative AI","floor":5},{"not_picked":["Auto Shields","Undo"],"picked":"Force Field","floor":6},{"not_picked":["Barrage","Cold Snap","Leap"],"picked":"SKIP","floor":8},{"not_picked":["Rip and Tear","Turbo+1"],"picked":"Go for the Eyes","floor":11},{"not_picked":["Reinforced Body+1","Buffer"],"picked":"Capacitor","floor":12},{"not_picked":["Steam+1","Barrage"],"picked":"Streamline","floor":14}],"player_experience":437718,"potions_floor_usage":[5,6,11,12],"damage_taken":[{"damage":4,"enemies":"Jaw Worm","floor":1,"turns":4},{"damage":0,"enemies":"Cultist","floor":2,"turns":4},{"damage":1,"enemies":"Small Slimes","floor":4,"turns":3},{"damage":14,"enemies":"Gremlin Gang","floor":5,"turns":7},{"damage":20,"enemies":"Gremlin Nob","floor":6,"turns":6},{"damage":30,"enemies":"Lagavulin","floor":8,"turns":6},{"damage":8,"enemies":"Looter","floor":11,"turns":2},{"damage":2,"enemies":"Large Slime","floor":12,"turns":4},{"damage":6,"enemies":"Exordium Thugs","floor":14,"turns":5},{"damage":35,"enemies":"Hexaghost","floor":16,"turns":9}],"relics_obtained":[{"floor":6,"key":"War Paint"},{"floor":8,"key":"Gremlin Horn"},{"floor":9,"key":"Toxic Egg 2"}],"event_choices":[{"event_name":"Transmorgrifier","player_choice":"Transform","floor":3,"damage_taken":0}],"boss_relics":[],"items_purged_floors":[],"potions_floor_spawned":[1,2,5,11],"seed_played":"-7825827270002099185","killed_by":"Hexaghost","ascension_level":0,"potions_obtained":[{"floor":1,"key":"Weak Potion"},{"floor":2,"key":"Weak Potion"},{"floor":5,"key":"FearPotion"},{"floor":11,"key":"EssenceOfSteel"}],"is_trial":false}