{"gold_per_floor":[111,30,30,40,40,40,75,91,118,83,83,98,98,116,116,116],"floor_reached":16,"playtime":643,"items_purged":[],"score":185,"play_id":"e4ae0021-d6b1-4d90-811b-e100f6e78ec6","local_time":"20190103044508","is_ascension_mode":true,"campfire_choices":[{"data":"Flame Barrier","floor":6,"key":"SMITH"},{"data":"Rampage","floor":11,"key":"SMITH"},{"data":"Iron Wave","floor":13,"key":"SMITH"},{"data":"Metallicize","floor":15,"key":"SMITH"}],"neow_cost":"PERCENT_DAMAGE","seed_source_timestamp":2264738190238547,"circlet_count":0,"master_deck":["AscendersBane","Strike_R","Strike_R","Strike_R","Strike_R","Strike_R","Defend_R+1","Defend_R","Defend_R+1","Defend_R","Bash","Flame Barrier+1","Metallicize+1","Iron Wave+1","Rampage+1","Shrug It Off"],"relics":["Burning Blood","Peace Pipe","War Paint","Boot"],"potions_floor_usage":[7],"damage_taken":[{"damage":8,"enemies":"Cultist","floor":1,"turns":5},{"damage":4,"enemies":"Jaw Worm","floor":4,"turns":4},{"damage":15,"enemies":"3 Sentries","floor":7,"turns":12},{"damage":6,"enemies":"Small Slimes","floor":8,"turns":5},{"damage":0,"enemies":"Exordium Wildlife","floor":12,"turns":5},{"damage":4,"enemies":"Blue Slaver","floor":14,"turns":5},{"damage":71,"enemies":"Slime Boss","floor":16,"turns":14}],"seed_played":"-6353763886358460323","potions_obtained":[{"floor":1,"key":"Fire Potion"},{"floor":4,"key":"Strength Potion"}],"is_trial":false,"path_per_floor":["M","$","?","M","$","R","E","M","T","?","R","M","R","M","R","B"],"character_chosen":"IRONCLAD","items_purchased":["Metallicize"],"campfire_rested":0,"item_purchase_floors":[2],"current_hp_per_floor":[48,48,48,50,50,50,41,41,41,59,59,65,65,67,67,0],"gold":116,"neow_bonus":"ONE_RARE_RELIC","is_prod":false,"is_daily":false,"chose_seed":false,"campfire_upgraded":4,"win_rate":0,"timestamp":1546487108,"path_taken":["M","?","?","M","$","R","E","M","T","?","R","M","R","M","R","BOSS"],"build_version":"2018-12-20","purchased_purges":0,"victory":false,"max_hp_per_floor":[75,75,75,75,75,75,75,75,75,75,75,75,75,75,75,75],"card_choices":[{"not_picked":["Fire Breathing","Combust"],"picked":"Flame Barrier","floor":1},{"not_picked":["Pommel Strike","Clothesline"],"picked":"Iron Wave","floor":4},{"not_picked":["Feed","Shrug It Off"],"picked":"Rampage","floor":7},{"not_picked":["Dual Wield","Armaments","Body Slam"],"picked":"SKIP","floor":8},{"not_picked":["Bloodletting","Pommel Strike"],"picked":"Shrug It Off","floor":12},{"not_picked":["Havoc","Cleave","Combust"],"picked":"SKIP","floor":14}],"player_experience":667949,"relics_obtained":[{"floor":7,"key":"War Paint"},{"floor":9,"key":"Boot"}],"event_choices":[{"damage_healed":0,"gold_gain":0,"player_choice":"Ignored","damage_taken":0,"max_hp_gain":0,"max_hp_loss":0,"event_name":"Liars Game","floor":3,"gold_loss":0},{"damage_healed":18,"gold_gain":0,"player_choice":"Healed","damage_taken":0,"max_hp_gain":0,"max_hp_loss":0,"event_name":"The Cleric","floor":10,"gold_loss":35}],"is_beta":false,"boss_relics":[],"items_purged_floors":[],"is_endless":false,"potions_floor_spawned":[1,4],"killed_by":"Slime Boss","ascension_level":17}