{"gold_per_floor":[12,22,32,32,48,48,48,48,48,74,99,124,124,49,49,49],"floor_reached":16,"playtime":607,"items_purged":["Strike_R"],"score":92,"play_id":"71c32ccc-5a75-4c0f-8285-a1c4ffe631ec","local_time":"20190127165817","is_ascension_mode":false,"campfire_choices":[{"data":"Searing Blow","floor":6,"key":"SMITH"},{"data":"Searing Blow+1","floor":8,"key":"SMITH"},{"floor":15,"key":"REST"}],"neow_cost":"NO_GOLD","seed_source_timestamp":339412107576700,"circlet_count":0,"master_deck":["Strike_R","Strike_R","Strike_R","Defend_R","Defend_R","Defend_R","Defend_R","Bash","Panacea","Madness","Searing Blow+2","Infernal Blade","Ghostly Armor","Armaments"],"relics":["Burning Blood","Golden Idol","Bottled Lightning","Odd Mushroom","Blue Candle"],"potions_floor_usage":[10,16],"damage_taken":[{"damage":6,"enemies":"Jaw Worm","floor":1,"turns":5},{"damage":3,"enemies":"Small Slimes","floor":2,"turns":4},{"damage":9,"enemies":"2 Louse","floor":3,"turns":3},{"damage":17,"enemies":"Looter","floor":5,"turns":4},{"damage":35,"enemies":"The Mushroom Lair","floor":10,"turns":5},{"damage":5,"enemies":"Exordium Thugs","floor":11,"turns":4},{"damage":5,"enemies":"Large Slime","floor":12,"turns":9},{"damage":46,"enemies":"The Guardian","floor":16,"turns":5}],"seed_played":"5110591326605585715","potions_obtained":[{"floor":3,"key":"SteroidPotion"},{"floor":12,"key":"BloodPotion"}],"is_trial":false,"path_per_floor":["M","M","M","?","M","R","?","R","T","?","M","M","T","$","R","B"],"character_chosen":"IRONCLAD","items_purchased":[],"campfire_rested":1,"item_purchase_floors":[],"current_hp_per_floor":[80,80,77,70,59,59,39,39,39,10,11,12,12,12,36,0],"gold":49,"neow_bonus":"RANDOM_COLORLESS_2","is_prod":false,"is_daily":false,"chose_seed":false,"campfire_upgraded":2,"win_rate":0,"timestamp":1548637097,"path_taken":["M","M","M","?","M","R","?","R","T","?","M","M","?","$","R","BOSS"],"build_version":"2019-01-23","purchased_purges":1,"victory":false,"max_hp_per_floor":[80,80,80,80,80,80,80,80,80,80,80,80,80,80,80,80],"card_choices":[{"not_picked":["Headbutt","Pommel Strike"],"picked":"Searing Blow","floor":1},{"not_picked":["Anger","Pommel Strike","Body Slam"],"picked":"SKIP","floor":2},{"not_picked":["Warcry","Perfected Strike","Twin Strike"],"picked":"SKIP","floor":3},{"not_picked":["Pummel","Hemokinesis"],"picked":"Infernal Blade","floor":5},{"not_picked":["Flex","Perfected Strike"],"picked":"Ghostly Armor","floor":10},{"not_picked":["Power Through","Flame Barrier"],"picked":"Armaments","floor":11},{"not_picked":["Sentinel","Ghostly Armor","Havoc"],"picked":"SKIP","floor":12}],"player_experience":65553,"relics_obtained":[{"floor":9,"key":"Bottled Lightning"},{"floor":10,"key":"Odd Mushroom"},{"floor":13,"key":"Blue Candle"}],"event_choices":[{"cards_removed":["Strike_R"],"damage_healed":0,"gold_gain":0,"player_choice":"Card Removal","damage_taken":7,"max_hp_gain":0,"max_hp_loss":0,"event_name":"Golden Wing","floor":4,"gold_loss":0},{"damage_healed":0,"gold_gain":0,"player_choice":"Take Damage","damage_taken":20,"relics_obtained":["Golden Idol"],"max_hp_gain":0,"max_hp_loss":0,"event_name":"Golden Idol","floor":7,"gold_loss":0},{"damage_healed":0,"gold_gain":0,"player_choice":"Fought Mushrooms","damage_taken":0,"max_hp_gain":0,"max_hp_loss":0,"event_name":"Mushrooms","floor":10,"gold_loss":0}],"is_beta":false,"boss_relics":[],"items_purged_floors":[14],"is_endless":false,"potions_floor_spawned":[3,12],"killed_by":"The Guardian","ascension_level":0}