{"gold_per_floor":[368,341,37,56,56,86,86,99,125,125,139,166,179,197,197,300,300,318,336,33,33,52,52,67,67,67,96,96,109,109,120,120,120],"floor_reached":33,"playtime":1758,"items_purged":[],"score":279,"play_id":"90743ab0-0ea6-4a9a-9215-ddf66d0b0b50","local_time":"20181228193146","is_ascension_mode":false,"campfire_choices":[{"floor":7,"key":"REST"},{"floor":10,"key":"REST"},{"floor":15,"key":"REST"},{"data":"Defend_R","floor":23,"key":"PURGE"},{"data":"Defend_R","floor":25,"key":"PURGE"},{"floor":28,"key":"REST"},{"floor":32,"key":"REST"}],"neow_cost":"PERCENT_DAMAGE","seed_source_timestamp":31298390227611,"circlet_count":0,"master_deck":["Strike_R","Strike_R","Strike_R","Strike_R","Defend_R","Defend_R","Bash","Flex","Dramatic Entrance","Dropkick","Cleave","Entrench","Spot Weakness","Searing Blow","Feed","Blood for Blood","Thunderclap","Juggernaut","Bloodletting","Dual Wield","Warcry+1","Disarm+1","Carnage+1","Anger+1","Flex+1","Blood for Blood+1"],"relics":["Burning Blood","ClockworkSouvenir","Boot","Dream Catcher","Orichalcum","Fusion Hammer","Peace Pipe","MutagenicStrength","Paper Frog","Ornamental Fan"],"potions_floor_usage":[16,16,31,33,33],"damage_taken":[{"damage":5,"enemies":"Small Slimes","floor":1,"turns":6},{"damage":0,"enemies":"2 Louse","floor":4,"turns":2},{"damage":52,"enemies":"3 Sentries","floor":6,"turns":11},{"damage":4,"enemies":"Cultist","floor":8,"turns":4},{"damage":9,"enemies":"Blue Slaver","floor":11,"turns":4},{"damage":20,"enemies":"Gremlin Nob","floor":12,"turns":4},{"damage":0,"enemies":"2 Fungi Beasts","floor":13,"turns":2},{"damage":20,"enemies":"3 Louse","floor":14,"turns":3},{"damage":39,"enemies":"Slime Boss","floor":16,"turns":15},{"damage":17,"enemies":"Shell Parasite","floor":18,"turns":4},{"damage":7,"enemies":"3 Byrds","floor":19,"turns":4},{"damage":9,"enemies":"Snecko","floor":22,"turns":3},{"damage":16,"enemies":"Snake Plant","floor":24,"turns":2},{"damage":34,"enemies":"Gremlin Leader","floor":27,"turns":4},{"damage":13,"enemies":"Sentry and Sphere","floor":29,"turns":3},{"damage":20,"enemies":"Snecko","floor":31,"turns":4},{"damage":86,"enemies":"Champ","floor":33,"turns":8}],"seed_played":"1304506287855690676","potions_obtained":[{"floor":4,"key":"Poison Potion"},{"floor":12,"key":"Block Potion"},{"floor":13,"key":"Ancient Potion"},{"floor":19,"key":"Strength Potion"},{"floor":24,"key":"Block Potion"},{"floor":27,"key":"Fruit Juice"}],"is_trial":false,"path_per_floor":["M","?","$","M","?","E","R","M","T","R","M","E","M","M","R","B",null,"M","M","$","?","M","R","M","R","T","E","R","M","$","M","R","B"],"character_chosen":"IRONCLAD","items_purchased":["ClockworkSouvenir","Dramatic Entrance","Peace Pipe"],"campfire_rested":5,"item_purchase_floors":[3,3,20],"current_hp_per_floor":[57,57,57,63,63,17,41,43,43,67,64,50,59,48,73,43,89,78,77,77,77,74,74,64,64,64,36,62,55,55,46,74,0],"gold":120,"neow_bonus":"TWO_FIFTY_GOLD","is_prod":false,"is_daily":false,"chose_seed":false,"campfire_upgraded":0,"win_rate":0,"timestamp":1546021906,"path_taken":["M","?","$","M","?","E","R","M","T","R","M","E","M","M","R","BOSS","M","M","?","?","M","R","M","R","T","E","R","M","$","M","R","BOSS"],"build_version":"2018-12-20","purchased_purges":0,"victory":false,"max_hp_per_floor":[80,80,80,80,80,80,80,80,80,80,80,80,83,86,86,89,89,89,89,89,89,89,89,89,89,89,89,89,89,89,94,94,94],"card_choices":[{"not_picked":["Shrug It Off","Battle Trance"],"picked":"Flex","floor":1},{"not_picked":["Hemokinesis","Iron Wave"],"picked":"Dropkick","floor":4},{"not_picked":["Iron Wave","Offering"],"picked":"Cleave","floor":6},{"not_picked":["Burning Pact","Anger"],"picked":"Entrench","floor":8},{"not_picked":["Pommel Strike","Body Slam"],"picked":"Spot Weakness","floor":10},{"not_picked":["Twin Strike","Combust"],"picked":"Searing Blow","floor":11},{"not_picked":["True Grit","Limit Break"],"picked":"Feed","floor":12},{"not_picked":["True Grit","Reckless Charge","Headbutt"],"picked":"SKIP","floor":13},{"not_picked":["Anger","Headbutt"],"picked":"Blood for Blood","floor":14},{"not_picked":["Flex","Shockwave"],"picked":"Thunderclap","floor":15},{"not_picked":["Bludgeon","Demon Form"],"picked":"Juggernaut","floor":16},{"not_picked":["Cleave","Twin Strike"],"picked":"Bloodletting","floor":18},{"not_picked":["Pommel Strike","Corruption"],"picked":"Dual Wield","floor":19},{"not_picked":["Shrug It Off","True Grit"],"picked":"Warcry+1","floor":22},{"not_picked":["Cleave","Thunderclap+1"],"picked":"Disarm+1","floor":24},{"not_picked":["Warcry+1","Seeing Red"],"picked":"Carnage+1","floor":27},{"not_picked":["Sword Boomerang","Perfected Strike"],"picked":"Anger+1","floor":28},{"not_picked":["Clothesline","True Grit+1"],"picked":"Flex+1","floor":29},{"not_picked":["Rupture","Feed"],"picked":"Blood for Blood+1","floor":31}],"player_experience":48361,"relics_obtained":[{"floor":6,"key":"Boot"},{"floor":9,"key":"Dream Catcher"},{"floor":12,"key":"Orichalcum"},{"floor":26,"key":"Paper Frog"},{"floor":27,"key":"Ornamental Fan"}],"event_choices":[{"damage_healed":0,"gold_gain":0,"player_choice":"Left Gold","damage_taken":0,"max_hp_gain":0,"max_hp_loss":0,"event_name":"World of Goop","floor":2,"gold_loss":27},{"cards_removed":["Strike_R"],"damage_healed":0,"gold_gain":0,"player_choice":"Purged","damage_taken":0,"max_hp_gain":0,"max_hp_loss":0,"event_name":"Purifier","floor":5,"gold_loss":0},{"damage_healed":0,"gold_gain":0,"player_choice":"Inject Mutagens","damage_taken":0,"relics_obtained":["MutagenicStrength"],"max_hp_gain":0,"max_hp_loss":0,"event_name":"Drug Dealer","floor":21,"gold_loss":0}],"is_beta":false,"boss_relics":[{"not_picked":["Cursed Key","Ectoplasm"],"picked":"Fusion Hammer"}],"items_purged_floors":[],"is_endless":false,"potions_floor_spawned":[4,12,13,14,19,24,27],"killed_by":"Champ","ascension_level":0}