{"gold_per_floor":[109,59,234,234,251,251,268,268,268,295,295,295,295,265,265,367,367,386,227,152,251,265,265],"floor_reached":23,"playtime":1050,"items_purged":["Doubt"],"score":312,"play_id":"c7e8f1b8-22c6-464c-be6b-2bb084c301de","local_time":"20190201153943","is_ascension_mode":true,"campfire_choices":[{"data":"True Grit","floor":6,"key":"SMITH"},{"data":"Barricade","floor":8,"key":"SMITH"},{"data":"Entrench","floor":12,"key":"SMITH"},{"data":"Bash","floor":15,"key":"SMITH"}],"neow_cost":"NONE","seed_source_timestamp":2829532487334,"circlet_count":0,"master_deck":["AscendersBane","Strike_R","Strike_R","Strike_R","Strike_R","Strike_R","Defend_R","Defend_R","Defend_R","Defend_R","Bash+1","Barricade+1","Entrench+1","Shrug It Off","True Grit+1","Rampage","Feed","Purity"],"relics":["Burning Blood","Singing Bowl","Blood Vial","Paper Frog","Busted Crown"],"potions_floor_usage":[7,10,14],"damage_taken":[{"damage":8,"enemies":"Jaw Worm","floor":1,"turns":4},{"damage":2,"enemies":"2 Louse","floor":5,"turns":4},{"damage":5,"enemies":"Cultist","floor":7,"turns":4},{"damage":44,"enemies":"Gremlin Nob","floor":10,"turns":5},{"damage":3,"enemies":"Looter","floor":14,"turns":4},{"damage":45,"enemies":"The Guardian","floor":16,"turns":26},{"damage":52,"enemies":"Spheric Guardian","floor":18,"turns":11},{"damage":9,"enemies":"Shell Parasite","floor":22,"turns":12},{"damage":34,"enemies":"Gremlin Leader","floor":23,"turns":2}],"seed_played":"-6710571653461358601","potions_obtained":[{"floor":1,"key":"AttackPotion"},{"floor":5,"key":"Energy Potion"},{"floor":10,"key":"GamblersBrew"}],"is_trial":false,"path_per_floor":["M","$","?","?","M","R","M","R","T","E","?","R","T","M","R","B",null,"M","$","?","?","M","E"],"character_chosen":"IRONCLAD","items_purchased":["Shrug It Off","Purity"],"campfire_rested":0,"item_purchase_floors":[2,19],"current_hp_per_floor":[70,70,70,70,74,74,75,75,75,39,44,44,44,51,51,14,70,28,28,28,28,32,0],"gold":265,"neow_bonus":"ONE_RANDOM_RARE_CARD","is_prod":false,"is_daily":false,"chose_seed":false,"campfire_upgraded":4,"win_rate":0,"timestamp":1549028383,"path_taken":["M","$","?","?","M","R","?","R","T","E","?","R","?","M","R","BOSS","M","$","?","?","M","E"],"build_version":"2019-01-23","purchased_purges":1,"victory":false,"max_hp_per_floor":[80,80,80,80,80,80,80,80,80,82,87,87,87,89,89,89,89,91,91,91,91,96,96],"card_choices":[{"not_picked":["Carnage","Pommel Strike"],"picked":"Entrench","floor":1},{"not_picked":["Iron Wave","Cleave"],"picked":"True Grit","floor":5},{"not_picked":["Wild Strike","Heavy Blade"],"picked":"Rampage","floor":7},{"not_picked":["Dual Wield","Sever Soul","Burning Pact"],"picked":"Singing Bowl","floor":10},{"not_picked":["Iron Wave","Thunderclap","Perfected Strike"],"picked":"Singing Bowl","floor":14},{"not_picked":["Brutality","Dark Embrace"],"picked":"Feed","floor":16},{"not_picked":["Warcry"],"picked":"Singing Bowl","floor":18},{"not_picked":["Sever Soul"],"picked":"Singing Bowl","floor":22}],"player_experience":698158,"relics_obtained":[{"floor":9,"key":"Singing Bowl"},{"floor":10,"key":"Blood Vial"},{"floor":13,"key":"Paper Frog"}],"event_choices":[{"damage_healed":0,"gold_gain":175,"player_choice":"AGREE","damage_taken":0,"max_hp_gain":0,"max_hp_loss":0,"event_name":"Liars Game","floor":3,"gold_loss":0,"cards_obtained":["Doubt"]},{"damage_healed":0,"gold_gain":0,"player_choice":"Cursed","damage_taken":0,"max_hp_gain":0,"max_hp_loss":0,"event_name":"Wheel of Change","floor":4,"gold_loss":0,"cards_obtained":["Decay"]},{"damage_healed":0,"gold_gain":0,"player_choice":"Donut","damage_taken":0,"max_hp_gain":5,"max_hp_loss":0,"event_name":"Big Fish","floor":11,"gold_loss":0},{"cards_removed":["Decay"],"damage_healed":0,"gold_gain":0,"player_choice":"Gave Gold","damage_taken":0,"max_hp_gain":0,"max_hp_loss":0,"event_name":"Beggar","floor":20,"gold_loss":75},{"damage_healed":0,"gold_gain":99,"player_choice":"Stole From Cult","damage_taken":0,"max_hp_gain":0,"max_hp_loss":0,"event_name":"Nest","floor":21,"gold_loss":0}],"is_beta":false,"boss_relics":[{"not_picked":["Cursed Key","Calling Bell"],"picked":"Busted Crown"}],"items_purged_floors":[19],"is_endless":false,"potions_floor_spawned":[1,5,10],"killed_by":"Gremlin Leader","ascension_level":11}