{"gold_per_floor":[119,119,119,119,130,162,180,180,180,35,49,49,49,66,66,163,163,173,173,173,185,203,203,235,255,255,30,30,30,41,41,41,137,137,149,161,161,175,0,0,34,54,108,108,108,128,181,193,193,193],"floor_reached":51,"playtime":4370,"items_purged":["Defend_B","Strike_B"],"score":771,"play_id":"f3db15ec-715f-4636-b78a-2e1da7d01554","local_time":"20190112123604","is_ascension_mode":false,"campfire_choices":[{"data":"Chill","floor":8,"key":"SMITH"},{"data":"Blizzard","floor":12,"key":"SMITH"},{"data":"Coolheaded","floor":15,"key":"SMITH"},{"data":"Creative AI","floor":23,"key":"SMITH"},{"data":"Glacier","floor":29,"key":"SMITH"},{"data":"Capacitor","floor":32,"key":"SMITH"},{"data":"Dualcast","floor":40,"key":"SMITH"},{"data":"Go for the Eyes","floor":44,"key":"SMITH"},{"floor":49,"key":"REST"}],"neow_cost":"NONE","seed_source_timestamp":29616561257046,"circlet_count":0,"master_deck":["Strike_B","Strike_B","Defend_B","Defend_B","Defend_B","Zap","Dualcast+1","Leap","FTL","Cold Snap+1","Chill+1","Glacier+1","Blizzard+1","Coolheaded+1","Go for the Eyes+1","Creative AI+1","Leap+1","Leap","Capacitor+1","Hologram+1","Cold Snap","Blizzard+1","Leap+1","Hologram+1","Multi-Cast+1","Skim+1","Rebound","Consume+1","Reprogram+1","Chill+1","Stack+1","Cold Snap+1"],"relics":["Velvet Choker","Meat on the Bone","Pear","Bag of Preparation","Dream Catcher","Sozu","Mercury Hourglass","Spirit Poop","Toxic Egg 2","Cables","Nilry\u0027s Codex","Inserter","Red Mask","Happy Flower","Anchor","Thread and Needle"],"potions_floor_usage":[18,50,50],"damage_taken":[{"damage":0,"enemies":"Cultist","floor":1,"turns":4},{"damage":0,"enemies":"2 Louse","floor":5,"turns":2},{"damage":13,"enemies":"3 Sentries","floor":6,"turns":10},{"damage":3,"enemies":"Small Slimes","floor":7,"turns":3},{"damage":0,"enemies":"Red Slaver","floor":11,"turns":5},{"damage":0,"enemies":"Large Slime","floor":14,"turns":4},{"damage":36,"enemies":"Slime Boss","floor":16,"turns":12},{"damage":4,"enemies":"3 Byrds","floor":18,"turns":2},{"damage":5,"enemies":"2 Thieves","floor":21,"turns":4},{"damage":6,"enemies":"Chosen and Byrds","floor":22,"turns":7},{"damage":22,"enemies":"Gremlin Leader","floor":24,"turns":9},{"damage":11,"enemies":"Snake Plant","floor":25,"turns":6},{"damage":3,"enemies":"Shelled Parasite and Fungi","floor":30,"turns":7},{"damage":0,"enemies":"Collector","floor":33,"turns":11},{"damage":0,"enemies":"3 Shapes","floor":35,"turns":4},{"damage":7,"enemies":"Orb Walker","floor":36,"turns":7},{"damage":3,"enemies":"Maw","floor":38,"turns":10},{"damage":0,"enemies":"Nemesis","floor":41,"turns":13},{"damage":15,"enemies":"Spire Growth","floor":42,"turns":7},{"damage":0,"enemies":"4 Shapes","floor":46,"turns":4},{"damage":30,"enemies":"2 Orb Walkers","floor":47,"turns":6},{"damage":0,"enemies":"Jaw Worm Horde","floor":48,"turns":4},{"damage":9,"enemies":"Time Eater","floor":50,"turns":16}],"seed_played":"5462585437775906938","potions_obtained":[{"floor":5,"key":"FearPotion"},{"floor":6,"key":"Dexterity Potion"},{"floor":7,"key":"Dexterity Potion"},{"floor":14,"key":"LiquidBronze"}],"is_trial":false,"path_per_floor":["M","?","?","?","M","E","M","R","T","$","M","R","?","M","R","B",null,"M","?","?","M","M","R","E","M","T","$","$","R","M","?","R","B",null,"M","M","?","M","?","R","E","M","T","R","?","M","?","M","R","B",null],"character_chosen":"DEFECT","items_purchased":["Blizzard","Blizzard","Leap+1"],"campfire_rested":1,"item_purchase_floors":[10,27,27],"current_hp_per_floor":[75,75,75,68,68,65,62,62,62,62,62,62,62,62,62,38,85,81,81,81,76,70,70,48,49,49,49,49,49,46,30,30,42,85,85,78,78,75,75,75,75,60,60,60,60,60,42,54,79,70],"gold":193,"neow_bonus":"BOSS_RELIC","is_prod":false,"is_daily":false,"chose_seed":false,"campfire_upgraded":8,"win_rate":0,"timestamp":1547314564,"path_taken":["M","?","?","?","M","E","M","R","T","$","M","R","?","?","R","BOSS","M","?","?","?","M","R","E","M","T","?","$","R","M","?","R","BOSS","M","M","?","?","?","R","E","M","T","R","?","?","?","M","R","BOSS"],"build_version":"2019-01-10","purchased_purges":2,"victory":true,"max_hp_per_floor":[75,75,75,75,75,85,85,85,85,85,85,85,85,85,85,85,85,85,85,85,85,85,85,85,85,85,85,85,85,85,85,85,85,85,85,85,85,85,85,85,85,85,85,85,85,85,85,85,85,85],"card_choices":[{"not_picked":["Streamline","Melter"],"picked":"Leap","floor":1},{"not_picked":["Go for the Eyes","Steam"],"picked":"Cold Snap","floor":5},{"not_picked":["Redo","Beam Cell"],"picked":"Chill","floor":6},{"not_picked":["Beam Cell","Go for the Eyes"],"picked":"Glacier","floor":7},{"not_picked":["Amplify","Ball Lightning"],"picked":"Coolheaded","floor":11},{"not_picked":["Scrape","Darkness"],"picked":"Go for the Eyes","floor":14},{"not_picked":["Electrodynamics","Thunder Strike"],"picked":"Creative AI","floor":16},{"not_picked":["Conserve Battery","Storm"],"picked":"Leap+1","floor":18},{"not_picked":["Ball Lightning","Barrage"],"picked":"Leap","floor":21},{"not_picked":["Coolheaded+1","Gash"],"picked":"Capacitor","floor":22},{"not_picked":["Thunder Strike","Compile Driver"],"picked":"Hologram","floor":24},{"not_picked":["Coolheaded+1","Go for the Eyes"],"picked":"Cold Snap","floor":25},{"not_picked":["Compile Driver","Streamline"],"picked":"Hologram+1","floor":30},{"not_picked":["Reboot+1","Core Surge"],"picked":"Multi-Cast+1","floor":33},{"not_picked":["FTL+1","Beam Cell"],"picked":"Skim+1","floor":35},{"not_picked":["Redo+1","Compile Driver"],"picked":"Rebound","floor":36},{"not_picked":["Capacitor+1","Gash+1"],"picked":"Consume+1","floor":38},{"not_picked":["Ball Lightning","Fusion+1","Storm"],"picked":"SKIP","floor":41},{"not_picked":["Cold Snap","Compile Driver+1"],"picked":"Reprogram+1","floor":42},{"not_picked":["Beam Cell","White Noise+1"],"picked":"Chill+1","floor":46},{"not_picked":["Sweeping Beam","Loop"],"picked":"Stack+1","floor":48},{"not_picked":["Coolheaded+1","Rainbow+1"],"picked":"Cold Snap+1","floor":49}],"player_experience":70286,"relics_obtained":[{"floor":6,"key":"Pear"},{"floor":9,"key":"Bag of Preparation"},{"floor":24,"key":"Toxic Egg 2"},{"floor":26,"key":"Cables"},{"floor":31,"key":"Nilry\u0027s Codex"},{"floor":41,"key":"Happy Flower"},{"floor":43,"key":"Anchor"},{"floor":47,"key":"Thread and Needle"}],"event_choices":[{"damage_healed":0,"gold_gain":0,"cards_transformed":["Strike_B"],"player_choice":"Change","damage_taken":0,"max_hp_gain":0,"max_hp_loss":0,"event_name":"Living Wall","floor":2,"gold_loss":0,"cards_obtained":["FTL"]},{"damage_healed":0,"gold_gain":0,"player_choice":"Box","damage_taken":0,"relics_obtained":["Meat on the Bone"],"max_hp_gain":0,"max_hp_loss":0,"event_name":"Big Fish","floor":3,"gold_loss":0,"cards_obtained":["Regret"]},{"cards_removed":["Regret"],"damage_healed":0,"gold_gain":0,"player_choice":"Card Removal","damage_taken":7,"max_hp_gain":0,"max_hp_loss":0,"event_name":"Golden Wing","floor":4,"gold_loss":0},{"damage_healed":0,"gold_gain":0,"player_choice":"Gave Potion","damage_taken":0,"relics_obtained":["Dream Catcher"],"max_hp_gain":0,"max_hp_loss":0,"event_name":"WeMeetAgain","floor":13,"gold_loss":0},{"damage_healed":0,"gold_gain":0,"player_choice":"Stole Relic","damage_taken":0,"relics_obtained":["Mercury Hourglass"],"max_hp_gain":0,"max_hp_loss":0,"event_name":"Addict","floor":19,"gold_loss":0,"cards_obtained":["Shame"]},{"cards_removed":["Shame"],"damage_healed":0,"gold_gain":0,"player_choice":"Offered Curse","damage_taken":0,"relics_obtained":["Spirit Poop"],"max_hp_gain":0,"max_hp_loss":0,"event_name":"Bonfire Elementals","floor":20,"gold_loss":0},{"damage_healed":0,"gold_gain":0,"player_choice":"Obtained Book","damage_taken":16,"max_hp_gain":0,"max_hp_loss":0,"event_name":"Cursed Tome","floor":31,"gold_loss":0},{"damage_healed":0,"gold_gain":0,"player_choice":"Upgraded","damage_taken":0,"max_hp_gain":0,"max_hp_loss":0,"event_name":"Upgrade Shrine","floor":37,"gold_loss":0,"cards_upgraded":["Blizzard"]},{"damage_healed":0,"gold_gain":0,"player_choice":"Paid","damage_taken":0,"relics_obtained":["Red Mask"],"max_hp_gain":0,"max_hp_loss":0,"event_name":"Tomb of Lord Red Mask","floor":39,"gold_loss":175},{"damage_healed":0,"gold_gain":0,"player_choice":"Forge","damage_taken":0,"max_hp_gain":0,"max_hp_loss":0,"event_name":"Accursed Blacksmith","floor":45,"gold_loss":0,"cards_upgraded":["Cold Snap"]},{"damage_healed":0,"gold_gain":0,"player_choice":"Fight","damage_taken":0,"max_hp_gain":0,"max_hp_loss":0,"event_name":"Mysterious Sphere","floor":47,"gold_loss":0}],"is_beta":false,"boss_relics":[{"not_picked":["Runic Dome","Runic Pyramid"],"picked":"Sozu"},{"not_picked":["Eternal Feather","Empty Cage"],"picked":"Inserter"}],"items_purged_floors":[10,27],"is_endless":false,"potions_floor_spawned":[5,6,7,14,18,22,33,35,36,46,47,48],"ascension_level":0}