{"gold_per_floor":[115,115,115,115,135,135,155,169,192,192,211,252,33,49,49,175,175,188,212,136,151,164,207,207,223,248,271,271,271,286,310,310,438,501,526,545,560,303,323,323,323,343,343,387,401,401,0,23,23,23],"floor_reached":51,"playtime":2926,"items_purged":[],"score":732,"play_id":"a48097f2-731b-4d9b-9ce1-4e4695adc3d3","local_time":"20181216000305","is_ascension_mode":false,"campfire_choices":[{"data":"Leg Sweep","floor":6,"key":"SMITH"},{"floor":15,"key":"REST"},{"floor":24,"key":"REST"},{"data":"Noxious Fumes","floor":29,"key":"SMITH"},{"data":"Deadly Poison","floor":32,"key":"SMITH"},{"data":"Noxious Fumes","floor":40,"key":"SMITH"},{"floor":46,"key":"REST"},{"floor":49,"key":"REST"}],"neow_cost":"NONE","seed_source_timestamp":130905811375420,"circlet_count":0,"master_deck":["Defend_G","Defend_G","Defend_G","Defend_G","Strike_G","Strike_G","Strike_G","Strike_G","Strike_G","Survivor","Neutralize","Injury","Venomology","Leg Sweep+1","Poisoned Stab+1","Bane","Corpse Explosion","Deadly Poison+1","Night Terror","Footwork","Noxious Fumes+1","Bouncing Flask","Bane+1","Leg Sweep+1","Adrenaline+1","Noxious Fumes+1","Noxious Fumes+1"],"relics":["Velvet Choker","Golden Idol","Happy Flower","Regal Pillow","MealTicket","Snecko Eye","Letter Opener","Orichalcum","Tiny House","Paper Crane","Singing Bowl","PreservedInsect","Red Mask"],"potions_floor_usage":[8,8,11,16,16,16,19,19,21,22,23,25,25,33,33,35,35,35,37,39,42,42,44,44,44,44,45,50,50,50],"damage_taken":[{"damage":0,"enemies":"2 Louse","floor":1,"turns":3},{"damage":1,"enemies":"Jaw Worm","floor":5,"turns":4},{"damage":0,"enemies":"Cultist","floor":7,"turns":4},{"damage":2,"enemies":"Exordium Wildlife","floor":8,"turns":8},{"damage":2,"enemies":"Gremlin Gang","floor":11,"turns":6},{"damage":19,"enemies":"Lagavulin","floor":12,"turns":7},{"damage":17,"enemies":"Exordium Thugs","floor":14,"turns":4},{"damage":55,"enemies":"Slime Boss","floor":16,"turns":13},{"damage":5,"enemies":"Spheric Guardian","floor":18,"turns":3},{"damage":11,"enemies":"3 Byrds","floor":19,"turns":3},{"damage":11,"enemies":"Snake Plant","floor":21,"turns":5},{"damage":3,"enemies":"Centurion and Healer","floor":22,"turns":6},{"damage":25,"enemies":"Gremlin Leader","floor":23,"turns":6},{"damage":0,"enemies":"Snecko","floor":25,"turns":3},{"damage":6,"enemies":"Snake Plant","floor":27,"turns":3},{"damage":0,"enemies":"Centurion and Healer","floor":30,"turns":4},{"damage":8,"enemies":"Snecko","floor":31,"turns":4},{"damage":40,"enemies":"Collector","floor":33,"turns":8},{"damage":0,"enemies":"3 Darklings","floor":35,"turns":3},{"damage":7,"enemies":"3 Shapes","floor":36,"turns":4},{"damage":16,"enemies":"Writhing Mass","floor":37,"turns":5},{"damage":0,"enemies":"Maw","floor":39,"turns":6},{"damage":0,"enemies":"Transient","floor":42,"turns":5},{"damage":53,"enemies":"Reptomancer","floor":44,"turns":6},{"damage":25,"enemies":"3 Darklings","floor":45,"turns":3},{"damage":2,"enemies":"Writhing Mass","floor":48,"turns":6},{"damage":13,"enemies":"Donu and Deca","floor":50,"turns":6}],"seed_played":"4717231365210955823","potions_obtained":[{"floor":8,"key":"Energy Potion"},{"floor":16,"key":"Ancient Potion"},{"floor":21,"key":"EssenceOfSteel"},{"floor":22,"key":"Explosive Potion"},{"floor":25,"key":"GhostInAJar"},{"floor":30,"key":"Dexterity Potion"},{"floor":34,"key":"Poison Potion"},{"floor":37,"key":"Fire Potion"},{"floor":39,"key":"Fire Potion"},{"floor":42,"key":"EntropicBrew"},{"floor":48,"key":"FearPotion"}],"is_trial":false,"path_per_floor":["M","$","?","?","M","R","M","M","T","?","M","E","$","M","R","B",null,"M","M","$","M","M","E","R","M","T","M","?","R","M","M","R","B",null,"M","M","M","$","M","R","?","M","T","E","M","R","?","M","R","B",null],"character_chosen":"THE_SILENT","items_purchased":["Deadly Poison","MealTicket","Noxious Fumes","Paper Crane"],"campfire_rested":4,"item_purchase_floors":[13,13,20,38],"current_hp_per_floor":[70,70,70,70,69,69,69,67,67,67,70,51,51,34,70,15,70,65,54,64,53,50,25,61,61,61,55,80,80,80,72,72,32,85,85,78,62,72,72,72,72,72,72,36,13,54,54,52,89,76],"gold":23,"neow_bonus":"BOSS_RELIC","is_prod":false,"is_daily":false,"chose_seed":false,"campfire_upgraded":4,"win_rate":0,"timestamp":1544914985,"path_taken":["M","$","?","?","M","R","M","M","T","?","M","E","$","M","R","BOSS","M","M","$","M","M","E","R","?","T","M","?","R","?","M","R","BOSS","M","M","M","$","M","R","?","M","T","E","M","R","?","M","R","BOSS"],"build_version":"2018-12-13","purchased_purges":0,"victory":true,"max_hp_per_floor":[70,70,70,70,70,70,70,70,70,70,70,70,70,70,70,70,70,70,70,70,70,70,70,70,70,70,70,80,80,80,80,80,80,85,85,85,85,85,85,85,85,85,85,87,89,89,89,89,89,89],"card_choices":[{"not_picked":["Dagger Throw","Flying Knee","Reflex"],"picked":"SKIP","floor":1},{"not_picked":["Cloak And Dagger","Setup"],"picked":"Leg Sweep","floor":5},{"not_picked":["All Out Attack","Quick Slash","Sucker Punch"],"picked":"SKIP","floor":7},{"not_picked":["Endless Agony","Predator"],"picked":"Poisoned Stab","floor":8},{"not_picked":["Dodge and Roll","Footwork"],"picked":"Bane","floor":11},{"not_picked":["Underhanded Strike","Footwork"],"picked":"Corpse Explosion","floor":12},{"not_picked":["Dodge and Roll","Flying Knee","Deflect"],"picked":"SKIP","floor":14},{"not_picked":["Corpse Explosion","Wraith Form v2"],"picked":"Night Terror","floor":16},{"not_picked":["Reflex+1","Slice"],"picked":"Footwork","floor":18},{"not_picked":["Outmaneuver","Prepared","Dagger Spray"],"picked":"SKIP","floor":19},{"not_picked":["Deflect+1","Masterful Stab","Backflip"],"picked":"SKIP","floor":21},{"not_picked":["Poisoned Stab+1","Blade Dance"],"picked":"Bouncing Flask","floor":22},{"not_picked":["Blade Dance","Calculated Gamble"],"picked":"Grand Finale","floor":23},{"not_picked":["Sucker Punch","Prepared","Dodge and Roll"],"picked":"SKIP","floor":25},{"not_picked":["Dagger Throw","Backflip"],"picked":"Bane+1","floor":27},{"not_picked":["Choke","All Out Attack"],"picked":"Leg Sweep+1","floor":30},{"not_picked":["Blade Dance","Choke+1","Cloak And Dagger+1"],"picked":"SKIP","floor":31},{"not_picked":["Glass Knife","Corpse Explosion"],"picked":"Adrenaline","floor":33},{"not_picked":["Outmaneuver","Flying Knee"],"picked":"Caltrops","floor":34},{"not_picked":["Quick Slash+1","Prepared+1","Setup"],"picked":"SKIP","floor":35},{"not_picked":["Calculated Gamble","Quick Slash","Dodge and Roll"],"picked":"SKIP","floor":36},{"not_picked":["Dagger Throw+1","Dagger Spray+1"],"picked":"Noxious Fumes","floor":37},{"not_picked":["Blade Dance+1","Riddle With Holes","Deflect"],"picked":"SKIP","floor":39},{"not_picked":["Bane","Bouncing Flask","Escape Plan"],"picked":"SKIP","floor":42},{"not_picked":["Grand Finale","Sucker Punch+1","Acrobatics+1"],"picked":"Singing Bowl","floor":44},{"not_picked":["Sucker Punch","Expertise+1","Slice+1"],"picked":"Singing Bowl","floor":45},{"not_picked":["Outmaneuver+1","Leg Sweep"],"picked":"Noxious Fumes+1","floor":48}],"player_experience":188056,"relics_obtained":[{"floor":9,"key":"Happy Flower"},{"floor":12,"key":"Regal Pillow"},{"floor":23,"key":"Letter Opener"},{"floor":26,"key":"Orichalcum"},{"floor":43,"key":"Singing Bowl"},{"floor":44,"key":"PreservedInsect"}],"event_choices":[{"damage_healed":0,"gold_gain":0,"player_choice":"Take Wound","damage_taken":0,"relics_obtained":["Golden Idol"],"max_hp_gain":0,"max_hp_loss":0,"event_name":"Golden Idol","floor":3,"gold_loss":0,"cards_obtained":["Injury"]},{"damage_healed":0,"gold_gain":0,"cards_transformed":["Defend_G"],"player_choice":"Change","damage_taken":0,"max_hp_gain":0,"max_hp_loss":0,"event_name":"Living Wall","floor":4,"gold_loss":0,"cards_obtained":["Venomology"]},{"damage_healed":0,"gold_gain":0,"player_choice":"Upgraded","damage_taken":0,"max_hp_gain":0,"max_hp_loss":0,"event_name":"Upgrade Shrine","floor":10,"gold_loss":0,"cards_upgraded":["Poisoned Stab"]},{"cards_removed":["Grand Finale"],"damage_healed":15,"gold_gain":0,"player_choice":"Offered Rare","damage_taken":0,"max_hp_gain":10,"max_hp_loss":0,"event_name":"Bonfire Elementals","floor":28,"gold_loss":0},{"cards_removed":["Caltrops"],"damage_healed":0,"gold_gain":0,"player_choice":"Removed Power","damage_taken":0,"max_hp_gain":0,"max_hp_loss":0,"event_name":"Falling","floor":41,"gold_loss":0},{"damage_healed":0,"gold_gain":0,"player_choice":"Paid","damage_taken":0,"relics_obtained":["Red Mask"],"max_hp_gain":0,"max_hp_loss":0,"event_name":"Tomb of Lord Red Mask","floor":47,"gold_loss":401}],"is_beta":false,"boss_relics":[{"not_picked":["HoveringKite","Fusion Hammer"],"picked":"Snecko Eye"},{"not_picked":["Philosopher\u0027s Stone","Sozu"],"picked":"Tiny House"}],"items_purged_floors":[],"is_endless":false,"potions_floor_spawned":[8,14,16,21,22,25,27,30,37,39,42,48],"ascension_level":0}