{"gold_per_floor":[111,111,128,178,42,42,68,2,2,2,19,37,37,50,50,50],"floor_reached":16,"playtime":388,"items_purged":[],"score":190,"play_id":"ba2aa98d-ff4e-455d-87e3-c504f9c72459","local_time":"20190201224106","is_ascension_mode":true,"campfire_choices":[{"floor":6,"key":"REST"},{"floor":10,"key":"REST"},{"floor":15,"key":"REST"}],"neow_cost":"NONE","seed_source_timestamp":105479424651200,"circlet_count":0,"master_deck":["AscendersBane","Defend_G","Defend_G","Defend_G","Defend_G","Defend_G","Strike_G","Strike_G","Strike_G","Strike_G","Survivor","Neutralize","Dagger Spray","Dash","Slice","Deflect","Backflip","Crippling Poison","Sucker Punch","Cloak And Dagger","Tactician","Flying Knee"],"relics":["Ring of the Snake","Boot","Incense Burner","Question Card","Blue Candle"],"potions_floor_usage":[7,16],"damage_taken":[{"damage":2,"enemies":"2 Louse","floor":1,"turns":4},{"damage":0,"enemies":"Small Slimes","floor":3,"turns":3},{"damage":40,"enemies":"Gremlin Nob","floor":7,"turns":5},{"damage":1,"enemies":"Jaw Worm","floor":11,"turns":4},{"damage":0,"enemies":"Looter","floor":12,"turns":3},{"damage":13,"enemies":"Lots of Slimes","floor":14,"turns":3},{"damage":37,"enemies":"Slime Boss","floor":16,"turns":7}],"seed_played":"-6133472992581270910","potions_obtained":[{"floor":1,"key":"LiquidBronze"},{"floor":11,"key":"Strength Potion"}],"is_trial":false,"path_per_floor":["M","?","M","?","$","R","E","?","T","R","M","M","?","M","R","B"],"character_chosen":"THE_SILENT","items_purchased":["Slice","Deflect","Backflip"],"campfire_rested":3,"item_purchase_floors":[5,5,5],"current_hp_per_floor":[63,28,28,28,28,49,9,9,9,30,29,29,29,16,37,0],"gold":50,"neow_bonus":"TEN_PERCENT_HP_BONUS","is_prod":false,"is_daily":false,"chose_seed":false,"campfire_upgraded":0,"win_rate":0,"timestamp":1549078866,"path_taken":["M","?","M","?","?","R","E","?","T","R","M","?","?","?","R","BOSS"],"build_version":"2019-01-23","purchased_purges":0,"victory":false,"max_hp_per_floor":[72,72,72,72,72,72,72,72,72,72,72,72,72,72,72,72],"card_choices":[{"not_picked":["Footwork","Dodge and Roll"],"picked":"Dagger Spray","floor":1},{"not_picked":["PiercingWail","Escape Plan"],"picked":"Dash","floor":3},{"not_picked":["Escape Plan","Flying Knee"],"picked":"Crippling Poison","floor":7},{"not_picked":["All Out Attack","Bane","Accuracy"],"picked":"Sucker Punch","floor":11},{"not_picked":["Storm of Steel","Prepared","Caltrops"],"picked":"Cloak And Dagger","floor":12},{"not_picked":["Outmaneuver","Choke","Bane"],"picked":"Flying Knee","floor":14}],"player_experience":1166185,"relics_obtained":[{"floor":7,"key":"Incense Burner"},{"floor":9,"key":"Blue Candle"}],"event_choices":[{"damage_healed":0,"gold_gain":0,"player_choice":"Success","damage_taken":35,"relics_obtained":["Boot"],"max_hp_gain":0,"max_hp_loss":0,"event_name":"Scrap Ooze","floor":2,"gold_loss":0},{"damage_healed":0,"gold_gain":50,"player_choice":"Gained Gold","damage_taken":0,"max_hp_gain":0,"max_hp_loss":0,"event_name":"Golden Wing","floor":4,"gold_loss":0},{"damage_healed":0,"gold_gain":0,"player_choice":"Paid Gold","damage_taken":0,"relics_obtained":["Question Card"],"max_hp_gain":0,"max_hp_loss":0,"event_name":"WeMeetAgain","floor":8,"gold_loss":66},{"damage_healed":0,"gold_gain":0,"cards_transformed":["Strike_G"],"player_choice":"Transformed","damage_taken":0,"max_hp_gain":0,"max_hp_loss":0,"event_name":"Transmorgrifier","floor":13,"gold_loss":0,"cards_obtained":["Tactician"]}],"is_beta":false,"boss_relics":[],"items_purged_floors":[],"is_endless":false,"potions_floor_spawned":[1,11],"killed_by":"Slime Boss","ascension_level":18}