{"gold_per_floor":[111,66,85,85,108,131,131,155,155,80,80,103,126,147,147,277,277,297,322,322],"floor_reached":20,"playtime":1111,"items_purged":["Strike_R"],"score":170,"play_id":"2d84dbd4-e90d-42a1-be3c-39c06f543fc7","local_time":"20180722085612","is_ascension_mode":false,"campfire_choices":[{"data":"Searing Blow","floor":7,"key":"SMITH"},{"data":"Searing Blow+1","floor":11,"key":"SMITH"},{"floor":15,"key":"REST"}],"neow_cost":"NONE","seed_source_timestamp":595888343837539,"circlet_count":0,"master_deck":["Strike_R","Strike_R","Defend_R","Defend_R","Defend_R","Defend_R","Dual Wield","Battle Trance","Flex","Spot Weakness","Searing Blow+2","Heavy Blade","Bloodletting","Demon Form"],"relics":["Burning Blood","Golden Idol","Regal Pillow","Empty Cage"],"potions_floor_usage":[16,16,20],"damage_taken":[{"damage":0,"enemies":"Small Slimes","floor":1,"turns":4},{"damage":3,"enemies":"Jaw Worm","floor":3,"turns":4},{"damage":1,"enemies":"Cultist","floor":5,"turns":3},{"damage":24,"enemies":"Lots of Slimes","floor":6,"turns":5},{"damage":27,"enemies":"Exordium Thugs","floor":8,"turns":5},{"damage":12,"enemies":"Exordium Wildlife","floor":12,"turns":4},{"damage":4,"enemies":"Blue Slaver","floor":13,"turns":3},{"damage":5,"enemies":"Looter","floor":14,"turns":3},{"damage":59,"enemies":"Hexaghost","floor":16,"turns":11},{"damage":28,"enemies":"Spheric Guardian","floor":18,"turns":4},{"damage":35,"enemies":"Shell Parasite","floor":19,"turns":5},{"damage":27,"enemies":"Snecko","floor":20,"turns":5}],"seed_played":"8322809894165776955","potions_obtained":[{"floor":1,"key":"Block Potion"},{"floor":6,"key":"SpeedPotion"},{"floor":13,"key":"Explosive Potion"},{"floor":19,"key":"SteroidPotion"}],"is_trial":false,"path_per_floor":["M","$","M","?","M","M","R","M","T","$","R","M","M","M","R","B",null,"M","M"],"character_chosen":"IRONCLAD","items_purchased":["Flex"],"campfire_rested":1,"item_purchase_floors":[2],"current_hp_per_floor":[80,80,80,74,74,56,56,35,35,35,35,29,31,32,69,16,74,52,23,0],"gold":322,"neow_bonus":"TRANSFORM_CARD","is_prod":false,"is_daily":false,"chose_seed":false,"campfire_upgraded":2,"win_rate":0.0,"timestamp":1532220972,"path_taken":["M","$","M","?","M","M","R","M","T","$","R","?","M","M","R","BOSS","M","M","M"],"build_version":"2018-07-19v2","purchased_purges":1,"victory":false,"max_hp_per_floor":[80,80,80,74,74,74,74,74,74,74,74,74,74,74,74,74,74,74,74,74],"card_choices":[{"not_picked":["Iron Wave","Power Through"],"picked":"Battle Trance","floor":1},{"not_picked":["Anger","Burning Pact"],"picked":"Spot Weakness","floor":3},{"not_picked":["Thunderclap","Iron Wave","Sever Soul"],"picked":"SKIP","floor":5},{"not_picked":["Perfected Strike","Shrug It Off"],"picked":"Searing Blow","floor":6},{"not_picked":["Metallicize","Bloodletting","Clash"],"picked":"SKIP","floor":8},{"not_picked":["Pommel Strike","Disarm","Clash"],"picked":"SKIP","floor":12},{"not_picked":["Corruption","Thunderclap"],"picked":"Heavy Blade","floor":13},{"not_picked":["Heavy Blade","Iron Wave"],"picked":"Bloodletting","floor":14},{"not_picked":["Feed","Bludgeon"],"picked":"Demon Form","floor":16},{"not_picked":["Heavy Blade","Perfected Strike","Twin Strike"],"picked":"SKIP","floor":18},{"not_picked":["Pommel Strike","Whirlwind+1","Barricade"],"picked":"SKIP","floor":19}],"player_experience":45024,"relics_obtained":[{"floor":9,"key":"Regal Pillow"}],"event_choices":[{"event_name":"Golden Idol","player_choice":"Lose Max HP","floor":4,"damage_taken":0}],"is_beta":false,"boss_relics":[{"not_picked":["Orrery","Calling Bell"],"picked":"Empty Cage"}],"items_purged_floors":[10],"is_endless":false,"potions_floor_spawned":[1,6,13,19],"killed_by":"Snecko","ascension_level":0}