{"gold_per_floor":[114,429,444,459,96,96,126,126,151,151,151,151,26,41,41,141,141,156,171,171,186,11,11,26,56,56,56,71,101,116,41,41,141,141,156,171,171,46,61,61,76,76,76,1,16,31,46,98,110,122],"floor_reached":51,"playtime":2310,"items_purged":["Body Slam","Twin Strike"],"score":891,"play_id":"8603eea7-7909-4a1e-af15-401e35242bc3","local_time":"20190108165040","daily_mods":["Insanity","Vintage","Night Terrors"],"is_ascension_mode":false,"campfire_choices":[{"data":"Metallicize","floor":6,"key":"SMITH"},{"data":"Combust","floor":8,"key":"SMITH"},{"data":"Flex","floor":10,"key":"SMITH"},{"data":"Shockwave","floor":15,"key":"SMITH"},{"data":"Demon Form","floor":23,"key":"SMITH"},{"data":"Armaments","floor":32,"key":"SMITH"},{"data":"Flame Barrier","floor":40,"key":"SMITH"},{"floor":42,"key":"REST"},{"data":"Dark Embrace","floor":49,"key":"SMITH"}],"neow_cost":"","seed_source_timestamp":0,"circlet_count":0,"master_deck":["Heavy Blade","Wild Strike","Intimidate","Perfected Strike","Bloodletting","True Grit","True Grit","Warcry","Shockwave+1","Dual Wield","Flex+1","Iron Wave","Flame Barrier+1","Iron Wave","True Grit","Combust+1","Perfected Strike","Body Slam+1","Flex","Body Slam+1","Uppercut","Dropkick","Heavy Blade","Uppercut","Spot Weakness","Armaments+1","Wild Strike","Rampage","Twin Strike","Thunderclap","Perfected Strike","Warcry","Disarm","Body Slam","Burning Pact","Heavy Blade","Headbutt","Armaments","Entrench","Rampage","Iron Wave","Wild Strike","Rampage","Havoc","Blood for Blood","Metallicize+1","Thunderclap","Iron Wave","Demon Form+1","Reaper+1","Shockwave","Dark Embrace+1","Corruption+1"],"special_seed":17904,"relics":["Black Blood","Nunchaku","Old Coin","Bottled Tornado","Strawberry","Membership Card","Paper Frog","Ornamental Fan","Orichalcum","Mummified Hand","Pen Nib","Philosopher\u0027s Stone","Bottled Flame","Ancient Tea Set","Nilry\u0027s Codex","Vajra","Anchor","Toy Ornithopter","Calipers","Kunai","Regal Pillow","Blood Vial","Boot","Letter Opener","Bronze Scales","PreservedInsect","Pear","Oddly Smooth Stone","Bag of Preparation","Red Skull","Question Card","Whetstone","Self Forming Clay","Lantern","MawBank","StoneCalendar"],"potions_floor_usage":[21,28,29,29,50,50],"damage_taken":[{"damage":4,"enemies":"Jaw Worm","floor":1,"turns":4},{"damage":2,"enemies":"Small Slimes","floor":2,"turns":5},{"damage":1,"enemies":"Cultist","floor":3,"turns":3},{"damage":2,"enemies":"2 Fungi Beasts","floor":4,"turns":2},{"damage":1,"enemies":"Gremlin Nob","floor":7,"turns":3},{"damage":0,"enemies":"3 Louse","floor":14,"turns":2},{"damage":19,"enemies":"Slime Boss","floor":16,"turns":7},{"damage":16,"enemies":"2 Thieves","floor":18,"turns":4},{"damage":13,"enemies":"Shell Parasite","floor":19,"turns":4},{"damage":14,"enemies":"Centurion and Healer","floor":21,"turns":5},{"damage":11,"enemies":"Snake Plant","floor":24,"turns":4},{"damage":18,"enemies":"Gremlin Leader","floor":25,"turns":5},{"damage":0,"enemies":"Snecko","floor":28,"turns":3},{"damage":30,"enemies":"Slavers","floor":29,"turns":5},{"damage":0,"enemies":"Chosen and Byrds","floor":30,"turns":4},{"damage":14,"enemies":"Champ","floor":33,"turns":9},{"damage":0,"enemies":"Orb Walker","floor":35,"turns":2},{"damage":0,"enemies":"3 Shapes","floor":36,"turns":3},{"damage":18,"enemies":"Transient","floor":39,"turns":5},{"damage":29,"enemies":"Spire Growth","floor":41,"turns":5},{"damage":14,"enemies":"4 Shapes","floor":45,"turns":4},{"damage":0,"enemies":"Writhing Mass","floor":46,"turns":4},{"damage":10,"enemies":"Sphere and 2 Shapes","floor":47,"turns":4},{"damage":23,"enemies":"2 Orb Walkers","floor":48,"turns":5},{"damage":28,"enemies":"Time Eater","floor":50,"turns":7}],"seed_played":"-1546988897683153099","potions_obtained":[{"floor":2,"key":"SkillPotion"},{"floor":3,"key":"LiquidBronze"},{"floor":4,"key":"Ancient Potion"},{"floor":12,"key":"Weak Potion"},{"floor":12,"key":"BloodPotion"},{"floor":12,"key":"FairyPotion"},{"floor":16,"key":"BloodPotion"},{"floor":25,"key":"PowerPotion"},{"floor":28,"key":"SpeedPotion"},{"floor":29,"key":"EssenceOfSteel"},{"floor":30,"key":"Fire Potion"},{"floor":35,"key":"Weak Potion"}],"is_trial":false,"path_per_floor":["M","M","M","M","$","R","E","R","T","R","?","?","$","M","R","B",null,"M","M","?","M","$","R","M","E","T","?","M","E","M","$","R","B",null,"M","M","?","$","M","R","M","R","T","$","M","M","M","?","R","B",null],"character_chosen":"IRONCLAD","items_purchased":["Membership Card","Paper Frog","Mummified Hand","Anchor","Toy Ornithopter","Bronze Scales","Oddly Smooth Stone","Whetstone"],"campfire_rested":1,"item_purchase_floors":[5,5,13,22,22,31,38,44],"current_hp_per_floor":[80,80,80,87,87,87,87,87,87,87,92,92,92,92,92,79,92,82,75,59,60,60,60,55,43,43,43,54,51,73,73,73,77,92,92,102,102,102,94,94,78,97,97,97,93,97,97,90,90,84],"gold":134,"neow_bonus":"","is_prod":false,"is_daily":true,"chose_seed":false,"campfire_upgraded":8,"win_rate":0,"timestamp":1546962640,"path_taken":["M","M","M","M","$","R","E","R","T","R","?","?","$","?","R","BOSS","M","M","?","M","$","R","M","E","T","?","M","E","M","$","R","BOSS","M","M","?","$","M","R","?","R","T","?","M","M","M","?","R","BOSS"],"build_version":"2019-01-03v4","purchased_purges":2,"victory":true,"max_hp_per_floor":[80,80,80,87,87,87,87,87,87,87,92,92,92,92,92,92,92,92,92,92,92,92,92,92,92,92,92,92,92,92,92,92,92,92,92,102,102,102,102,102,102,97,97,97,97,97,97,97,97,97],"card_choices":[{"not_picked":["Bloodletting","Armaments","Wild Strike"],"picked":"SKIP","floor":7},{"not_picked":["Bludgeon","Impervious"],"picked":"Demon Form","floor":16},{"not_picked":["Clothesline","Twin Strike+1"],"picked":"Reaper","floor":25},{"not_picked":["Hemokinesis+1","True Grit"],"picked":"Shockwave","floor":29},{"not_picked":["Bludgeon","Feed"],"picked":"Dark Embrace","floor":33},{"not_picked":["Ghostly Armor+1","Heavy Blade+1","Twin Strike+1"],"picked":"Corruption+1","floor":48}],"player_experience":147142,"relics_obtained":[{"floor":1,"key":"Nunchaku"},{"floor":2,"key":"Old Coin"},{"floor":3,"key":"Bottled Tornado"},{"floor":4,"key":"Strawberry"},{"floor":7,"key":"Ornamental Fan"},{"floor":9,"key":"Orichalcum"},{"floor":14,"key":"Pen Nib"},{"floor":18,"key":"Bottled Flame"},{"floor":19,"key":"Ancient Tea Set"},{"floor":20,"key":"Nilry\u0027s Codex"},{"floor":21,"key":"Vajra"},{"floor":24,"key":"Calipers"},{"floor":25,"key":"Kunai"},{"floor":26,"key":"Regal Pillow"},{"floor":28,"key":"Blood Vial"},{"floor":29,"key":"Boot"},{"floor":30,"key":"Letter Opener"},{"floor":35,"key":"PreservedInsect"},{"floor":36,"key":"Pear"},{"floor":39,"key":"Bag of Preparation"},{"floor":41,"key":"Red Skull"},{"floor":43,"key":"Question Card"},{"floor":45,"key":"Self Forming Clay"},{"floor":46,"key":"Lantern"},{"floor":47,"key":"MawBank"},{"floor":48,"key":"StoneCalendar"}],"event_choices":[{"damage_healed":0,"gold_gain":0,"player_choice":"Donut","damage_taken":0,"max_hp_gain":5,"max_hp_loss":0,"event_name":"Big Fish","floor":11,"gold_loss":0},{"damage_healed":0,"gold_gain":0,"player_choice":"Got Potions","damage_taken":0,"max_hp_gain":0,"max_hp_loss":0,"event_name":"Lab","floor":12,"gold_loss":0},{"damage_healed":0,"gold_gain":0,"player_choice":"Obtained Book","damage_taken":16,"max_hp_gain":0,"max_hp_loss":0,"event_name":"Cursed Tome","floor":20,"gold_loss":0},{"damage_healed":0,"gold_gain":0,"player_choice":"Upgraded","damage_taken":0,"max_hp_gain":0,"max_hp_loss":0,"event_name":"Upgrade Shrine","floor":27,"gold_loss":0,"cards_upgraded":["Reaper"]},{"damage_healed":0,"gold_gain":0,"player_choice":"Ignored","damage_taken":0,"max_hp_gain":0,"max_hp_loss":0,"event_name":"SecretPortal","floor":37,"gold_loss":0},{"damage_healed":0,"gold_gain":0,"player_choice":"Fight","damage_taken":0,"max_hp_gain":0,"max_hp_loss":0,"event_name":"Mysterious Sphere","floor":48,"gold_loss":0}],"is_beta":false,"boss_relics":[{"not_picked":["Runic Cube","Velvet Choker"],"picked":"Philosopher\u0027s Stone"},{"not_picked":["Snecko Eye","Empty Cage"],"picked":"Black Blood"}],"items_purged_floors":[5,38],"is_endless":false,"potions_floor_spawned":[2,3,4,16,19,25,28,29,30,33,35,36,46,47],"ascension_level":0}