{"gold_per_floor":[111,127,127,202,214,214,232,266,266,266,95,95,114,141,141,141],"floor_reached":16,"playtime":494,"items_purged":[],"score":110,"play_id":"21ca2a98-0471-4305-92ec-9507da845278","local_time":"20180730231956","is_ascension_mode":false,"campfire_choices":[{"data":"Zap","floor":6,"key":"SMITH"},{"data":"Capacitor","floor":12,"key":"SMITH"},{"floor":15,"key":"REST"}],"neow_cost":"","seed_source_timestamp":773876856092561,"circlet_count":0,"master_deck":["Strike_B","Strike_B","Strike_B","Strike_B","Defend_B","Defend_B","Defend_B","Defend_B","Zap+1","Dualcast","Sunder","Capacitor+1","Barrage","Bandage Up+1","Capacitor","Go for the Eyes","White Noise+1"],"relics":["Cracked Core","Toxic Egg 2","Singing Bowl","Bottled Tornado","Bag of Marbles"],"potions_floor_usage":[8,14],"damage_taken":[{"damage":0,"enemies":"Cultist","floor":1,"turns":4},{"damage":5,"enemies":"Jaw Worm","floor":2,"turns":4},{"damage":2,"enemies":"2 Louse","floor":5,"turns":2},{"damage":5,"enemies":"Looter","floor":7,"turns":4},{"damage":22,"enemies":"Gremlin Nob","floor":8,"turns":4},{"damage":19,"enemies":"Exordium Thugs","floor":13,"turns":6},{"damage":16,"enemies":"Lagavulin","floor":14,"turns":6},{"damage":62,"enemies":"Slime Boss","floor":16,"turns":6}],"seed_played":"8254232656910507197","potions_obtained":[{"floor":2,"key":"Regen Potion"},{"floor":8,"key":"FearPotion"},{"floor":13,"key":"SmokeBomb"},{"floor":14,"key":"Swift Potion"}],"is_trial":false,"path_per_floor":["M","M","?","?","M","R","M","E","T","T","$","R","M","E","R"],"character_chosen":"DEFECT","items_purchased":["Bandage Up+1","Capacitor"],"campfire_rested":1,"item_purchase_floors":[11,11],"current_hp_per_floor":[75,70,70,59,57,57,52,42,42,42,42,42,29,19,41,0],"gold":141,"neow_bonus":"","is_prod":false,"is_daily":false,"chose_seed":false,"campfire_upgraded":2,"win_rate":0.0,"timestamp":1532985596,"path_taken":["M","?","?","?","?","R","M","E","T","?","$","R","M","E","R","BOSS"],"build_version":"2018-07-26","purchased_purges":0,"victory":false,"max_hp_per_floor":[75,75,75,75,75,75,75,75,75,75,75,75,75,75,75,75],"card_choices":[{"not_picked":["Streamline","Cold Snap","Redo"],"picked":"SKIP","floor":1},{"not_picked":["Gash","Heatsinks"],"picked":"Sunder","floor":2},{"not_picked":["Redo","Reprogram"],"picked":"Capacitor","floor":5},{"not_picked":["Consume","Beam Cell"],"picked":"Barrage","floor":7},{"not_picked":["Cold Snap","Scrape","FTL"],"picked":"SKIP","floor":8},{"not_picked":["Storm","Hologram+1"],"picked":"Go for the Eyes","floor":13},{"not_picked":["Lockon","Stack+1"],"picked":"White Noise+1","floor":14}],"player_experience":231992,"relics_obtained":[{"floor":8,"key":"Toxic Egg 2"},{"floor":9,"key":"Singing Bowl"},{"floor":10,"key":"Bottled Tornado"},{"floor":14,"key":"Bag of Marbles"}],"event_choices":[{"event_name":"Golden Idol","player_choice":"Ignored","floor":3,"damage_taken":0},{"event_name":"World of Goop","player_choice":"Gather Gold","floor":4,"damage_taken":0}],"is_beta":false,"boss_relics":[],"items_purged_floors":[],"is_endless":false,"potions_floor_spawned":[2,8,13,14],"killed_by":"Slime Boss","ascension_level":0}