{"gold_per_floor":[12,187,187,207,207,207,234,234,259,259,271,306,306,319,319,419,419,434,434,434,434,465,465,478,478],"floor_reached":25,"playtime":680,"items_purged":[],"score":263,"play_id":"ee82472c-cfd9-4584-826f-bfac49387404","local_time":"20181222220354","is_ascension_mode":true,"campfire_choices":[{"data":"Disarm","floor":6,"key":"SMITH"},{"data":"Bash","floor":8,"key":"SMITH"},{"data":"Defend_R","floor":10,"key":"SMITH"},{"floor":13,"key":"DIG"},{"floor":15,"key":"DIG"},{"floor":23,"key":"REST"}],"neow_cost":"NO_GOLD","seed_source_timestamp":126163286846308,"circlet_count":0,"master_deck":["Strike_R+1","Strike_R","Strike_R+1","Defend_R+1","Defend_R","Defend_R","Defend_R","Bash+1","Clothesline+1","Disarm+1","Heavy Blade","Feed","Demon Form","Double Tap","RitualDagger"],"relics":["Burning Blood","Mango","Kunai","Whetstone","Shovel","Singing Bowl","Smiling Mask","Empty Cage","Vajra","Red Mask"],"potions_floor_usage":[12,16,22],"damage_taken":[{"damage":4,"enemies":"2 Louse","floor":1,"turns":4},{"damage":0,"enemies":"Cultist","floor":4,"turns":3},{"damage":23,"enemies":"Gremlin Nob","floor":7,"turns":4},{"damage":0,"enemies":"Small Slimes","floor":11,"turns":3},{"damage":19,"enemies":"Lagavulin","floor":12,"turns":5},{"damage":11,"enemies":"Blue Slaver","floor":14,"turns":3},{"damage":20,"enemies":"Slime Boss","floor":16,"turns":6},{"damage":34,"enemies":"Shell Parasite","floor":18,"turns":9},{"damage":65,"enemies":"Masked Bandits","floor":22,"turns":6},{"damage":40,"enemies":"2 Thieves","floor":24,"turns":4},{"damage":57,"enemies":"3 Cultists","floor":25,"turns":6}],"seed_played":"-38631786071888829","potions_obtained":[{"floor":7,"key":"AttackPotion"},{"floor":14,"key":"Weak Potion"},{"floor":16,"key":"LiquidBronze"},{"floor":18,"key":"Ancient Potion"}],"is_trial":false,"path_per_floor":["M","?","?","M","?","R","E","R","T","R","M","E","R","M","R","B",null,"M","?","?","T","?","R","M","M"],"character_chosen":"IRONCLAD","items_purchased":[],"campfire_rested":1,"item_purchase_floors":[],"current_hp_per_floor":[94,94,94,94,94,94,77,77,77,77,83,70,70,67,67,53,96,73,101,95,95,38,68,36,0],"gold":478,"neow_bonus":"ONE_RARE_RELIC","is_prod":false,"is_daily":false,"chose_seed":false,"campfire_upgraded":3,"win_rate":0,"timestamp":1545512634,"path_taken":["M","?","?","?","?","R","E","R","T","R","?","E","R","M","R","BOSS","M","?","?","?","?","R","M","?"],"build_version":"2018-12-20","purchased_purges":0,"victory":false,"max_hp_per_floor":[94,94,94,94,94,94,94,94,94,94,94,94,94,96,96,96,96,101,101,101,101,103,103,105,108],"card_choices":[{"not_picked":["Clash","Inflame"],"picked":"Clothesline","floor":1},{"not_picked":["Iron Wave","Shrug It Off"],"picked":"Disarm","floor":4},{"not_picked":["Headbutt","Cleave"],"picked":"Heavy Blade","floor":7},{"not_picked":["Cleave","Thunderclap"],"picked":"Feed","floor":11},{"not_picked":["Infernal Blade","Sentinel"],"picked":"Demon Form","floor":12},{"not_picked":["Heavy Blade","Clothesline","Second Wind"],"picked":"Singing Bowl","floor":14},{"not_picked":["Barricade","Exhume"],"picked":"Double Tap","floor":16},{"not_picked":["Iron Wave","Clash","Armaments"],"picked":"Singing Bowl","floor":18},{"not_picked":["Wild Strike+1","Twin Strike","Rampage"],"picked":"Singing Bowl","floor":22},{"not_picked":["Anger","Uppercut","Shrug It Off"],"picked":"Singing Bowl","floor":24}],"player_experience":213665,"relics_obtained":[{"floor":7,"key":"Kunai"},{"floor":9,"key":"Whetstone"},{"floor":12,"key":"Shovel"},{"floor":13,"key":"Singing Bowl"},{"floor":15,"key":"Smiling Mask"},{"floor":21,"key":"Vajra"},{"floor":22,"key":"Red Mask"}],"event_choices":[{"damage_healed":0,"gold_gain":175,"player_choice":"AGREE","damage_taken":0,"max_hp_gain":0,"max_hp_loss":0,"event_name":"Liars Game","floor":2,"gold_loss":0,"cards_obtained":["Doubt"]},{"damage_healed":0,"gold_gain":0,"player_choice":"Upgraded","damage_taken":0,"max_hp_gain":0,"max_hp_loss":0,"event_name":"Upgrade Shrine","floor":3,"gold_loss":0,"cards_upgraded":["Clothesline"]},{"cards_removed":["Doubt"],"damage_healed":0,"gold_gain":0,"player_choice":"Removed Curses","damage_taken":0,"max_hp_gain":0,"max_hp_loss":0,"event_name":"Fountain of Cleansing","floor":5,"gold_loss":0},{"damage_healed":33,"gold_gain":0,"player_choice":"Heal","damage_taken":0,"max_hp_gain":0,"max_hp_loss":0,"event_name":"The Library","floor":19,"gold_loss":0},{"damage_healed":0,"gold_gain":0,"player_choice":"Joined the Cult","damage_taken":6,"max_hp_gain":0,"max_hp_loss":0,"event_name":"Nest","floor":20,"gold_loss":0,"cards_obtained":["RitualDagger"]},{"damage_healed":0,"gold_gain":0,"player_choice":"Fought Bandits","damage_taken":0,"max_hp_gain":0,"max_hp_loss":0,"event_name":"Masked Bandits","floor":22,"gold_loss":0}],"is_beta":false,"boss_relics":[{"not_picked":["Mark of Pain","Philosopher\u0027s Stone"],"picked":"Empty Cage"}],"items_purged_floors":[],"is_endless":false,"potions_floor_spawned":[7,14,16,18],"killed_by":"3 Cultists","ascension_level":3}