{"gold_per_floor":[218,293,9,9,24,51,51,85,85,85,105,122,122,132,132,132],"floor_reached":16,"playtime":545,"items_purged":[],"score":209,"play_id":"37c59eef-2c48-47a4-ac09-3b683b4f8a73","local_time":"20190109033749","is_ascension_mode":true,"campfire_choices":[{"floor":7,"key":"REST"},{"floor":10,"key":"REST"},{"data":"Inflame","floor":13,"key":"SMITH"},{"data":"Wild Strike","floor":15,"key":"SMITH"}],"neow_cost":"NONE","seed_source_timestamp":2779191074057417,"circlet_count":0,"master_deck":["AscendersBane","Strike_R","Strike_R","Strike_R","Strike_R","Strike_R","Defend_R","Defend_R","Defend_R","Defend_R","Bash","Wild Strike+1","True Grit+1","Inflame+1","Shockwave+1","Armaments+1","Dropkick"],"relics":["Burning Blood","Toxic Egg 2","Strawberry","Bird Faced Urn","Self Forming Clay"],"potions_floor_usage":[6,6,16],"damage_taken":[{"damage":19,"enemies":"Small Slimes","floor":1,"turns":4},{"damage":3,"enemies":"2 Louse","floor":5,"turns":3},{"damage":46,"enemies":"Gremlin Nob","floor":6,"turns":5},{"damage":48,"enemies":"Lagavulin","floor":8,"turns":7},{"damage":6,"enemies":"Cultist","floor":11,"turns":4},{"damage":11,"enemies":"Blue Slaver","floor":12,"turns":4},{"damage":5,"enemies":"Looter","floor":14,"turns":3},{"damage":39,"enemies":"Hexaghost","floor":16,"turns":9}],"seed_played":"-3883120962360153067","potions_obtained":[{"floor":1,"key":"Weak Potion"},{"floor":4,"key":"PowerPotion"},{"floor":8,"key":"Explosive Potion"},{"floor":14,"key":"Dexterity Potion"}],"is_trial":false,"path_per_floor":["M","?","$","?","M","E","R","E","T","R","M","M","R","M","R","B"],"character_chosen":"IRONCLAD","items_purchased":["Toxic Egg 2"],"campfire_rested":2,"item_purchase_floors":[3],"current_hp_per_floor":[55,55,55,55,58,25,49,7,7,31,33,30,30,33,33,0],"gold":132,"neow_bonus":"HUNDRED_GOLD","is_prod":false,"is_daily":false,"chose_seed":false,"campfire_upgraded":2,"win_rate":0,"timestamp":1547001469,"path_taken":["M","?","$","?","M","E","R","E","T","R","M","M","R","M","R","BOSS"],"build_version":"2019-01-03v4","purchased_purges":0,"victory":false,"max_hp_per_floor":[75,75,75,75,75,82,82,82,82,82,82,82,82,82,82,82],"card_choices":[{"not_picked":["Blood for Blood","Flex"],"picked":"Wild Strike","floor":1},{"not_picked":["Flex+1","Anger"],"picked":"True Grit+1","floor":5},{"not_picked":["Anger","Fire Breathing"],"picked":"Inflame","floor":6},{"not_picked":["Rupture","Seeing Red+1"],"picked":"Shockwave+1","floor":8},{"not_picked":["Searing Blow","Thunderclap","Wild Strike"],"picked":"SKIP","floor":11},{"not_picked":["Whirlwind","Blood for Blood"],"picked":"Armaments+1","floor":12},{"not_picked":["Twin Strike","Rupture"],"picked":"Dropkick","floor":14}],"player_experience":692955,"relics_obtained":[{"floor":6,"key":"Strawberry"},{"floor":8,"key":"Bird Faced Urn"},{"floor":9,"key":"Self Forming Clay"}],"event_choices":[{"damage_healed":0,"gold_gain":75,"player_choice":"Gained Gold","damage_taken":0,"max_hp_gain":0,"max_hp_loss":0,"event_name":"Golden Wing","floor":2,"gold_loss":0},{"damage_healed":0,"gold_gain":0,"player_choice":"Got Potions","damage_taken":0,"max_hp_gain":0,"max_hp_loss":0,"event_name":"Lab","floor":4,"gold_loss":0}],"is_beta":false,"boss_relics":[],"items_purged_floors":[],"is_endless":false,"potions_floor_spawned":[1,5,8,14],"killed_by":"Hexaghost","ascension_level":18}