{"gold_per_floor":[109,284,354,364,377,404,416,416,465,465,344,363,274,284,284,386,386,374,385,285,297,297],"floor_reached":22,"playtime":803,"items_purged":["Doubt","Defend_B"],"score":188,"play_id":"e0772cd2-1e30-472b-ac21-ff15e6d9be98","local_time":"20190202010520","is_ascension_mode":false,"campfire_choices":[{"floor":8,"key":"REST"},{"floor":10,"key":"REST"},{"data":"Zap","floor":15,"key":"SMITH"}],"neow_cost":"NONE","seed_source_timestamp":274713240348429,"circlet_count":0,"master_deck":["Strike_B","Strike_B","Strike_B","Defend_B","Defend_B","Defend_B","Zap+1","Dualcast","Leap","Ball Lightning","Turbo","Ball Lightning","Chaos","Conserve Battery","Coolheaded","Discovery","Conserve Battery","Multi-Cast","Ball Lightning+1","Static Discharge+1"],"relics":["Cracked Core"],"potions_floor_usage":[7,7,18,18,21],"damage_taken":[{"damage":0,"enemies":"Small Slimes","floor":1,"turns":3},{"damage":1,"enemies":"Jaw Worm","floor":4,"turns":3},{"damage":1,"enemies":"Cultist","floor":5,"turns":3},{"damage":50,"enemies":"Gremlin Nob","floor":6,"turns":5},{"damage":16,"enemies":"Gremlin Gang","floor":7,"turns":4},{"damage":5,"enemies":"Looter","floor":12,"turns":2},{"damage":2,"enemies":"Exordium Thugs","floor":14,"turns":5},{"damage":32,"enemies":"Hexaghost","floor":16,"turns":12},{"damage":23,"enemies":"2 Thieves","floor":18,"turns":4},{"damage":19,"enemies":"Spheric Guardian","floor":19,"turns":4},{"damage":25,"enemies":"Snake Plant","floor":21,"turns":4},{"damage":11,"enemies":"Snecko","floor":22,"turns":4}],"seed_played":"-5539409104705313682","potions_obtained":[{"floor":5,"key":"SneckoOil"},{"floor":6,"key":"GamblersBrew"},{"floor":7,"key":"GamblersBrew"},{"floor":14,"key":"GamblersBrew"},{"floor":18,"key":"Strength Potion"},{"floor":19,"key":"PowerPotion"}],"is_trial":false,"path_per_floor":["M","?","T","M","M","E","M","R","T","R","$","M","$","M","R","B",null,"M","M","$","M","M"],"character_chosen":"DEFECT","items_purchased":["Conserve Battery","Discovery"],"campfire_rested":2,"item_purchase_floors":[11,13],"current_hp_per_floor":[75,75,75,74,73,23,7,29,29,51,51,46,46,44,44,12,75,52,33,33,8,0],"gold":297,"neow_bonus":"REMOVE_CARD","is_prod":false,"is_daily":false,"chose_seed":false,"campfire_upgraded":1,"win_rate":0,"timestamp":1549082120,"path_taken":["M","?","?","M","?","E","M","R","T","R","?","M","$","M","R","BOSS","M","M","$","M","?"],"build_version":"2019-01-23","purchased_purges":2,"victory":false,"max_hp_per_floor":[75,75,75,75,75,75,75,75,75,75,75,75,75,75,75,75,75,75,75,75,75,75],"card_choices":[{"not_picked":["Compile Driver","Consume"],"picked":"Leap","floor":1},{"not_picked":["Force Field","Hologram"],"picked":"Ball Lightning","floor":4},{"not_picked":["Double Energy","Auto Shields"],"picked":"Turbo","floor":5},{"not_picked":["Beam Cell","Redo"],"picked":"Ball Lightning","floor":6},{"not_picked":["Consume","Loop"],"picked":"Chaos","floor":7},{"not_picked":["Steam","Streamline"],"picked":"Coolheaded","floor":12},{"not_picked":["Turbo","Auto Shields"],"picked":"Conserve Battery","floor":14},{"not_picked":["All For One","Amplify"],"picked":"Multi-Cast","floor":16},{"not_picked":["Storm","Stack","Redo"],"picked":"SKIP","floor":18},{"not_picked":["Streamline+1","Heatsinks"],"picked":"Ball Lightning+1","floor":19},{"not_picked":["Compile Driver","Redo"],"picked":"Static Discharge+1","floor":21}],"player_experience":317758,"relics_obtained":[],"event_choices":[{"damage_healed":0,"gold_gain":175,"player_choice":"AGREE","damage_taken":0,"max_hp_gain":0,"max_hp_loss":0,"event_name":"Liars Game","floor":2,"gold_loss":0,"cards_obtained":["Doubt"]}],"is_beta":false,"boss_relics":[{"not_picked":["Coffee Dripper","Astrolabe","Nuclear Battery"]}],"items_purged_floors":[11,20],"is_endless":false,"potions_floor_spawned":[5,6,7,14,18,19],"killed_by":"Snecko","ascension_level":0}