{"gold_per_floor":[118,129,229,242,12,12,45,45,97,124,124,153,170,196,196,196],"floor_reached":16,"playtime":821,"items_purged":[],"score":177,"play_id":"a86b3dbd-7fc4-44a0-a36f-f384df6726c8","local_time":"20190201133734","is_ascension_mode":true,"campfire_choices":[{"data":"Blade Dance","floor":6,"key":"SMITH"},{"floor":8,"key":"REST"},{"floor":11,"key":"REST"},{"floor":15,"key":"REST"}],"neow_cost":"NONE","seed_source_timestamp":3193898528002,"circlet_count":0,"master_deck":["AscendersBane","Defend_G","Defend_G","Defend_G","Defend_G","Defend_G","Strike_G","Strike_G","Strike_G","Strike_G","Strike_G","Survivor","Neutralize","Prepared","Predator","Terror","Blade Dance+1","Leg Sweep","Deflect","After Image+1","Crippling Poison","Backstab","Blade Dance"],"relics":["Ring of the Snake","Juzu Bracelet","Dream Catcher","Vajra","Frozen Egg 2","The Courier","Odd Mushroom"],"potions_floor_usage":[16,16],"damage_taken":[{"damage":3,"enemies":"2 Louse","floor":1,"turns":4},{"damage":7,"enemies":"Cultist","floor":2,"turns":4},{"damage":0,"enemies":"Small Slimes","floor":4,"turns":3},{"damage":17,"enemies":"Lagavulin","floor":7,"turns":6},{"damage":13,"enemies":"3 Sentries","floor":10,"turns":9},{"damage":35,"enemies":"Gremlin Nob","floor":12,"turns":5},{"damage":4,"enemies":"Exordium Thugs","floor":13,"turns":4},{"damage":6,"enemies":"The Mushroom Lair","floor":14,"turns":4},{"damage":52,"enemies":"Slime Boss","floor":16,"turns":16}],"seed_played":"837531860805963793","potions_obtained":[{"floor":0,"key":"SneckoOil"},{"floor":0,"key":"SneckoOil"},{"floor":0,"key":"FairyPotion"},{"floor":13,"key":"Block Potion"}],"is_trial":false,"path_per_floor":["M","M","?","M","$","R","E","R","T","E","R","E","M","?","R","B"],"character_chosen":"THE_SILENT","items_purchased":["Terror","Blade Dance","Juzu Bracelet"],"campfire_rested":3,"item_purchase_floors":[5,5,5],"current_hp_per_floor":[60,53,53,53,53,53,36,57,57,44,65,30,26,20,41,0],"gold":196,"neow_bonus":"THREE_SMALL_POTIONS","is_prod":false,"is_daily":false,"chose_seed":false,"campfire_upgraded":1,"win_rate":0,"timestamp":1549046254,"path_taken":["M","M","?","M","?","R","E","R","T","E","R","E","M","?","R","BOSS"],"build_version":"2019-01-23","purchased_purges":0,"victory":false,"max_hp_per_floor":[70,70,70,70,70,70,70,70,70,70,70,70,70,70,70,70],"card_choices":[{"not_picked":["Acrobatics","Underhanded Strike"],"picked":"Prepared","floor":1},{"not_picked":["Underhanded Strike","Quick Slash"],"picked":"Predator","floor":2},{"not_picked":["Prepared","Phantasmal Killer","Catalyst"],"picked":"SKIP","floor":4},{"not_picked":["Poisoned Stab","Bouncing Flask"],"picked":"Leg Sweep","floor":7},{"not_picked":["Choke","Dodge and Roll"],"picked":"Deflect","floor":8},{"not_picked":["Sucker Punch","Tools of the Trade"],"picked":"After Image","floor":10},{"not_picked":["Deflect","Bane"],"picked":"Crippling Poison","floor":11},{"not_picked":["Cloak And Dagger","Deflect"],"picked":"Backstab","floor":12},{"not_picked":["Underhanded Strike","Outmaneuver"],"picked":"Blade Dance","floor":13}],"player_experience":199077,"relics_obtained":[{"floor":7,"key":"Dream Catcher"},{"floor":9,"key":"Vajra"},{"floor":10,"key":"Frozen Egg 2"},{"floor":12,"key":"The Courier"},{"floor":14,"key":"Odd Mushroom"}],"event_choices":[{"damage_healed":0,"gold_gain":100,"player_choice":"Pray","damage_taken":0,"max_hp_gain":0,"max_hp_loss":0,"event_name":"Golden Shrine","floor":3,"gold_loss":0},{"damage_healed":0,"gold_gain":0,"player_choice":"Fought Mushrooms","damage_taken":0,"max_hp_gain":0,"max_hp_loss":0,"event_name":"Mushrooms","floor":14,"gold_loss":0}],"is_beta":false,"boss_relics":[],"items_purged_floors":[],"is_endless":false,"potions_floor_spawned":[1,10,13],"killed_by":"Slime Boss","ascension_level":10}