{"gold_per_floor":[217,142,156,173,173,203,203,103,103,120,133,164,88,122,122,217,217,230,246,121,101,121,121,171,198,223,241,257,257,277,287,287,385,385,395,411,189,189,203,203,203,52,52,65,75,108,125,150,150,150],"floor_reached":50,"playtime":3917,"items_purged":["Strike_B","Strike_B","Defend_B","Defend_B"],"score":598,"play_id":"4292459b-cf3f-410b-b0f4-0a45f5b8fe67","local_time":"20190116230931","is_ascension_mode":true,"campfire_choices":[{"data":"Zap","floor":7,"key":"SMITH"},{"floor":15,"key":"REST"},{"floor":23,"key":"REST"},{"floor":29,"key":"REST"},{"floor":32,"key":"REST"},{"floor":40,"key":"RECALL"},{"floor":49,"key":"REST"}],"neow_cost":"NONE","seed_source_timestamp":8111280102500,"circlet_count":0,"master_deck":["Zap+1","Dualcast","Chill","Compile Driver","Genetic Algorithm","Leap","FTL","Conserve Battery","Coolheaded","Core Surge","Echo Form","Hello World+1","Meteor Strike+1","Stack+1","Loop","Streamline+1","Doom and Gloom","Sweeping Beam+1","White Noise+1","Coolheaded","Self Repair+1","Cold Snap+1","Buffer","FTL+1","Cold Snap+1","Echo Form","Blizzard"],"relics":["Cracked Core","Singing Bowl","Pocketwatch","Kunai","Ornamental Fan","Astrolabe","Prayer Wheel","Fusion Hammer","Orichalcum","Gremlin Horn","Unceasing Top","Pantograph"],"potions_floor_usage":[12,12,14,16,16,28,28,48,50,50],"damage_taken":[{"damage":6,"enemies":"Jaw Worm","floor":1,"turns":3},{"damage":0,"enemies":"Cultist","floor":3,"turns":3},{"damage":2,"enemies":"2 Louse","floor":4,"turns":2},{"damage":36,"enemies":"Lagavulin","floor":6,"turns":11},{"damage":3,"enemies":"Red Slaver","floor":10,"turns":4},{"damage":0,"enemies":"Looter","floor":11,"turns":3},{"damage":16,"enemies":"Gremlin Nob","floor":12,"turns":4},{"damage":2,"enemies":"3 Sentries","floor":14,"turns":14},{"damage":46,"enemies":"Slime Boss","floor":16,"turns":17},{"damage":10,"enemies":"3 Byrds","floor":18,"turns":5},{"damage":6,"enemies":"Chosen","floor":19,"turns":6},{"damage":18,"enemies":"Centurion and Healer","floor":22,"turns":8},{"damage":44,"enemies":"Book of Stabbing","floor":25,"turns":6},{"damage":1,"enemies":"Chosen and Byrds","floor":27,"turns":5},{"damage":13,"enemies":"3 Cultists","floor":28,"turns":5},{"damage":8,"enemies":"Shelled Parasite and Fungi","floor":30,"turns":7},{"damage":7,"enemies":"Snake Plant","floor":31,"turns":5},{"damage":21,"enemies":"Automaton","floor":33,"turns":12},{"damage":15,"enemies":"3 Darklings","floor":35,"turns":9},{"damage":31,"enemies":"3 Shapes","floor":36,"turns":5},{"damage":11,"enemies":"Sphere and 2 Shapes","floor":39,"turns":8},{"damage":0,"enemies":"Maw","floor":44,"turns":8},{"damage":7,"enemies":"Jaw Worm Horde","floor":45,"turns":4},{"damage":19,"enemies":"Giant Head","floor":46,"turns":8},{"damage":27,"enemies":"Sphere and 2 Shapes","floor":47,"turns":8},{"damage":37,"enemies":"Nemesis","floor":48,"turns":9},{"damage":119,"enemies":"Time Eater","floor":50,"turns":15}],"seed_played":"-3331425625780542660","potions_obtained":[{"floor":3,"key":"FearPotion"},{"floor":4,"key":"SteroidPotion"},{"floor":6,"key":"Strength Potion"},{"floor":14,"key":"Energy Potion"},{"floor":18,"key":"Fire Potion"},{"floor":19,"key":"SkillPotion"},{"floor":21,"key":"SpeedPotion"},{"floor":30,"key":"GamblersBrew"},{"floor":33,"key":"Ancient Potion"},{"floor":45,"key":"SkillPotion"}],"is_trial":false,"path_per_floor":["M","$","M","M","?","E","R","$","T","M","M","E","$","E","R","B",null,"M","M","$","?","M","R","?","E","T","M","M","R","M","M","R","B",null,"M","M","$","?","M","R","?","$","T","M","M","E","M","E","R","B"],"character_chosen":"DEFECT","items_purchased":["Regen Potion","Echo Form","Orichalcum"],"campfire_rested":5,"item_purchase_floors":[13,37,42],"current_hp_per_floor":[69,69,69,67,67,31,31,31,31,28,28,12,12,25,47,1,75,67,61,61,61,43,66,66,22,22,21,10,33,25,32,56,45,83,80,61,61,61,64,64,64,64,64,88,85,88,73,48,78,0],"gold":150,"neow_bonus":"HUNDRED_GOLD","is_prod":false,"is_daily":false,"chose_seed":false,"campfire_upgraded":1,"win_rate":0,"timestamp":1547680171,"path_taken":["M","$","M","M","?","E","R","$","T","M","M","E","?","E","R","BOSS","M","M","$","?","?","R","?","E","T","M","M","R","M","M","R","BOSS","M","M","$","?","M","R","?","?","T","M","M","E","M","E","R","BOSS"],"build_version":"2019-01-10","purchased_purges":4,"victory":false,"max_hp_per_floor":[75,75,75,75,75,75,75,75,75,75,75,75,75,75,75,75,75,77,77,77,77,77,77,77,77,77,77,79,79,79,83,83,83,83,85,87,87,87,91,91,86,86,86,90,94,96,98,100,100,100],"card_choices":[{"not_picked":["Ball Lightning","Streamline"],"picked":"Chill","floor":1},{"not_picked":["Conserve Battery","BootSequence"],"picked":"Compile Driver","floor":3},{"not_picked":["Ball Lightning","Steam"],"picked":"Genetic Algorithm","floor":4},{"not_picked":["Rebound","Auto Shields"],"picked":"Leap","floor":6},{"not_picked":["Hello World","Capacitor"],"picked":"FTL","floor":10},{"not_picked":["Gash","Streamline"],"picked":"Conserve Battery","floor":11},{"not_picked":["Fusion","Capacitor"],"picked":"Coolheaded","floor":12},{"not_picked":["Streamline","Hello World"],"picked":"Core Surge","floor":14},{"not_picked":["All For One","Multi-Cast"],"picked":"Echo Form","floor":16},{"not_picked":["Genetic Algorithm","Barrage","Rip and Tear"],"picked":"Singing Bowl","floor":18},{"not_picked":["Rebound","Genetic Algorithm+1"],"picked":"Loop","floor":19},{"not_picked":["Conserve Battery","Rebound+1"],"picked":"Streamline+1","floor":22},{"not_picked":["Sunder","Steam+1"],"picked":"Doom and Gloom","floor":25},{"not_picked":["Rip and Tear","Hologram"],"picked":"Sweeping Beam+1","floor":27},{"not_picked":["Barrage","Rebound"],"picked":"White Noise+1","floor":27},{"not_picked":["Chill","Aggregate"],"picked":"Coolheaded","floor":28},{"not_picked":["Fission","Turbo","Doom and Gloom+1"],"picked":"Singing Bowl","floor":28},{"not_picked":["Chaos","Reinforced Body"],"picked":"Self Repair+1","floor":30},{"not_picked":["Steam+1","Darkness+1"],"picked":"Cold Snap+1","floor":30},{"not_picked":["Barrage","Rebound","Coolheaded"],"picked":"Singing Bowl","floor":31},{"not_picked":["Sweeping Beam+1","Steam","Gash"],"picked":"Singing Bowl","floor":31},{"not_picked":["Core Surge","Reboot"],"picked":"Buffer","floor":33},{"not_picked":["Hologram","Cold Snap"],"picked":"FTL+1","floor":35},{"not_picked":["Recycle","Chaos+1","White Noise"],"picked":"Singing Bowl","floor":35},{"not_picked":["Tempest+1","Go for the Eyes"],"picked":"Cold Snap+1","floor":36},{"not_picked":["Steam+1","Storm+1","Scrape+1"],"picked":"Singing Bowl","floor":36},{"not_picked":["Ball Lightning+1","Steam+1","Beam Cell+1"],"picked":"Singing Bowl","floor":39},{"not_picked":["Leap+1","Reinforced Body+1","Beam Cell"],"picked":"Singing Bowl","floor":39},{"not_picked":["Turbo+1","Skim+1","Capacitor"],"picked":"Singing Bowl","floor":44},{"not_picked":["Doom and Gloom+1","Coolheaded+1","Machine Learning"],"picked":"Singing Bowl","floor":44},{"not_picked":["Conserve Battery","Go for the Eyes+1","Beam Cell"],"picked":"Singing Bowl","floor":45},{"not_picked":["Steam+1","Consume","Go for the Eyes+1"],"picked":"Singing Bowl","floor":45},{"not_picked":["Coolheaded","Redo+1","Barrage"],"picked":"Singing Bowl","floor":46},{"not_picked":["Hello World","Loop"],"picked":"Blizzard","floor":47},{"not_picked":["Steam+1","Cold Snap+1","Coolheaded"],"picked":"Singing Bowl","floor":47},{"not_picked":["Self Repair","Fusion+1","Stack+1"],"picked":"Singing Bowl","floor":48}],"player_experience":105896,"relics_obtained":[{"floor":6,"key":"Singing Bowl"},{"floor":9,"key":"Pocketwatch"},{"floor":12,"key":"Kunai"},{"floor":14,"key":"Ornamental Fan"},{"floor":25,"key":"Prayer Wheel"},{"floor":43,"key":"Gremlin Horn"},{"floor":46,"key":"Unceasing Top"},{"floor":48,"key":"Pantograph"}],"event_choices":[{"cards_removed":["Strike_B"],"damage_healed":0,"gold_gain":0,"player_choice":"Offered Basic","damage_taken":0,"max_hp_gain":0,"max_hp_loss":0,"event_name":"Bonfire Elementals","floor":5,"gold_loss":0},{"damage_healed":0,"gold_gain":0,"player_choice":"Bought 1 Potion","damage_taken":0,"max_hp_gain":0,"max_hp_loss":0,"event_name":"The Woman in Blue","floor":21,"gold_loss":0},{"damage_healed":0,"gold_gain":100,"player_choice":"Bet on Murderer","damage_taken":0,"max_hp_gain":0,"max_hp_loss":0,"event_name":"The Joust","floor":24,"gold_loss":50},{"damage_healed":0,"gold_gain":0,"player_choice":"Ignored","damage_taken":0,"max_hp_gain":0,"max_hp_loss":0,"event_name":"Mysterious Sphere","floor":38,"gold_loss":0},{"damage_healed":0,"gold_gain":0,"player_choice":"Max HP","damage_taken":0,"max_hp_gain":0,"max_hp_loss":5,"event_name":"Winding Halls","floor":41,"gold_loss":0}],"is_beta":false,"boss_relics":[{"not_picked":["Empty Cage","Eternal Feather"],"picked":"Astrolabe"},{"not_picked":["Velvet Choker","Inserter"],"picked":"Fusion Hammer"}],"items_purged_floors":[2,8,20,37],"is_endless":false,"potions_floor_spawned":[3,4,6,11,14,18,19,27,30,33,36,45,46],"killed_by":"Time Eater","ascension_level":1}