{"gold_per_floor":[116,128,147,147,97,97,126,126,126,51,77,352,368,57,57,158,158,176,176,176,276,287,287],"floor_reached":23,"playtime":1071,"items_purged":["Strike_B","Regret"],"score":197,"play_id":"a20f44df-746a-4959-9e1c-1fae65df3ba5","local_time":"20180927193615","is_ascension_mode":false,"campfire_choices":[{"data":"Zap","floor":6,"key":"SMITH"},{"data":"Sunder","floor":8,"key":"SMITH"},{"data":"Mayhem","floor":15,"key":"SMITH"}],"neow_cost":"NONE","seed_source_timestamp":979404393654328,"circlet_count":0,"master_deck":["Strike_B","Strike_B","Defend_B","Defend_B","Zap+1","Dualcast","Self Repair","Go for the Eyes","Sunder+1","Seek","Ball Lightning","Mayhem+1","Core Surge","Force Field+1"],"relics":["Cracked Core","Pear","Gremlin Horn","Bird Faced Urn","Sozu","MutagenicStrength","Nunchaku","The Courier"],"potions_floor_usage":[16,16,21],"damage_taken":[{"damage":10,"enemies":"Small Slimes","floor":1,"turns":4},{"damage":6,"enemies":"Cultist","floor":2,"turns":3},{"damage":0,"enemies":"2 Louse","floor":3,"turns":2},{"damage":41,"enemies":"3 Sentries","floor":7,"turns":8},{"damage":26,"enemies":"Lagavulin","floor":11,"turns":5},{"damage":1,"enemies":"2 Fungi Beasts","floor":13,"turns":2},{"damage":40,"enemies":"The Guardian","floor":16,"turns":10},{"damage":10,"enemies":"Spheric Guardian","floor":18,"turns":3},{"damage":9,"enemies":"Colosseum Slavers","floor":21,"turns":3},{"damage":45,"enemies":"Colosseum Nobs","floor":21,"turns":6},{"damage":22,"enemies":"2 Thieves","floor":22,"turns":3},{"damage":40,"enemies":"Book of Stabbing","floor":23,"turns":3}],"seed_played":"-7559771295006007098","potions_obtained":[{"floor":1,"key":"Weak Potion"},{"floor":2,"key":"Swift Potion"},{"floor":11,"key":"EssenceOfSteel"}],"is_trial":false,"path_per_floor":["M","M","M","?","?","R","E","R","T","$","E","?","M","$","R","B",null,"M","?","?","?","M"],"character_chosen":"DEFECT","items_purchased":["Mayhem"],"campfire_rested":0,"item_purchase_floors":[14],"current_hp_per_floor":[72,73,75,75,75,75,51,51,51,51,32,32,40,40,40,11,85,82,82,82,48,28,0],"gold":287,"neow_bonus":"TRANSFORM_CARD","is_prod":false,"is_daily":false,"chose_seed":false,"campfire_upgraded":3,"win_rate":0,"timestamp":1538069775,"path_taken":["M","M","M","?","?","R","E","R","T","?","E","?","M","$","R","BOSS","M","?","?","?","M","E"],"build_version":"2018-09-20","purchased_purges":2,"victory":false,"max_hp_per_floor":[75,75,75,75,75,75,85,85,85,85,85,85,85,85,85,85,85,85,85,85,85,85,85],"card_choices":[{"not_picked":["Chill","Sweeping Beam"],"picked":"Lockon","floor":1},{"not_picked":["Double Energy","Ball Lightning"],"picked":"Go for the Eyes","floor":2},{"not_picked":["Redo","Barrage","Steam Power"],"picked":"SKIP","floor":3},{"not_picked":["Hologram","Compile Driver"],"picked":"Sunder","floor":7},{"not_picked":["Hologram","Undo"],"picked":"Seek","floor":11},{"not_picked":["Streamline","Rainbow"],"picked":"Ball Lightning","floor":13},{"not_picked":["Rainbow","Fission"],"picked":"Core Surge","floor":16},{"not_picked":["Heatsinks","Leap"],"picked":"Force Field+1","floor":18},{"not_picked":["Leap+1","Sweeping Beam+1","Capacitor"],"picked":"SKIP","floor":22}],"player_experience":508716,"relics_obtained":[{"floor":7,"key":"Pear"},{"floor":9,"key":"Gremlin Horn"},{"floor":11,"key":"Bird Faced Urn"},{"floor":21,"key":"Nunchaku"},{"floor":21,"key":"The Courier"}],"event_choices":[{"event_name":"Bonfire Elementals","player_choice":"UNCOMMON","floor":4,"damage_taken":0},{"event_name":"The Cleric","player_choice":"Card Removal","floor":5,"damage_taken":0},{"event_name":"Golden Shrine","player_choice":"Desecrate","floor":12,"damage_taken":0},{"event_name":"Drug Dealer","player_choice":"Inject Mutagens","floor":19,"damage_taken":0},{"event_name":"Purifier","player_choice":"One Purge","floor":20,"damage_taken":0},{"event_name":"Colosseum","player_choice":"Fight","floor":21,"damage_taken":0},{"event_name":"Colosseum","player_choice":"Fought Nobs","floor":21,"damage_taken":0}],"is_beta":false,"boss_relics":[{"not_picked":["Calling Bell","Cursed Key"],"picked":"Sozu"}],"items_purged_floors":[10,14],"is_endless":false,"potions_floor_spawned":[1,2,11,21],"killed_by":"Book of Stabbing","ascension_level":0}