{"gold_per_floor":[118,128,29,29,44,74,74,91,91,210,229,331,331,365,365,562,562],"floor_reached":17,"playtime":707,"items_purged":["Strike_G"],"score":167,"play_id":"7b40f1d9-71fc-4306-b2a3-a7c5e459d36f","local_time":"20190105231258","is_ascension_mode":false,"campfire_choices":[{"data":"Tools of the Trade","floor":7,"key":"SMITH"},{"data":"Distraction","floor":12,"key":"SMITH"},{"floor":15,"key":"REST"}],"neow_cost":"NONE","seed_source_timestamp":2503938547532228,"circlet_count":0,"master_deck":["Defend_G","Defend_G","Defend_G","Defend_G","Defend_G","Strike_G","Strike_G","Strike_G","Strike_G","Survivor","Neutralize+1","Predator+1","Leg Sweep","Flying Knee","Cloak And Dagger","Tools of the Trade+1","Distraction+1","Deflect","Bane","Dagger Spray","Corpse Explosion"],"relics":["Ring of the Snake","Mummified Hand","infinitespire:CursedDice","Potion Belt","HoveringKite"],"potions_floor_usage":[],"damage_taken":[{"damage":0,"enemies":"Cultist","floor":1,"turns":4},{"damage":0,"enemies":"Small Slimes","floor":2,"turns":2},{"damage":0,"enemies":"Jaw Worm","floor":5,"turns":2},{"damage":26,"enemies":"3 Sentries","floor":6,"turns":11},{"damage":4,"enemies":"Red Slaver","floor":8,"turns":4},{"damage":7,"enemies":"Lots of Slimes","floor":10,"turns":5},{"damage":0,"enemies":"2 Fungi Beasts","floor":11,"turns":4},{"damage":20,"enemies":"Gremlin Nob","floor":14,"turns":5},{"damage":35,"enemies":"Hexaghost","floor":16,"turns":13}],"seed_played":"-4445545182103247610","potions_obtained":[{"floor":1,"key":"SneckoOil"},{"floor":5,"key":"EssenceOfSteel"},{"floor":8,"key":"Weak Potion"},{"floor":14,"key":"FearPotion"},{"floor":16,"key":"Ancient Potion"}],"is_trial":false,"path_per_floor":["M","M","$","?","M","E","R","M","T","M","M","R","?","E","R","B",null],"character_chosen":"THE_SILENT","items_purchased":["Flying Knee"],"campfire_rested":1,"item_purchase_floors":[3],"current_hp_per_floor":[70,70,70,70,70,44,44,40,40,33,33,33,33,13,34,25,25],"gold":562,"neow_bonus":"UPGRADE_CARD","is_prod":false,"is_daily":false,"chose_seed":false,"campfire_upgraded":2,"win_rate":0,"timestamp":1546726378,"path_taken":["M","M","$","?","M","E","R","M","T","?","?","R","?","E","R","BOSS"],"build_version":"2019-01-03v4","purchased_purges":1,"victory":false,"max_hp_per_floor":[70,70,70,70,70,70,70,70,70,70,70,70,70,70,70,70,70],"card_choices":[{"not_picked":["Eviscerate","Slice"],"picked":"Predator","floor":1},{"not_picked":["Setup","Dodge and Roll"],"picked":"Leg Sweep","floor":2},{"not_picked":["Acrobatics","PiercingWail"],"picked":"Cloak And Dagger","floor":5},{"not_picked":["Dagger Spray","Catalyst"],"picked":"Tools of the Trade","floor":6},{"not_picked":["Dodge and Roll","Quick Slash"],"picked":"Distraction","floor":8},{"not_picked":["Acrobatics","Outmaneuver"],"picked":"Deflect","floor":10},{"not_picked":["Poisoned Stab","Underhanded Strike"],"picked":"Bane","floor":11},{"not_picked":["Dagger Throw","Storm of Steel"],"picked":"Dagger Spray","floor":14},{"not_picked":["Grand Finale","A Thousand Cuts"],"picked":"Corpse Explosion","floor":16}],"player_experience":678684,"relics_obtained":[{"floor":6,"key":"Mummified Hand"},{"floor":9,"key":"infinitespire:CursedDice"},{"floor":14,"key":"Potion Belt"}],"event_choices":[{"damage_healed":0,"gold_gain":0,"player_choice":"Upgraded","damage_taken":0,"max_hp_gain":0,"max_hp_loss":0,"event_name":"Upgrade Shrine","floor":4,"gold_loss":0,"cards_upgraded":["Predator"]},{"damage_healed":0,"gold_gain":0,"player_choice":"Ignored","damage_taken":0,"max_hp_gain":0,"max_hp_loss":0,"event_name":"Liars Game","floor":13,"gold_loss":0}],"is_beta":false,"boss_relics":[{"not_picked":["White Beast Statue","Runic Pyramid"],"picked":"HoveringKite"}],"items_purged_floors":[3],"is_endless":false,"potions_floor_spawned":[1,5,8,14,16],"ascension_level":0}