{"gold_per_floor":[117,117,127,144,164,197,197,197,222,256,256,283,303,303,303,303],"floor_reached":16,"playtime":608,"items_purged":[],"score":156,"play_id":"46250a87-ca04-4ecb-97ea-a0923afdec12","local_time":"20190128011029","is_ascension_mode":true,"campfire_choices":[{"floor":7,"key":"REST"},{"floor":11,"key":"REST"},{"floor":15,"key":"REST"}],"neow_cost":"NONE","seed_source_timestamp":42749900110393,"circlet_count":0,"master_deck":["Strike_R","Strike_R","Strike_R","Strike_R","Strike_R","Defend_R","Defend_R+1","Defend_R","Defend_R+1","Bash","Corruption","Iron Wave","Clothesline","Cleave","Flame Barrier+1"],"relics":["Burning Blood","NeowsBlessing","War Paint","Omamori","Potion Belt","Turnip","Boot"],"potions_floor_usage":[6,12,12],"damage_taken":[{"damage":0,"enemies":"Jaw Worm","floor":1,"turns":1},{"damage":0,"enemies":"Cultist","floor":3,"turns":1},{"damage":0,"enemies":"2 Louse","floor":4,"turns":1},{"damage":58,"enemies":"Large Slime","floor":5,"turns":11},{"damage":27,"enemies":"Lagavulin","floor":6,"turns":8},{"damage":39,"enemies":"3 Sentries","floor":10,"turns":10},{"damage":20,"enemies":"Lagavulin","floor":12,"turns":8},{"damage":14,"enemies":"Lots of Slimes","floor":13,"turns":3},{"damage":48,"enemies":"The Guardian","floor":16,"turns":13}],"seed_played":"-4371997147387089415","potions_obtained":[{"floor":1,"key":"Ancient Potion"},{"floor":3,"key":"Energy Potion"},{"floor":5,"key":"Dexterity Potion"},{"floor":10,"key":"Weak Potion"}],"is_trial":false,"path_per_floor":["M","?","M","M","M","E","R","?","T","E","R","E","M","?","R","B"],"character_chosen":"IRONCLAD","items_purchased":[],"campfire_rested":3,"item_purchase_floors":[],"current_hp_per_floor":[78,78,80,80,28,7,31,51,51,18,42,28,20,20,44,0],"gold":303,"neow_bonus":"THREE_ENEMY_KILL","is_prod":false,"is_daily":false,"chose_seed":false,"campfire_upgraded":0,"win_rate":0,"timestamp":1548655829,"path_taken":["M","?","M","?","?","E","R","?","T","E","R","E","M","?","R","BOSS"],"build_version":"2019-01-23","purchased_purges":0,"victory":false,"max_hp_per_floor":[80,80,80,80,80,80,80,80,80,80,80,80,80,80,80,80],"card_choices":[{"not_picked":["Rage","Flex","Blood for Blood"],"picked":"SKIP","floor":1},{"not_picked":["Combust","Rage"],"picked":"Corruption","floor":3},{"not_picked":["Heavy Blade","Perfected Strike"],"picked":"Iron Wave","floor":4},{"not_picked":["True Grit","Heavy Blade"],"picked":"Clothesline","floor":5},{"not_picked":["Fire Breathing","Infernal Blade"],"picked":"Cleave","floor":6},{"not_picked":["Berserk","Shrug It Off","Burning Pact"],"picked":"SKIP","floor":10},{"not_picked":["Pummel","Body Slam"],"picked":"Flame Barrier","floor":12},{"not_picked":["Body Slam","Uppercut","Havoc"],"picked":"SKIP","floor":13}],"player_experience":156145,"relics_obtained":[{"floor":6,"key":"Omamori"},{"floor":9,"key":"Potion Belt"},{"floor":10,"key":"Turnip"},{"floor":12,"key":"Boot"}],"event_choices":[{"damage_healed":0,"gold_gain":0,"player_choice":"Gave Potion","damage_taken":0,"relics_obtained":["War Paint"],"max_hp_gain":0,"max_hp_loss":0,"event_name":"WeMeetAgain","floor":2,"gold_loss":0},{"damage_healed":20,"gold_gain":0,"player_choice":"Healed and dodged fight","damage_taken":0,"max_hp_gain":0,"max_hp_loss":0,"event_name":"Mushrooms","floor":8,"gold_loss":0,"cards_obtained":["Parasite"]},{"damage_healed":0,"gold_gain":0,"player_choice":"Upgraded","damage_taken":0,"max_hp_gain":0,"max_hp_loss":0,"event_name":"Upgrade Shrine","floor":14,"gold_loss":0,"cards_upgraded":["Flame Barrier"]}],"is_beta":false,"boss_relics":[],"items_purged_floors":[],"is_endless":false,"potions_floor_spawned":[1,3,5,10],"killed_by":"The Guardian","ascension_level":6}