{"gold_per_floor":[112,112,39,53,53,53,83,97,122,122,122,122,122,141,141,238,238,256,207,207,219,17,17,0,0,23,23],"floor_reached":27,"playtime":931,"items_purged":[],"score":259,"play_id":"f7fcbc3d-6a60-4cae-975f-7fed4ac1ba2e","local_time":"20190127130114","is_ascension_mode":true,"campfire_choices":[{"data":"Neutralize","floor":6,"key":"SMITH"},{"floor":11,"key":"REST"},{"data":"Noxious Fumes","floor":13,"key":"SMITH"},{"data":"Catalyst","floor":15,"key":"SMITH"},{"data":"Wraith Form v2","floor":23,"key":"SMITH"}],"neow_cost":"NONE","seed_source_timestamp":232030732863400,"circlet_count":0,"master_deck":["Survivor","Neutralize+1","Poisoned Stab+1","Noxious Fumes+1","Footwork","Sucker Punch+1","Catalyst+1","Night Terror","Backstab","Night Terror","Burst","Heel Hook","Prepared","Wraith Form v2+1","Underhanded Strike","Bullet Time","Backflip","PiercingWail"],"relics":["Philosopher\u0027s Stone","Potion Belt","Whetstone","Pandora\u0027s Box","Membership Card","Art of War"],"potions_floor_usage":[27],"damage_taken":[{"damage":8,"enemies":"Small Slimes","floor":1,"turns":5},{"damage":1,"enemies":"2 Louse","floor":4,"turns":4},{"damage":12,"enemies":"3 Sentries","floor":7,"turns":8},{"damage":0,"enemies":"Jaw Worm","floor":8,"turns":3},{"damage":0,"enemies":"Blue Slaver","floor":14,"turns":3},{"damage":23,"enemies":"The Guardian","floor":16,"turns":10},{"damage":20,"enemies":"Shell Parasite","floor":18,"turns":4},{"damage":3,"enemies":"Chosen","floor":21,"turns":7},{"damage":24,"enemies":"Slavers","floor":27,"turns":2}],"seed_played":"7476420878670962704","potions_obtained":[{"floor":7,"key":"LiquidBronze"},{"floor":14,"key":"AttackPotion"},{"floor":18,"key":"Swift Potion"}],"is_trial":false,"path_per_floor":["M","?","$","M","?","R","E","M","T","?","R","$","R","M","R","B",null,"M","$","?","M","$","R","?","$","T","E"],"character_chosen":"THE_SILENT","items_purchased":["Noxious Fumes","Backflip","Membership Card"],"campfire_rested":1,"item_purchase_floors":[3,19,22],"current_hp_per_floor":[62,48,48,47,47,47,35,35,35,28,49,49,49,49,49,26,59,39,39,39,36,36,36,36,36,36,12],"gold":23,"neow_bonus":"BOSS_RELIC","is_prod":false,"is_daily":false,"chose_seed":false,"campfire_upgraded":4,"win_rate":0,"timestamp":1548594074,"path_taken":["M","?","$","M","?","R","E","M","T","?","R","?","R","?","R","BOSS","M","$","?","M","$","R","?","?","T","E"],"build_version":"2019-01-23","purchased_purges":0,"victory":false,"max_hp_per_floor":[70,70,70,70,70,70,70,70,70,70,70,70,70,70,70,70,70,70,70,70,70,70,70,70,70,70,70],"card_choices":[{"not_picked":["Dodge and Roll","Endless Agony"],"picked":"Poisoned Stab","floor":1},{"not_picked":["Dagger Throw","Dodge and Roll"],"picked":"Footwork","floor":4},{"not_picked":["Blade Dance","Accuracy"],"picked":"Catalyst","floor":7},{"not_picked":["Flechettes","Acrobatics","Underhanded Strike"],"picked":"SKIP","floor":8},{"not_picked":["Outmaneuver","Blade Dance","Eviscerate"],"picked":"SKIP","floor":14},{"not_picked":["Adrenaline","Burst"],"picked":"Night Terror","floor":16},{"not_picked":["Accuracy","Eviscerate","Concentrate"],"picked":"SKIP","floor":18},{"not_picked":["Well Laid Plans","Endless Agony"],"picked":"PiercingWail","floor":21}],"player_experience":178511,"relics_obtained":[{"floor":7,"key":"Potion Belt"},{"floor":9,"key":"Whetstone"},{"floor":26,"key":"Art of War"}],"event_choices":[{"damage_healed":0,"gold_gain":0,"player_choice":"Entered Light","damage_taken":14,"max_hp_gain":0,"max_hp_loss":0,"event_name":"Shining Light","floor":2,"gold_loss":0,"cards_upgraded":["Strike_G","Defend_G"]},{"damage_healed":0,"gold_gain":0,"cards_transformed":["Strike_G"],"player_choice":"Change","damage_taken":0,"max_hp_gain":0,"max_hp_loss":0,"event_name":"Living Wall","floor":5,"gold_loss":0,"cards_obtained":["Sucker Punch"]},{"cards_removed":["Strike_G"],"damage_healed":0,"gold_gain":0,"player_choice":"Card Removal","damage_taken":7,"max_hp_gain":0,"max_hp_loss":0,"event_name":"Golden Wing","floor":10,"gold_loss":0},{"damage_healed":0,"gold_gain":0,"player_choice":"Ignored","damage_taken":0,"max_hp_gain":0,"max_hp_loss":0,"event_name":"Vampires","floor":20,"gold_loss":0},{"damage_healed":0,"gold_gain":0,"player_choice":"Paid Fearfully","damage_taken":0,"max_hp_gain":0,"max_hp_loss":0,"event_name":"Masked Bandits","floor":24,"gold_loss":17}],"is_beta":false,"boss_relics":[{"not_picked":["Tiny House","Busted Crown"],"picked":"Pandora\u0027s Box"}],"items_purged_floors":[],"is_endless":false,"potions_floor_spawned":[7,14,18],"killed_by":"Slavers","ascension_level":5}