{"gold_per_floor":[118,118,118,128,143,143,169,184,184,195,125,196,209,237,237,340,340,360,287,202,202,216,216,245,245,245,132,132],"floor_reached":28,"playtime":786,"items_purged":["Injury"],"score":246,"play_id":"4ee7e9be-912b-4986-86fc-8888464272fb","local_time":"20180731191157","is_ascension_mode":false,"campfire_choices":[{"data":"Sunder","floor":6,"key":"SMITH"},{"floor":15,"key":"REST"},{"data":"Self Repair","floor":23,"key":"SMITH"},{"floor":25,"key":"REST"}],"neow_cost":"NONE","seed_source_timestamp":845101549544600,"circlet_count":0,"master_deck":["Strike_B","Strike_B","Strike_B","Strike_B","Defend_B","Defend_B","Defend_B","Defend_B","Zap+1","Dualcast","Beam Cell","Sunder+1","Conserve Battery","Sunder","Creative AI","Defragment","Self Repair+1","Capacitor","Ball Lightning","Barrage","Melter","Barrage+1","Defragment+1","Defragment"],"relics":["Cracked Core","Bottled Lightning","Bird Faced Urn","Singing Bowl","Bottled Tornado","Boot","Cursed Key","Dodecahedron","Pantograph","Darkstone Periapt"],"potions_floor_usage":[16,24,24],"damage_taken":[{"damage":5,"enemies":"Small Slimes","floor":1,"turns":4},{"damage":0,"enemies":"2 Louse","floor":4,"turns":2},{"damage":0,"enemies":"Cultist","floor":5,"turns":2},{"damage":23,"enemies":"3 Sentries","floor":7,"turns":6},{"damage":5,"enemies":"Exordium Thugs","floor":8,"turns":3},{"damage":11,"enemies":"Red Slaver","floor":10,"turns":4},{"damage":9,"enemies":"Blue Slaver","floor":13,"turns":4},{"damage":23,"enemies":"Gremlin Nob","floor":14,"turns":4},{"damage":46,"enemies":"The Guardian","floor":16,"turns":9},{"damage":27,"enemies":"Shell Parasite","floor":18,"turns":6},{"damage":5,"enemies":"Chosen","floor":22,"turns":4},{"damage":46,"enemies":"Gremlin Leader","floor":24,"turns":7},{"damage":84,"enemies":"Slaver and Parasite","floor":28,"turns":4}],"seed_played":"78804090736415261","potions_obtained":[{"floor":5,"key":"PowerPotion"},{"floor":8,"key":"SkillPotion"},{"floor":14,"key":"Block Potion"},{"floor":22,"key":"Explosive Potion"},{"floor":24,"key":"AttackPotion"}],"is_trial":false,"path_per_floor":["M","?","T","M","M","R","E","M","T","M","$","T","M","E","R","B",null,"M","$","?","?","M","R","E","R","T","$"],"character_chosen":"DEFECT","items_purchased":["Self Repair","Melter","Defragment"],"campfire_rested":2,"item_purchase_floors":[11,19,27],"current_hp_per_floor":[70,70,70,70,70,70,47,42,42,33,33,33,35,25,47,34,77,65,65,65,65,73,73,47,70,70,70,0],"gold":132,"neow_bonus":"UPGRADE_CARD","is_prod":false,"is_daily":false,"chose_seed":false,"campfire_upgraded":2,"win_rate":0.0,"timestamp":1533057117,"path_taken":["M","?","?","M","?","R","E","M","T","M","$","?","M","E","R","BOSS","M","$","?","?","M","R","E","R","T","$","?"],"build_version":"2018-07-26","purchased_purges":1,"victory":false,"max_hp_per_floor":[75,75,75,75,75,75,75,75,75,75,75,75,75,75,75,77,77,77,77,77,77,77,77,77,77,77,77,77],"card_choices":[{"not_picked":["Go for the Eyes","Coolheaded"],"picked":"Beam Cell","floor":1},{"not_picked":["Reinforced Body","Beam Cell"],"picked":"Sunder","floor":4},{"not_picked":["Barrage","Darkness"],"picked":"Conserve Battery","floor":5},{"not_picked":["Turbo","Go for the Eyes"],"picked":"Sunder","floor":7},{"not_picked":["Steam Power","Stack"],"picked":"Creative AI","floor":8},{"not_picked":["Leap","Conserve Battery"],"picked":"Defragment","floor":10},{"not_picked":["Leap","Go for the Eyes"],"picked":"Capacitor","floor":13},{"not_picked":["Blizzard","Hyperbeam"],"picked":"Ball Lightning","floor":14},{"not_picked":["Rainbow","All For One","Fission"],"picked":"Singing Bowl","floor":16},{"not_picked":["Beam Cell","Redo"],"picked":"Barrage","floor":18},{"not_picked":["Cold Snap","Aggregate"],"picked":"Barrage+1","floor":22},{"not_picked":["Beam Cell","Chaos+1"],"picked":"Defragment+1","floor":24}],"player_experience":240508,"relics_obtained":[{"floor":3,"key":"Bottled Lightning"},{"floor":7,"key":"Bird Faced Urn"},{"floor":9,"key":"Singing Bowl"},{"floor":12,"key":"Bottled Tornado"},{"floor":14,"key":"Boot"},{"floor":24,"key":"Pantograph"},{"floor":26,"key":"Darkstone Periapt"}],"event_choices":[{"event_name":"Liars Game","player_choice":"disagreed","floor":2,"damage_taken":0},{"event_name":"Addict","player_choice":"Obtained Relic","floor":20,"damage_taken":0},{"event_name":"Vampires","player_choice":"Ignored","floor":21,"damage_taken":0}],"is_beta":false,"boss_relics":[{"not_picked":["Black Star","FrozenCore"],"picked":"Cursed Key"}],"items_purged_floors":[27],"is_endless":false,"potions_floor_spawned":[5,8,14,22,24],"killed_by":"Slaver and Parasite","ascension_level":0}