{"gold_per_floor":[109,69,86,86,86,119,119,150,150,184,184,223,112,126,126,249,249,270,270,121,146,161,187,187,199,199,298,298,318,346,364,364,465,465,483,500,600,600,620,647,699,266,266,92,109,119,144,163,163,163],"floor_reached":51,"playtime":5096,"items_purged":["Strike_B","Strike_B"],"score":898,"play_id":"78f9d60d-2a6d-4790-99cf-97e26bf48253","local_time":"20181226023046","is_ascension_mode":false,"campfire_choices":[{"data":"Redo","floor":7,"key":"SMITH"},{"floor":11,"key":"REST"},{"floor":15,"key":"REST"},{"floor":28,"key":"REST"},{"data":"Darkness","floor":32,"key":"SMITH"},{"data":"Secret Technique","floor":49,"key":"SMITH"}],"neow_cost":"NONE","seed_source_timestamp":355339865395912,"circlet_count":0,"master_deck":["Strike_B","Defend_B","Defend_B","Defend_B","Zap","Dualcast","Conserve Battery","Redo+1","White Noise","All For One","Blizzard","White Noise","Loop+1","Darkness+1","Steam","Electrodynamics+1","Force Field+1","Hello World+1","Barrage","Loop+1","Lockon+1","Conserve Battery","Conserve Battery","Sweeping Beam+1","Creative AI+1","Conserve Battery","Beam Cell+1","Parasite","White Noise+1","FTL+1","Ball Lightning+1","Storm+1","Secret Technique+1","Amplify","Skim+1","Heatsinks+1"],"relics":["Cracked Core","NeowsBlessing","Bloody Idol","Bag of Marbles","Strawberry","Frozen Egg 2","Gambling Chip","Shuriken","Inserter","Red Mask","Calipers","Thread and Needle","Mango","Sozu","Ice Cream","Gremlin Horn","Du-Vu Doll","Bottled Lightning","Mummified Hand","Darkstone Periapt"],"potions_floor_usage":[8,12,21,23,25,25,30,50],"damage_taken":[{"damage":0,"enemies":"Jaw Worm","floor":1,"turns":1},{"damage":0,"enemies":"Cultist","floor":3,"turns":1},{"damage":0,"enemies":"Lagavulin","floor":6,"turns":1},{"damage":18,"enemies":"3 Sentries","floor":8,"turns":9},{"damage":24,"enemies":"Gremlin Nob","floor":10,"turns":4},{"damage":22,"enemies":"Lagavulin","floor":12,"turns":5},{"damage":8,"enemies":"Small Slimes","floor":14,"turns":2},{"damage":6,"enemies":"Hexaghost","floor":16,"turns":6},{"damage":24,"enemies":"Shell Parasite","floor":18,"turns":4},{"damage":23,"enemies":"Masked Bandits","floor":21,"turns":4},{"damage":23,"enemies":"2 Thieves","floor":22,"turns":3},{"damage":24,"enemies":"Slavers","floor":23,"turns":3},{"damage":15,"enemies":"Sentry and Sphere","floor":25,"turns":4},{"damage":6,"enemies":"Shelled Parasite and Fungi","floor":29,"turns":4},{"damage":3,"enemies":"Gremlin Leader","floor":30,"turns":6},{"damage":2,"enemies":"Cultist and Chosen","floor":31,"turns":6},{"damage":12,"enemies":"Automaton","floor":33,"turns":8},{"damage":11,"enemies":"Orb Walker","floor":35,"turns":4},{"damage":0,"enemies":"3 Shapes","floor":36,"turns":3},{"damage":8,"enemies":"Mind Bloom Boss Battle","floor":37,"turns":6},{"damage":6,"enemies":"Writhing Mass","floor":39,"turns":6},{"damage":7,"enemies":"Nemesis","floor":40,"turns":7},{"damage":20,"enemies":"2 Orb Walkers","floor":41,"turns":4},{"damage":0,"enemies":"Sphere and 2 Shapes","floor":45,"turns":2},{"damage":0,"enemies":"Transient","floor":46,"turns":5},{"damage":0,"enemies":"Reptomancer","floor":47,"turns":3},{"damage":0,"enemies":"3 Darklings","floor":48,"turns":3},{"damage":48,"enemies":"Time Eater","floor":50,"turns":8}],"seed_played":"7460303664169472513","potions_obtained":[{"floor":2,"key":"SpeedPotion"},{"floor":2,"key":"SkillPotion"},{"floor":2,"key":"FearPotion"},{"floor":6,"key":"Swift Potion"},{"floor":16,"key":"Regen Potion"},{"floor":18,"key":"GamblersBrew"},{"floor":21,"key":"Explosive Potion"},{"floor":25,"key":"Regen Potion"},{"floor":29,"key":"Ancient Potion"},{"floor":30,"key":"Strength Potion"}],"is_trial":false,"path_per_floor":["M","?","M","?","?","E","R","E","T","E","R","E","$","M","R","B",null,"M","?","$","?","M","E","?","M","T","?","R","M","E","M","R","B",null,"M","M","?","?","M","E","?","$","T","$","M","M","E","M","R","B",null],"character_chosen":"DEFECT","items_purchased":["Loop+1","Darkness","Hello World+1","Storm+1","Bottled Lightning","Secret Technique"],"campfire_rested":3,"item_purchase_floors":[13,13,20,42,42,44],"current_hp_per_floor":[75,75,75,57,50,50,50,39,39,15,39,17,17,9,33,27,82,58,58,58,49,36,17,17,7,7,12,36,35,66,69,69,62,96,90,95,92,92,91,89,74,74,74,74,79,84,89,94,94,46],"gold":163,"neow_bonus":"THREE_ENEMY_KILL","is_prod":false,"is_daily":false,"chose_seed":false,"campfire_upgraded":3,"win_rate":0.0,"timestamp":1545804046,"path_taken":["M","?","?","?","?","E","R","E","T","E","R","E","$","M","R","BOSS","M","?","$","?","M","E","?","M","T","?","R","?","E","M","R","BOSS","M","?","?","?","M","E","?","?","T","$","M","M","E","?","R","BOSS"],"build_version":"2018-12-20","purchased_purges":2,"victory":true,"max_hp_per_floor":[75,75,75,75,75,75,75,82,82,82,82,82,82,82,82,82,82,82,82,82,82,82,82,82,82,82,82,82,82,96,96,96,96,96,96,96,96,96,96,96,96,96,96,96,96,96,96,96,96,96],"card_choices":[{"not_picked":["Ball Lightning","Self Repair"],"picked":"Conserve Battery","floor":1},{"not_picked":["Ball Lightning","Go for the Eyes"],"picked":"Redo","floor":3},{"not_picked":["Auto Shields","Stack"],"picked":"White Noise","floor":6},{"not_picked":["Redo","Leap"],"picked":"All For One","floor":8},{"not_picked":["Loop+1","Double Energy"],"picked":"Blizzard","floor":10},{"not_picked":["Stack","Steam"],"picked":"White Noise","floor":12},{"not_picked":["Sweeping Beam","Aggregate"],"picked":"Steam","floor":14},{"not_picked":["Buffer+1","Amplify"],"picked":"Electrodynamics+1","floor":16},{"not_picked":["Go for the Eyes","Melter"],"picked":"Force Field+1","floor":18},{"not_picked":["Steam","Compile Driver"],"picked":"Barrage","floor":21},{"not_picked":["Go for the Eyes","Barrage"],"picked":"Loop+1","floor":22},{"not_picked":["Darkness","Streamline"],"picked":"Lockon+1","floor":23},{"not_picked":["Self Repair+1","Sweeping Beam"],"picked":"Conserve Battery","floor":25},{"not_picked":["Double Energy","Barrage"],"picked":"Conserve Battery","floor":29},{"not_picked":["Gash+1","Stack"],"picked":"Chill","floor":30},{"not_picked":["Leap","Beam Cell"],"picked":"Sweeping Beam+1","floor":31},{"not_picked":["Buffer+1","Amplify"],"picked":"Creative AI+1","floor":33},{"not_picked":["Leap","Ball Lightning","Beam Cell+1"],"picked":"SKIP","floor":35},{"not_picked":["Coolheaded","Stack"],"picked":"Conserve Battery","floor":36},{"not_picked":["Barrage","Go for the Eyes"],"picked":"Beam Cell+1","floor":37},{"not_picked":["Glacier+1","Static Discharge+1"],"picked":"White Noise+1","floor":39},{"not_picked":["Sweeping Beam","Conserve Battery+1"],"picked":"FTL+1","floor":40},{"not_picked":["Steam","Reinforced Body"],"picked":"Ball Lightning+1","floor":41},{"not_picked":["Coolheaded","Go for the Eyes"],"picked":"Amplify","floor":45},{"not_picked":["Ball Lightning","Stack+1"],"picked":"Skim+1","floor":46},{"not_picked":["Ball Lightning+1","Storm+1"],"picked":"Heatsinks+1","floor":47},{"not_picked":["Melter","Cold Snap+1","Compile Driver"],"picked":"SKIP","floor":48}],"player_experience":24230,"relics_obtained":[{"floor":6,"key":"Bag of Marbles"},{"floor":8,"key":"Strawberry"},{"floor":9,"key":"Frozen Egg 2"},{"floor":10,"key":"Gambling Chip"},{"floor":12,"key":"Shuriken"},{"floor":21,"key":"Red Mask"},{"floor":23,"key":"Calipers"},{"floor":26,"key":"Thread and Needle"},{"floor":30,"key":"Mango"},{"floor":37,"key":"Ice Cream"},{"floor":40,"key":"Gremlin Horn"},{"floor":41,"key":"Du-Vu Doll"},{"floor":43,"key":"Mummified Hand"},{"floor":47,"key":"Darkstone Periapt"}],"event_choices":[{"damage_healed":0,"gold_gain":0,"player_choice":"Bought 3 Potions","damage_taken":0,"max_hp_gain":0,"max_hp_loss":0,"event_name":"The Woman in Blue","floor":2,"gold_loss":0},{"damage_healed":0,"gold_gain":0,"player_choice":"Take Damage","damage_taken":18,"relics_obtained":["Golden Idol"],"max_hp_gain":0,"max_hp_loss":0,"event_name":"Golden Idol","floor":4,"gold_loss":0},{"cards_removed":["Defend_B"],"damage_healed":0,"gold_gain":0,"player_choice":"Card Removal","damage_taken":7,"max_hp_gain":0,"max_hp_loss":0,"event_name":"Golden Wing","floor":5,"gold_loss":0},{"damage_healed":0,"gold_gain":0,"player_choice":"Gave Idol","damage_taken":0,"relics_obtained":["Bloody Idol"],"max_hp_gain":0,"max_hp_loss":0,"event_name":"Forgotten Altar","floor":19,"relics_lost":["Golden Idol"],"gold_loss":0},{"damage_healed":0,"gold_gain":0,"player_choice":"Fought Bandits","damage_taken":0,"max_hp_gain":0,"max_hp_loss":0,"event_name":"Masked Bandits","floor":21,"gold_loss":0},{"cards_removed":["Strike_B"],"damage_healed":0,"gold_gain":0,"player_choice":"Elegance","damage_taken":0,"max_hp_gain":0,"max_hp_loss":0,"event_name":"Back to Basics","floor":24,"gold_loss":0},{"damage_healed":0,"gold_gain":99,"player_choice":"Stole From Cult","damage_taken":0,"max_hp_gain":0,"max_hp_loss":0,"event_name":"Nest","floor":27,"gold_loss":0},{"damage_healed":0,"gold_gain":0,"player_choice":"Fight","damage_taken":0,"max_hp_gain":0,"max_hp_loss":0,"event_name":"MindBloom","floor":37,"gold_loss":0},{"cards_removed":["Chill"],"damage_healed":0,"gold_gain":0,"player_choice":"Removed Skill","damage_taken":0,"max_hp_gain":0,"max_hp_loss":0,"event_name":"Falling","floor":38,"gold_loss":0},{"damage_healed":0,"gold_gain":0,"player_choice":"Fight","damage_taken":0,"max_hp_gain":0,"max_hp_loss":0,"event_name":"Mysterious Sphere","floor":41,"gold_loss":0}],"is_beta":false,"boss_relics":[{"not_picked":["Ectoplasm","Philosopher\u0027s Stone"],"picked":"Inserter"},{"not_picked":["Runic Pyramid","FrozenCore"],"picked":"Sozu"}],"items_purged_floors":[20,42],"is_endless":false,"potions_floor_spawned":[6,16,18,21,25,29,30,36,40,45,46],"ascension_level":0}