{"gold_per_floor":[217,235,248,260,9,9,36,49,49,49,49,49,63,42,42,139,139,157,118,118,118,138,138,151,151],"floor_reached":25,"playtime":758,"items_purged":[],"score":203,"play_id":"bc48b507-05f8-4874-858e-045ba9effca1","local_time":"20180729175626","is_ascension_mode":false,"campfire_choices":[{"data":"Zap","floor":6,"key":"SMITH"},{"floor":12,"key":"REST"},{"data":"Loop","floor":15,"key":"SMITH"},{"data":"Loop","floor":23,"key":"SMITH"}],"neow_cost":"NONE","seed_source_timestamp":667799961977458,"circlet_count":0,"master_deck":["Strike_B","Strike_B","Strike_B","Strike_B","Defend_B","Defend_B","Defend_B","Defend_B","Zap+1","Capacitor","Sweeping Beam","Loop+1","Ball Lightning","Bandage Up","Conserve Battery","Tempest","Beam Cell","Amplify","Beam Cell","Loop+1","Conserve Battery","Redo"],"relics":["Cracked Core","Boot","Mercury Hourglass","Darkstone Periapt"],"potions_floor_usage":[7,24,24,25],"damage_taken":[{"damage":7,"enemies":"2 Louse","floor":1,"turns":3},{"damage":5,"enemies":"Cultist","floor":2,"turns":5},{"damage":10,"enemies":"Jaw Worm","floor":3,"turns":5},{"damage":9,"enemies":"2 Fungi Beasts","floor":4,"turns":4},{"damage":19,"enemies":"3 Sentries","floor":7,"turns":6},{"damage":0,"enemies":"Large Slime","floor":8,"turns":5},{"damage":0,"enemies":"3 Louse","floor":13,"turns":2},{"damage":50,"enemies":"The Guardian","floor":16,"turns":10},{"damage":17,"enemies":"Spheric Guardian","floor":18,"turns":4},{"damage":10,"enemies":"3 Byrds","floor":22,"turns":4},{"damage":34,"enemies":"Snake Plant","floor":24,"turns":5},{"damage":43,"enemies":"Gremlin Leader","floor":25,"turns":4}],"seed_played":"-6207223591070515308","potions_obtained":[{"floor":2,"key":"Block Potion"},{"floor":7,"key":"SmokeBomb"},{"floor":8,"key":"Regen Potion"},{"floor":22,"key":"Regen Potion"},{"floor":24,"key":"PowerPotion"}],"is_trial":false,"path_per_floor":["M","M","M","M","$","R","E","M","T","?","?","R","M","?","R","B",null,"M","$","?","?","M","R","M"],"character_chosen":"DEFECT","items_purchased":["Boot","Bandage Up","Loop"],"campfire_rested":1,"item_purchase_floors":[5,5,19],"current_hp_per_floor":[68,63,53,44,44,44,29,33,33,33,33,55,59,59,59,13,75,62,62,62,62,56,56,36,0],"gold":151,"neow_bonus":"HUNDRED_GOLD","is_prod":false,"is_daily":false,"chose_seed":false,"campfire_upgraded":3,"win_rate":0.0,"timestamp":1532879786,"path_taken":["M","M","M","M","$","R","E","M","T","?","?","R","M","?","R","BOSS","M","$","?","?","M","R","M","E"],"build_version":"2018-07-26","purchased_purges":0,"victory":false,"max_hp_per_floor":[75,75,75,75,75,75,75,75,75,75,75,75,75,75,75,75,75,75,75,75,75,75,75,75,75],"card_choices":[{"not_picked":["Sweeping Beam","Hologram"],"picked":"Capacitor","floor":1},{"not_picked":["Cold Snap","Seek"],"picked":"Sweeping Beam","floor":2},{"not_picked":["Leap","Self Repair"],"picked":"Loop","floor":3},{"not_picked":["Conserve Battery","Coolheaded"],"picked":"Ball Lightning","floor":4},{"not_picked":["Double Energy","Multi-Cast"],"picked":"Conserve Battery","floor":7},{"not_picked":["Fusion","Barrage"],"picked":"Tempest","floor":8},{"not_picked":["Steam Power","White Noise"],"picked":"Beam Cell","floor":13},{"not_picked":["Rainbow","Machine Learning"],"picked":"Amplify","floor":16},{"not_picked":["Reprogram","Sweeping Beam"],"picked":"Beam Cell","floor":18},{"not_picked":["Auto Shields","Gash"],"picked":"Conserve Battery","floor":22},{"not_picked":["Beam Cell","Compile Driver"],"picked":"Redo","floor":24}],"player_experience":217952,"relics_obtained":[{"floor":7,"key":"Mercury Hourglass"},{"floor":9,"key":"Darkstone Periapt"}],"event_choices":[{"event_name":"Purifier","player_choice":"One Purge","floor":10,"damage_taken":0},{"event_name":"Golden Idol","player_choice":"Ignored","floor":11,"damage_taken":0},{"event_name":"World of Goop","player_choice":"Left","floor":14,"damage_taken":0},{"event_name":"Drug Dealer","player_choice":"Ignored","floor":20,"damage_taken":0},{"event_name":"FaceTrader","player_choice":"Leave","floor":21,"damage_taken":0}],"is_beta":false,"boss_relics":[{"not_picked":["Snecko Eye","Ectoplasm","Runic Pyramid"]}],"items_purged_floors":[],"is_endless":false,"potions_floor_spawned":[2,7,8,22,24],"killed_by":"Gremlin Leader","ascension_level":0}