{"gold_per_floor":[112,127,142,61,80,80,105,116,116,116,132,207,96,96,96,195,195,205,225,239,239],"floor_reached":21,"playtime":1235,"items_purged":["Strike_R"],"score":192,"play_id":"34533985-3362-4a54-a19a-d19c6cc1ef4c","local_time":"20180803224025","is_ascension_mode":true,"campfire_choices":[{"floor":6,"key":"REST"},{"floor":10,"key":"REST"},{"data":"Rampage","floor":15,"key":"SMITH"}],"neow_cost":"NONE","seed_source_timestamp":389813633392075,"circlet_count":0,"master_deck":["Strike_R","Strike_R","Strike_R","Defend_R","Defend_R","Defend_R","Defend_R","Bash","Dark Embrace","Shrug It Off","Whirlwind","Feel No Pain","Pummel","Clash","Inflame","Spot Weakness","Evolve","Rage","Rampage+1","Feed","Iron Wave+1"],"relics":["Burning Blood","Ornamental Fan","Dream Catcher","Runic Cube"],"potions_floor_usage":[21,21,21],"damage_taken":[{"damage":14,"enemies":"Jaw Worm","floor":1,"turns":5},{"damage":0,"enemies":"Small Slimes","floor":2,"turns":4},{"damage":2,"enemies":"Cultist","floor":3,"turns":4},{"damage":33,"enemies":"Exordium Wildlife","floor":5,"turns":7},{"damage":32,"enemies":"Gremlin Nob","floor":7,"turns":5},{"damage":19,"enemies":"Gremlin Gang","floor":8,"turns":4},{"damage":1,"enemies":"2 Fungi Beasts","floor":11,"turns":2},{"damage":13,"enemies":"Slime Boss","floor":16,"turns":9},{"damage":33,"enemies":"Shell Parasite","floor":18,"turns":5},{"damage":29,"enemies":"2 Thieves","floor":19,"turns":4},{"damage":30,"enemies":"Cultist and Chosen","floor":20,"turns":6},{"damage":16,"floor":21,"turns":3}],"seed_played":"7663378872389476634","potions_obtained":[{"floor":5,"key":"SpeedPotion"},{"floor":7,"key":"AttackPotion"},{"floor":8,"key":"SteroidPotion"},{"floor":18,"key":"AttackPotion"}],"is_trial":false,"path_per_floor":["M","M","M","$","M","R","E","M","T","R","M","?","$","?","R","B",null,"M","M","M"],"character_chosen":"IRONCLAD","items_purchased":["Pummel","Rampage"],"campfire_rested":2,"item_purchase_floors":[4,13],"current_hp_per_floor":[72,78,80,80,53,77,51,38,38,62,67,56,56,56,56,49,80,53,30,9,0],"gold":239,"neow_bonus":"ONE_RANDOM_RARE_CARD","is_prod":false,"is_daily":false,"chose_seed":false,"campfire_upgraded":1,"win_rate":0,"timestamp":1533307225,"path_taken":["M","M","M","$","M","R","E","M","T","R","M","?","$","?","R","BOSS","M","M","M","?"],"build_version":"2018-08-02","purchased_purges":1,"victory":false,"max_hp_per_floor":[80,80,80,80,80,80,80,80,80,80,80,80,80,80,80,80,80,80,80,83,86],"card_choices":[{"not_picked":["Iron Wave","Perfected Strike"],"picked":"Shrug It Off","floor":1},{"not_picked":["Pummel","Combust"],"picked":"Whirlwind","floor":2},{"not_picked":["Perfected Strike","Iron Wave"],"picked":"Feel No Pain","floor":3},{"not_picked":["Clothesline","Perfected Strike"],"picked":"Clash","floor":5},{"not_picked":["Pummel","Clothesline"],"picked":"Inflame","floor":7},{"not_picked":["Uppercut","Reckless Charge"],"picked":"Spot Weakness","floor":8},{"not_picked":["Clothesline","Wild Strike"],"picked":"Evolve","floor":10},{"not_picked":["Thunderclap","Warcry"],"picked":"Rage","floor":11},{"not_picked":["Barricade","Immolate"],"picked":"Feed","floor":16},{"not_picked":["Feel No Pain","Thunderclap+1","Cleave+1"],"picked":"SKIP","floor":18},{"not_picked":["Heavy Blade+1","Perfected Strike","Headbutt"],"picked":"SKIP","floor":19},{"not_picked":["Armaments","Sword Boomerang"],"picked":"Iron Wave+1","floor":20}],"player_experience":154276,"relics_obtained":[{"floor":7,"key":"Ornamental Fan"},{"floor":9,"key":"Dream Catcher"}],"event_choices":[{"event_name":"World of Goop","player_choice":"Gather Gold","floor":12,"damage_taken":0},{"event_name":"Living Wall","player_choice":"Forget","floor":14,"damage_taken":0},{"event_name":"Masked Bandits","player_choice":"Fought over 239 gold","floor":21,"damage_taken":0}],"is_beta":false,"boss_relics":[{"not_picked":["Calling Bell","Coffee Dripper"],"picked":"Runic Cube"}],"items_purged_floors":[13],"is_endless":false,"potions_floor_spawned":[5,7,8,18],"ascension_level":1}