{"gold_per_floor":[368,62,62,62,237,237,237,237,237,9,25,36,53,53,53,157,157,174,187,187,87,87,87,122,122,122,122,153,173,185,198,198,294,294,312,312,326,341,341,375,4,4,4,22,35,51,71,71,71,71],"floor_reached":51,"playtime":4402,"items_purged":["Strike_G","Strike_G","Defend_G"],"score":988,"play_id":"15d6893d-7740-4ca5-b50a-4d206751ec21","local_time":"20190106013550","is_ascension_mode":true,"campfire_choices":[{"data":"Bouncing Flask","floor":6,"key":"SMITH"},{"data":"Neutralize","floor":8,"key":"SMITH"},{"data":"Blur","floor":15,"key":"SMITH"},{"data":"Backflip","floor":23,"key":"SMITH"},{"data":"Survivor","floor":25,"key":"SMITH"},{"data":"Defend_G","floor":32,"key":"SMITH"},{"data":"Finesse","floor":42,"key":"SMITH"},{"floor":49,"key":"REST"}],"neow_cost":"PERCENT_DAMAGE","seed_source_timestamp":1303151990560801,"circlet_count":0,"master_deck":["Defend_G","Defend_G","Defend_G+1","Strike_G","Survivor+1","Neutralize+1","Bouncing Flask+1","Blur+1","Backflip+1","Ghostly","Ghostly","Ghostly","Ghostly","Ghostly","Blur+1","Finesse+1","Parasite"],"relics":["Ring of the Snake","Ice Cream","Dodecahedron","Molten Egg 2","Snake Skull","Busted Crown","Letter Opener","Bottled Flame","Ornamental Fan","White Beast Statue","Art of War","Mercury Hourglass","Mummified Hand"],"potions_floor_usage":[16,33,33,33,37,40,40,50,50],"damage_taken":[{"damage":0,"enemies":"2 Louse","floor":1,"turns":2},{"damage":0,"enemies":"Jaw Worm","floor":11,"turns":3},{"damage":0,"enemies":"Small Slimes","floor":12,"turns":2},{"damage":0,"enemies":"Looter","floor":13,"turns":4},{"damage":8,"enemies":"Hexaghost","floor":16,"turns":7},{"damage":0,"enemies":"Spheric Guardian","floor":18,"turns":3},{"damage":0,"enemies":"3 Byrds","floor":19,"turns":5},{"damage":0,"enemies":"Gremlin Leader","floor":24,"turns":7},{"damage":0,"enemies":"Book of Stabbing","floor":28,"turns":6},{"damage":0,"enemies":"Cultist and Chosen","floor":29,"turns":7},{"damage":0,"enemies":"Centurion and Healer","floor":30,"turns":8},{"damage":0,"enemies":"Snecko","floor":31,"turns":5},{"damage":0,"enemies":"Automaton","floor":33,"turns":12},{"damage":0,"enemies":"3 Shapes","floor":35,"turns":5},{"damage":0,"enemies":"3 Darklings","floor":37,"turns":8},{"damage":0,"enemies":"Maw","floor":38,"turns":8},{"damage":3,"enemies":"Reptomancer","floor":40,"turns":14},{"damage":0,"enemies":"Writhing Mass","floor":44,"turns":6},{"damage":0,"enemies":"3 Darklings","floor":45,"turns":5},{"damage":0,"enemies":"4 Shapes","floor":46,"turns":5},{"damage":0,"enemies":"Jaw Worm Horde","floor":47,"turns":6},{"damage":0,"enemies":"Awakened One","floor":50,"turns":19}],"seed_played":"4245624725320982652","potions_obtained":[{"floor":1,"key":"SkillPotion"},{"floor":11,"key":"Weak Potion"},{"floor":13,"key":"LiquidBronze"},{"floor":16,"key":"Dexterity Potion"},{"floor":19,"key":"LiquidBronze"},{"floor":33,"key":"Weak Potion"},{"floor":35,"key":"Poison Potion"},{"floor":36,"key":"Explosive Potion"},{"floor":36,"key":"Explosive Potion"},{"floor":37,"key":"Regen Potion"},{"floor":40,"key":"Swift Potion"},{"floor":44,"key":"Poison Potion"}],"is_trial":false,"path_per_floor":["M","$","?","T","?","R","?","R","T","$","M","M","M","$","R","B",null,"M","M","?","$","?","R","E","R","T","$","E","M","M","M","R","B",null,"M","?","M","M","?","E","$","R","T","M","M","M","M","?","R","B",null],"character_chosen":"THE_SILENT","items_purchased":["Ice Cream","Snake Skull","Mercury Hourglass"],"campfire_rested":1,"item_purchase_floors":[2,10,41],"current_hp_per_floor":[49,49,42,42,42,42,42,42,42,42,42,42,42,42,42,34,70,70,70,70,70,35,35,35,35,35,35,35,35,35,35,35,35,35,35,35,35,35,35,32,32,32,32,32,32,32,32,32,35,35],"gold":71,"neow_bonus":"TWO_FIFTY_GOLD","is_prod":false,"is_daily":false,"chose_seed":false,"campfire_upgraded":7,"win_rate":0,"timestamp":1546751150,"path_taken":["M","$","?","?","?","R","?","R","T","?","M","M","?","$","R","BOSS","M","M","?","$","?","R","E","R","T","?","E","M","?","M","R","BOSS","M","?","?","M","?","E","$","R","T","M","M","M","M","?","R","BOSS"],"build_version":"2019-01-03v4","purchased_purges":3,"victory":true,"max_hp_per_floor":[70,70,70,70,70,70,70,70,70,70,70,70,70,70,70,70,70,70,70,70,70,35,35,35,35,35,35,35,35,35,35,35,35,35,35,35,35,35,35,35,35,35,35,35,35,35,35,35,35,35],"card_choices":[{"not_picked":["Deadly Poison","Backflip"],"picked":"Bouncing Flask","floor":1},{"not_picked":["Bane+1","Underhanded Strike+1"],"picked":"Blur","floor":11},{"not_picked":["Quick Slash+1","Dash+1","Blade Dance"],"picked":"SKIP","floor":12},{"not_picked":["Dagger Throw+1","Acrobatics"],"picked":"Backflip","floor":13},{"not_picked":["Masterful Stab+1"],"picked":"SKIP","floor":18},{"not_picked":["Tactician+1"],"picked":"SKIP","floor":19},{"not_picked":["Outmaneuver"],"picked":"SKIP","floor":24},{"not_picked":["Poisoned Stab+1"],"picked":"SKIP","floor":28},{"not_picked":["Prepared+1"],"picked":"SKIP","floor":29},{"not_picked":["Caltrops+1"],"picked":"SKIP","floor":30},{"not_picked":["Quick Slash+1"],"picked":"SKIP","floor":31},{"not_picked":[],"picked":"Blur+1","floor":35},{"not_picked":["Heel Hook+1"],"picked":"SKIP","floor":37},{"not_picked":["Deadly Poison+1"],"picked":"SKIP","floor":38},{"not_picked":[],"picked":"Finesse","floor":39},{"not_picked":["Footwork+1"],"picked":"SKIP","floor":40},{"not_picked":["Caltrops+1"],"picked":"SKIP","floor":44},{"not_picked":["Dodge and Roll"],"picked":"SKIP","floor":45},{"not_picked":["Dodge and Roll"],"picked":"SKIP","floor":46},{"not_picked":["Dodge and Roll"],"picked":"SKIP","floor":46},{"not_picked":["Deadly Poison"],"picked":"SKIP","floor":47}],"player_experience":148422,"relics_obtained":[{"floor":4,"key":"Dodecahedron"},{"floor":9,"key":"Molten Egg 2"},{"floor":24,"key":"Letter Opener"},{"floor":26,"key":"Bottled Flame"},{"floor":28,"key":"Ornamental Fan"},{"floor":40,"key":"Art of War"},{"floor":43,"key":"Mummified Hand"}],"event_choices":[{"cards_removed":["Strike_G"],"damage_healed":0,"gold_gain":0,"player_choice":"Card Removal","damage_taken":7,"max_hp_gain":0,"max_hp_loss":0,"event_name":"Golden Wing","floor":3,"gold_loss":0},{"damage_healed":0,"gold_gain":175,"player_choice":"AGREE","damage_taken":0,"max_hp_gain":0,"max_hp_loss":0,"event_name":"Liars Game","floor":5,"gold_loss":0,"cards_obtained":["Doubt"]},{"cards_removed":["Doubt"],"damage_healed":0,"gold_gain":0,"player_choice":"Forget","damage_taken":0,"max_hp_gain":0,"max_hp_loss":0,"event_name":"Living Wall","floor":7,"gold_loss":0},{"cards_removed":["Defend_G"],"damage_healed":0,"gold_gain":0,"player_choice":"Purged","damage_taken":0,"max_hp_gain":0,"max_hp_loss":0,"event_name":"Purifier","floor":20,"gold_loss":0},{"damage_healed":0,"gold_gain":0,"player_choice":"Became a Ghost","damage_taken":0,"max_hp_gain":0,"max_hp_loss":35,"event_name":"Ghosts","floor":22,"gold_loss":0,"cards_obtained":["Ghostly","Ghostly","Ghostly","Ghostly","Ghostly"]},{"damage_healed":0,"gold_gain":0,"player_choice":"Got Potions","damage_taken":0,"max_hp_gain":0,"max_hp_loss":0,"event_name":"Lab","floor":36,"gold_loss":0},{"damage_healed":0,"gold_gain":0,"player_choice":"Memory 1","damage_taken":0,"max_hp_gain":0,"max_hp_loss":0,"event_name":"SensoryStone","floor":39,"gold_loss":0},{"cards_removed":["Strike_G"],"damage_healed":0,"gold_gain":0,"player_choice":"Removed Attack","damage_taken":0,"max_hp_gain":0,"max_hp_loss":0,"event_name":"Falling","floor":48,"gold_loss":0}],"is_beta":false,"boss_relics":[{"not_picked":["Lizard Tail","Coffee Dripper"],"picked":"Busted Crown"},{"not_picked":["Sozu","Velvet Choker"],"picked":"White Beast Statue"}],"items_purged_floors":[10,21,41],"is_endless":false,"potions_floor_spawned":[1,11,13,16,19,28,29,33,35,37,38,40,44,45,46,47],"ascension_level":2}