{"gold_per_floor":[118,118,130,130,130,169,182,196,196,232,245,345,368,407,407,530,530,543,543,557,286,305,349,349,0,23,35],"floor_reached":27,"playtime":2257,"items_purged":["Parasite"],"score":253,"play_id":"afca1a61-012c-4ce3-bc44-645160de588f","local_time":"20190124004750","is_ascension_mode":false,"campfire_choices":[{"floor":15,"key":"REST"},{"floor":24,"key":"DIG"}],"neow_cost":"NONE","seed_source_timestamp":286732723082168,"circlet_count":0,"master_deck":["Defend_G","Defend_G","Defend_G","Defend_G","Defend_G","Strike_G","Strike_G","Strike_G","Strike_G","Survivor","Neutralize","Deadly Poison","Poisoned Stab","Prepared","Backstab","Dagger Spray","Crippling Poison","PiercingWail","Terror","Adrenaline","Pain","Decay","Reflex+1","Slice","Underhanded Strike+1"],"relics":["Ring of the Snake","Golden Idol","Juzu Bracelet","Mercury Hourglass","StoneCalendar","Orichalcum","Calling Bell","Boot","Singing Bowl","Shovel","TwistedFunnel","Oddly Smooth Stone","Pocketwatch","MawBank"],"potions_floor_usage":[10,10,16,16,23,23],"damage_taken":[{"damage":2,"enemies":"2 Louse","floor":1,"turns":4},{"damage":0,"enemies":"Cultist","floor":3,"turns":4},{"damage":21,"enemies":"Lagavulin","floor":6,"turns":8},{"damage":1,"enemies":"Small Slimes","floor":7,"turns":4},{"damage":0,"enemies":"2 Fungi Beasts","floor":8,"turns":4},{"damage":4,"enemies":"Gremlin Nob","floor":10,"turns":4},{"damage":0,"enemies":"Lots of Slimes","floor":11,"turns":2},{"damage":8,"enemies":"3 Louse","floor":13,"turns":2},{"damage":10,"enemies":"3 Sentries","floor":14,"turns":6},{"damage":13,"enemies":"Hexaghost","floor":16,"turns":9},{"damage":2,"enemies":"3 Byrds","floor":18,"turns":4},{"damage":16,"enemies":"Shell Parasite","floor":20,"turns":6},{"damage":23,"enemies":"Snake Plant","floor":22,"turns":4},{"damage":16,"enemies":"Book of Stabbing","floor":23,"turns":5},{"damage":18,"enemies":"Shelled Parasite and Fungi","floor":27,"turns":3}],"seed_played":"3959551015302811016","potions_obtained":[{"floor":1,"key":"Explosive Potion"},{"floor":2,"key":"GhostInAJar"},{"floor":2,"key":"Strength Potion"},{"floor":2,"key":"EntropicBrew"},{"floor":22,"key":"Energy Potion"},{"floor":23,"key":"Energy Potion"}],"is_trial":false,"path_per_floor":["M","?","M","?","?","E","M","M","T","E","M","?","M","E","R","B",null,"M","?","M","$","M","E","R","?","T","M"],"character_chosen":"THE_SILENT","items_purchased":["TwistedFunnel"],"campfire_rested":1,"item_purchase_floors":[21],"current_hp_per_floor":[75,75,75,75,71,50,49,49,49,45,45,45,37,27,48,35,71,69,69,55,55,32,18,18,18,18,0],"gold":35,"neow_bonus":"TEN_PERCENT_HP_BONUS","is_prod":false,"is_daily":false,"chose_seed":false,"campfire_upgraded":0,"win_rate":0.0,"timestamp":1548312470,"path_taken":["M","?","?","?","?","E","M","M","T","E","M","?","M","E","R","BOSS","M","?","M","$","M","E","R","?","T","M"],"build_version":"2019-01-23","purchased_purges":1,"victory":false,"max_hp_per_floor":[77,77,77,77,71,71,71,71,71,71,71,71,71,71,71,71,71,71,71,73,70,70,72,72,72,72,72],"card_choices":[{"not_picked":["Infinite Blades","Slice"],"picked":"Deadly Poison","floor":1},{"not_picked":["Dagger Throw","Caltrops"],"picked":"Poisoned Stab","floor":3},{"not_picked":["Dagger Throw","Slice"],"picked":"Prepared","floor":6},{"not_picked":["Heel Hook","Outmaneuver"],"picked":"Backstab","floor":7},{"not_picked":["Dodge and Roll","Flying Knee"],"picked":"Dagger Spray","floor":8},{"not_picked":["Riddle With Holes","Dash","All Out Attack"],"picked":"SKIP","floor":10},{"not_picked":["Bouncing Flask","Dodge and Roll"],"picked":"Crippling Poison","floor":11},{"not_picked":["Dash","Slice"],"picked":"PiercingWail","floor":13},{"not_picked":["Deadly Poison","Riddle With Holes"],"picked":"Terror","floor":14},{"not_picked":["Night Terror","Phantasmal Killer"],"picked":"Adrenaline","floor":16},{"not_picked":["Backflip","Eviscerate"],"picked":"Reflex+1","floor":18},{"not_picked":["Dagger Spray","Quick Slash","Doppelganger"],"picked":"Singing Bowl","floor":20},{"not_picked":["Dagger Spray","Outmaneuver"],"picked":"Underhanded Strike+1","floor":22},{"not_picked":["Predator","Infinite Blades","Tools of the Trade"],"picked":"Singing Bowl","floor":23}],"player_experience":124593,"relics_obtained":[{"floor":6,"key":"Juzu Bracelet"},{"floor":9,"key":"Mercury Hourglass"},{"floor":10,"key":"StoneCalendar"},{"floor":14,"key":"Orichalcum"},{"floor":17,"key":"Boot"},{"floor":17,"key":"Singing Bowl"},{"floor":17,"key":"Shovel"},{"floor":23,"key":"Oddly Smooth Stone"},{"floor":24,"key":"Pocketwatch"},{"floor":26,"key":"MawBank"}],"event_choices":[{"damage_healed":0,"gold_gain":0,"player_choice":"Got Potions","damage_taken":0,"max_hp_gain":0,"max_hp_loss":0,"event_name":"Lab","floor":2,"gold_loss":0},{"cards_removed":["Strike_G"],"damage_healed":0,"gold_gain":0,"player_choice":"Forget","damage_taken":0,"max_hp_gain":0,"max_hp_loss":0,"event_name":"Living Wall","floor":4,"gold_loss":0},{"damage_healed":0,"gold_gain":0,"player_choice":"Lose Max HP","damage_taken":0,"relics_obtained":["Golden Idol"],"max_hp_gain":0,"max_hp_loss":6,"event_name":"Golden Idol","floor":5,"gold_loss":0},{"damage_healed":0,"gold_gain":100,"player_choice":"Pray","damage_taken":0,"max_hp_gain":0,"max_hp_loss":0,"event_name":"Golden Shrine","floor":12,"gold_loss":0},{"damage_healed":0,"gold_gain":0,"player_choice":"Read","damage_taken":0,"max_hp_gain":0,"max_hp_loss":0,"event_name":"The Library","floor":19,"gold_loss":0,"cards_obtained":["Slice"]},{"damage_healed":0,"gold_gain":0,"player_choice":"Paid Fearfully","damage_taken":0,"max_hp_gain":0,"max_hp_loss":0,"event_name":"Masked Bandits","floor":25,"gold_loss":349}],"is_beta":false,"boss_relics":[{"not_picked":["Runic Pyramid","Lizard Tail"],"picked":"Calling Bell"}],"items_purged_floors":[21],"is_endless":false,"potions_floor_spawned":[1,3,7,22,23],"killed_by":"Shelled Parasite and Fungi","ascension_level":0}