{"gold_per_floor":[109,125,125,125,139,139,173,173,173,19,31,64,64,84,84,185,185,202,32,32,46,46],"floor_reached":22,"playtime":1027,"items_purged":["Regret","Strike_B"],"score":194,"play_id":"a292feda-038c-4f37-a5c4-33772659a0f8","local_time":"20181211223519","is_ascension_mode":false,"campfire_choices":[{"floor":6.0,"key":"RECALL"},{"data":"Sunder","floor":15.0,"key":"SMITH"}],"neow_cost":"NONE","seed_source_timestamp":0,"circlet_count":0,"master_deck":["Strike_B","Strike_B","Strike_B","Defend_B","Defend_B","Defend_B","Defend_B","Zap","Dualcast","Sunder+1","Leap","Rip and Tear","Reinforced Body","Glacier","Self Repair","Gash+1","Machine Learning","Gash+1","Redo","Defragment"],"special_seed":0,"relics":["Cracked Core","Mummified Hand","Mercury Hourglass","Potion Belt","Molten Egg 2","Nuclear Battery"],"potions_floor_usage":[],"damage_taken":[{"damage":3.0,"enemies":"Jaw Worm","floor":1.0,"turns":3.0},{"damage":3.0,"enemies":"Small Slimes","floor":2.0,"turns":3.0},{"damage":2.0,"enemies":"Cultist","floor":5.0,"turns":3.0},{"damage":25.0,"enemies":"3 Sentries","floor":7.0,"turns":6.0},{"damage":4.0,"enemies":"Red Slaver","floor":11.0,"turns":3.0},{"damage":25.0,"enemies":"Lagavulin","floor":12.0,"turns":7.0},{"damage":0.0,"enemies":"2 Fungi Beasts","floor":14.0,"turns":3.0},{"damage":21.0,"enemies":"The Guardian","floor":16.0,"turns":15.0},{"damage":0.0,"enemies":"Spheric Guardian","floor":18.0,"turns":3.0},{"damage":0.0,"enemies":"Chosen","floor":21.0,"turns":4.0}],"seed_played":"7605338883161960608","potions_obtained":[{"floor":5.0,"key":"Explosive Potion"},{"floor":12.0,"key":"AttackPotion"},{"floor":16.0,"key":"LiquidBronze"},{"floor":21.0,"key":"Poison Potion"}],"is_trial":false,"path_per_floor":["M","M","?","?","M","R","E","?","T","$","M","E","?","M","R","B",null,"M","$","?","M","$"],"character_chosen":"DEFECT","items_purchased":["Reinforced Body","Gash+1","Redo"],"campfire_rested":0,"item_purchase_floors":[10,19,19],"current_hp_per_floor":[72,69,69,69,67,67,42,42,42,42,38,13,31,38,38,24,75,75,75,72,72,72],"gold":46,"neow_bonus":"THREE_CARDS","is_prod":false,"is_daily":false,"chose_seed":false,"campfire_upgraded":1,"win_rate":0,"timestamp":1544564119,"path_taken":["M","M","?","?","M","R","E","?","T","$","M","E","?","M","R","BOSS","M","$","?","?","?"],"build_version":"2018-12-06","purchased_purges":2,"victory":false,"max_hp_per_floor":[75,75,75,75,75,75,75,75,75,75,75,75,75,75,75,75,75,75,75,72,72,72],"card_choices":[{"not_picked":["Cold Snap","Compile Driver"],"picked":"Sunder","floor":0.0},{"not_picked":["Go for the Eyes","Compile Driver"],"picked":"Leap","floor":1.0},{"not_picked":["Compile Driver","Capacitor"],"picked":"Rip and Tear","floor":2.0},{"not_picked":["Go for the Eyes","Chill","Steam Power"],"picked":"SKIP","floor":5.0},{"not_picked":["Scrape","Gash","Skim"],"picked":"SKIP","floor":7.0},{"not_picked":["Leap","Rip and Tear"],"picked":"Glacier","floor":11.0},{"not_picked":["Rebound","Glacier"],"picked":"Self Repair","floor":12.0},{"not_picked":["Conserve Battery","Go for the Eyes+1"],"picked":"Gash+1","floor":14.0},{"not_picked":["Meteor Strike+1","Thunder Strike+1"],"picked":"Machine Learning","floor":16.0},{"not_picked":["Fusion","Steam Power","Go for the Eyes+1"],"picked":"SKIP","floor":18.0},{"not_picked":["Ball Lightning+1","Turbo+1"],"picked":"Defragment","floor":21.0}],"player_experience":584637,"relics_obtained":[{"floor":7.0,"key":"Mercury Hourglass"},{"floor":12.0,"key":"Molten Egg 2"}],"event_choices":[{"damage_healed":0.0,"max_hp_gain":0.0,"max_hp_loss":0.0,"gold_gain":0.0,"event_name":"Big Fish","player_choice":"Box","floor":3.0,"gold_loss":0.0,"damage_taken":0.0,"relics_obtained":["Mummified Hand"],"cards_obtained":["Regret"]},{"damage_healed":0.0,"max_hp_gain":0.0,"max_hp_loss":0.0,"gold_gain":0.0,"event_name":"Liars Game","player_choice":"Ignored","floor":4.0,"gold_loss":0.0,"damage_taken":0.0},{"damage_healed":0.0,"max_hp_gain":0.0,"max_hp_loss":0.0,"gold_gain":0.0,"event_name":"Dead Adventurer","player_choice":"Searched \u00272\u0027 times","floor":8.0,"gold_loss":0.0,"damage_taken":0.0,"relics_obtained":["Potion Belt"]},{"damage_healed":18.0,"max_hp_gain":0.0,"max_hp_loss":0.0,"gold_gain":0.0,"event_name":"Mushrooms","player_choice":"Healed and dodged fight","floor":13.0,"gold_loss":0.0,"damage_taken":0.0,"cards_obtained":["Parasite"]},{"cards_removed":["Parasite"],"damage_healed":0.0,"max_hp_gain":0.0,"max_hp_loss":0.0,"gold_gain":0.0,"event_name":"Purifier","player_choice":"Purged","floor":20.0,"gold_loss":0.0,"damage_taken":0.0}],"is_beta":false,"boss_relics":[{"not_picked":["Ectoplasm","Orrery"],"picked":"Nuclear Battery"}],"items_purged_floors":[10,19],"is_endless":false,"potions_floor_spawned":[5,12,16,21],"ascension_level":0}