{"gold_per_floor":[112,112,112,131,131,131,171,171,171,171,194,194,218,254,254,375,375,389,405,405,29,29,29,73,73,73,117,117,140,175,189,189,189],"floor_reached":33,"playtime":2502,"items_purged":[],"score":327,"play_id":"520ddba0-4d43-4329-b8d8-39676bcbd815","local_time":"20181209130006","is_ascension_mode":true,"campfire_choices":[{"data":"Cleave","floor":6,"key":"SMITH"},{"floor":8,"key":"REST"},{"floor":10,"key":"REST"},{"floor":15,"key":"REST"},{"floor":23,"key":"REST"},{"floor":25,"key":"REST"},{"floor":32,"key":"REST"}],"neow_cost":"NONE","seed_source_timestamp":94268979846713,"circlet_count":0,"master_deck":["Strike_R","Strike_R","Strike_R","Strike_R","Strike_R","Defend_R","Defend_R","Defend_R","Defend_R","Bash","Cleave","Cleave+1","Injury","Shrug It Off","Anger","Demon Form+1","Metallicize","Shockwave","Power Through","Spot Weakness","Spot Weakness","Reckless Charge+1","Perfected Strike+1","Perfected Strike"],"relics":["Burning Blood","Bag of Preparation","Golden Idol","PreservedInsect","Letter Opener","Unceasing Top","Orrery","Art of War","Orichalcum","Potion Belt","Mummified Hand","Bag of Marbles","Bottled Lightning"],"potions_floor_usage":[7,16,16,19,27,30],"damage_taken":[{"damage":5,"enemies":"Small Slimes","floor":1,"turns":3},{"damage":0,"enemies":"2 Louse","floor":4,"turns":2},{"damage":52,"enemies":"Lagavulin","floor":7,"turns":7},{"damage":3,"enemies":"Jaw Worm","floor":11,"turns":4},{"damage":5,"enemies":"3 Louse","floor":13,"turns":2},{"damage":21,"enemies":"Gremlin Nob","floor":14,"turns":4},{"damage":65,"enemies":"The Guardian","floor":16,"turns":10},{"damage":18,"enemies":"3 Byrds","floor":18,"turns":7},{"damage":20,"enemies":"Shell Parasite","floor":19,"turns":8},{"damage":26,"enemies":"Gremlin Leader","floor":24,"turns":6},{"damage":24,"enemies":"Slavers","floor":27,"turns":5},{"damage":16,"enemies":"Centurion and Healer","floor":29,"turns":5},{"damage":19,"enemies":"Book of Stabbing","floor":30,"turns":4},{"damage":20,"enemies":"Snake Plant","floor":31,"turns":5},{"damage":60,"enemies":"Automaton","floor":33,"turns":6}],"seed_played":"3702554623173534641","potions_obtained":[{"floor":4,"key":"SkillPotion"},{"floor":13,"key":"Strength Potion"},{"floor":14,"key":"Explosive Potion"},{"floor":18,"key":"BloodPotion"},{"floor":24,"key":"SteroidPotion"},{"floor":27,"key":"Swift Potion"}],"is_trial":false,"path_per_floor":["M","?","$","M","?","R","E","R","T","R","M","?","M","E","R","B",null,"M","M","?","$","$","R","E","R","T","E","?","M","E","M","R","B"],"character_chosen":"IRONCLAD","items_purchased":["Art of War","Orichalcum","Spot Weakness"],"campfire_rested":6,"item_purchase_floors":[21,21,21],"current_hp_per_floor":[80,80,80,80,80,80,34,58,58,80,80,80,80,65,80,21,80,68,62,54,54,54,78,58,80,80,62,62,52,39,25,49,0],"gold":189,"neow_bonus":"RANDOM_COMMON_RELIC","is_prod":false,"is_daily":false,"chose_seed":false,"campfire_upgraded":1,"win_rate":0,"timestamp":1544356806,"path_taken":["M","?","$","M","?","R","E","R","T","R","M","?","?","E","R","BOSS","M","M","?","?","$","R","E","R","T","E","?","M","E","M","R","BOSS"],"build_version":"2018-12-06","purchased_purges":0,"victory":false,"max_hp_per_floor":[80,80,80,80,80,80,80,80,80,80,80,80,80,80,80,80,80,80,80,80,80,80,80,80,80,80,80,80,80,80,80,80,80],"card_choices":[{"not_picked":["Anger","Warcry"],"picked":"Cleave","floor":1},{"not_picked":["Pummel","Feel No Pain"],"picked":"Cleave","floor":4},{"not_picked":["Headbutt","Searing Blow","Fire Breathing"],"picked":"SKIP","floor":7},{"not_picked":["True Grit","Body Slam","Rage"],"picked":"SKIP","floor":11},{"not_picked":["Burning Pact","Warcry"],"picked":"Shrug It Off","floor":13},{"not_picked":["Flame Barrier","Armaments"],"picked":"Anger","floor":14},{"not_picked":["Berserk","Impervious"],"picked":"Demon Form","floor":16},{"not_picked":["Flame Barrier","Twin Strike"],"picked":"Metallicize","floor":17},{"not_picked":["Pommel Strike","Body Slam"],"picked":"Shockwave","floor":17},{"not_picked":["True Grit","Reckless Charge"],"picked":"Power Through","floor":17},{"not_picked":["Burning Pact","Body Slam"],"picked":"Spot Weakness","floor":18},{"not_picked":["True Grit","Cleave+1","Sentinel+1"],"picked":"SKIP","floor":19},{"not_picked":["Pummel","Power Through"],"picked":"Reckless Charge+1","floor":24},{"not_picked":["Burning Pact","Whirlwind","Clash"],"picked":"SKIP","floor":27},{"not_picked":["Offering","Armaments"],"picked":"Perfected Strike+1","floor":29},{"not_picked":["Evolve","Clothesline","Thunderclap"],"picked":"SKIP","floor":30},{"not_picked":["Fire Breathing","Shrug It Off"],"picked":"Perfected Strike","floor":31}],"player_experience":158870,"relics_obtained":[{"floor":7,"key":"PreservedInsect"},{"floor":9,"key":"Letter Opener"},{"floor":14,"key":"Unceasing Top"},{"floor":24,"key":"Potion Belt"},{"floor":26,"key":"Mummified Hand"},{"floor":27,"key":"Bag of Marbles"},{"floor":30,"key":"Bottled Lightning"}],"event_choices":[{"damage_healed":0,"gold_gain":0,"player_choice":"Leave","damage_taken":0,"max_hp_gain":0,"max_hp_loss":0,"event_name":"The Cleric","floor":2,"gold_loss":0},{"damage_healed":0,"gold_gain":0,"player_choice":"Take Wound","damage_taken":0,"relics_obtained":["Golden Idol"],"max_hp_gain":0,"max_hp_loss":0,"event_name":"Golden Idol","floor":5,"gold_loss":0,"cards_obtained":["Injury"]},{"damage_healed":0,"gold_gain":0,"player_choice":"Ignored","damage_taken":0,"max_hp_gain":0,"max_hp_loss":0,"event_name":"Liars Game","floor":12,"gold_loss":0},{"damage_healed":0,"gold_gain":0,"player_choice":"","damage_taken":8,"max_hp_gain":0,"max_hp_loss":0,"event_name":"Knowing Skull","floor":20,"potions_obtained":[],"gold_loss":0,"cards_obtained":[]},{"damage_healed":0,"gold_gain":0,"player_choice":"Forge","damage_taken":0,"max_hp_gain":0,"max_hp_loss":0,"event_name":"Accursed Blacksmith","floor":28,"gold_loss":0,"cards_upgraded":["Demon Form"]}],"is_beta":false,"boss_relics":[{"not_picked":["Mark of Pain","Calling Bell"],"picked":"Orrery"}],"items_purged_floors":[],"is_endless":false,"potions_floor_spawned":[4,13,14,18,24,27],"killed_by":"Automaton","ascension_level":1}