{"gold_per_floor":[114,134,134,146,157,157,182,182,206,44,44,56,90,107,107,186,186,200,230,230,242,242,242,271,271,320,339,355,355,355,355,355,427,427,437,437,537,537,537],"floor_reached":40,"playtime":1464,"items_purged":[],"score":1136,"play_id":"73695f1b-1e38-4485-a243-f1535f22da28","local_time":"20190104014840","is_ascension_mode":true,"campfire_choices":[{"floor":6.0,"key":"REST"},{"data":"Rampage","floor":8.0,"key":"SMITH"},{"data":"Demon Form","floor":15.0,"key":"SMITH"},{"floor":23.0,"key":"REST"},{"data":"Limit Break","floor":25.0,"key":"SMITH"},{"data":"Heavy Blade","floor":29.0,"key":"SMITH"},{"floor":32.0,"key":"REST"}],"neow_cost":"NONE","seed_source_timestamp":2339252935633869,"circlet_count":0,"master_deck":["AscendersBane","Strike_R+1","Strike_R+1","Strike_R+1","Strike_R+1","Defend_R+1","Defend_R+1","Defend_R+1","Defend_R+1","Bash+1","Inflame","Rampage+1","Spot Weakness","Demon Form+1","Heavy Blade+1","Shrug It Off","Limit Break+1","Sword Boomerang+1","Pummel","Reaper","Sword Boomerang+1"],"special_seed":0,"relics":["Burning Blood","Art of War","Anchor","Vajra","Bag of Marbles","Philosopher\u0027s Stone","Red Mask","Blue Candle","Bronze Scales","Lizard Tail","Torii"],"potions_floor_usage":[39],"damage_taken":[{"damage":14.0,"enemies":"Small Slimes","floor":1.0,"turns":4.0},{"damage":0.0,"enemies":"Cultist","floor":2.0,"turns":3.0},{"damage":11.0,"enemies":"2 Louse","floor":4.0,"turns":4.0},{"damage":38.0,"enemies":"Large Slime","floor":5.0,"turns":5.0},{"damage":17.0,"enemies":"Gremlin Nob","floor":7.0,"turns":4.0},{"damage":14.0,"enemies":"Exordium Thugs","floor":12.0,"turns":5.0},{"damage":25.0,"enemies":"Lagavulin","floor":13.0,"turns":6.0},{"damage":0.0,"enemies":"2 Fungi Beasts","floor":14.0,"turns":3.0},{"damage":42.0,"enemies":"Slime Boss","floor":16.0,"turns":7.0},{"damage":16.0,"enemies":"2 Thieves","floor":18.0,"turns":3.0},{"damage":29.0,"enemies":"Masked Bandits","floor":19.0,"turns":4.0},{"damage":8.0,"enemies":"Shell Parasite","floor":21.0,"turns":4.0},{"damage":3.0,"enemies":"Colosseum Slavers","floor":22.0,"turns":2.0},{"damage":25.0,"enemies":"Gremlin Leader","floor":24.0,"turns":5.0},{"damage":0.0,"enemies":"Snecko","floor":27.0,"turns":2.0},{"damage":23.0,"enemies":"3 Cultists","floor":28.0,"turns":5.0},{"damage":33.0,"enemies":"Champ","floor":33.0,"turns":5.0},{"damage":0.0,"enemies":"3 Shapes","floor":35.0,"turns":5.0},{"damage":42.0,"enemies":"Mind Bloom Boss Battle","floor":37.0,"turns":9.0},{"damage":164,"enemies":"Awakened One","floor":39,"turns":8}],"seed_played":"7940627085133190260","potions_obtained":[{"floor":2.0,"key":"Block Potion"},{"floor":4.0,"key":"Fire Potion"},{"floor":14.0,"key":"Block Potion"},{"floor":19.0,"key":"Fire Potion"},{"floor":27.0,"key":"Ancient Potion"},{"floor":28.0,"key":"Dexterity Potion"},{"floor":35.0,"key":"Ancient Potion"},{"floor":37.0,"key":"Dexterity Potion"}],"is_trial":false,"path_per_floor":["M","M","?","M","M","R","E","R","T","$","?","M","E","M","R","B",null,"M","?","?","M","?","R","E","R","T","M","M","R","?","?","R","B",null,"M","?","?","?","B",null],"character_chosen":"IRONCLAD","items_purchased":["Vajra"],"campfire_rested":3,"item_purchase_floors":[10],"current_hp_per_floor":[60,66,55,50,18,40,29,29,29,29,75,67,48,54,54,18,61,51,28,28,26,29,51,32,32,32,38,21,21,36,36,58,31,64,70,70,75,75,12],"gold":537,"neow_bonus":"UPGRADE_CARD","is_prod":false,"is_daily":false,"chose_seed":false,"campfire_upgraded":4,"win_rate":0,"timestamp":1546562920,"path_taken":["M","M","?","M","?","R","E","R","T","$","?","?","E","M","R","BOSS","M","?","?","M","?","R","E","R","T","M","?","R","?","?","R","BOSS","M","?","?","?","BOSS"],"build_version":"2018-12-20","purchased_purges":0,"victory":true,"max_hp_per_floor":[75,75,75,75,75,75,75,75,75,75,75,75,75,75,75,75,75,75,75,75,75,75,75,75,75,75,75,75,75,75,75,75,75,75,75,75,75,75,75],"card_choices":[{"not_picked":["Clothesline","Thunderclap"],"picked":"Metallicize","floor":1.0},{"not_picked":["Clothesline","Reckless Charge"],"picked":"Inflame","floor":2.0},{"not_picked":["Twin Strike","True Grit"],"picked":"Rampage","floor":4.0},{"not_picked":["Body Slam","Iron Wave"],"picked":"Spot Weakness","floor":5.0},{"not_picked":["Clash","Thunderclap","Disarm"],"picked":"SKIP","floor":7.0},{"not_picked":["Bloodletting","Shrug It Off"],"picked":"Demon Form","floor":12.0},{"not_picked":["Warcry","Clash"],"picked":"Heavy Blade","floor":13.0},{"not_picked":["Thunderclap","Sever Soul"],"picked":"Shrug It Off","floor":14.0},{"not_picked":["Reaper","Exhume"],"picked":"Limit Break","floor":16.0},{"not_picked":["Thunderclap","Headbutt","Pommel Strike"],"picked":"SKIP","floor":18.0},{"not_picked":["Spot Weakness","Flex"],"picked":"Sword Boomerang+1","floor":19.0},{"not_picked":["Infernal Blade","Fire Breathing+1","Clash"],"picked":"SKIP","floor":21.0},{"not_picked":["Armaments","Demon Form","Evolve"],"picked":"SKIP","floor":24.0},{"not_picked":["Headbutt+1","Pommel Strike","Spot Weakness"],"picked":"SKIP","floor":27.0},{"not_picked":["Heavy Blade","Armaments"],"picked":"Pummel","floor":28.0},{"not_picked":["Demon Form","Immolate"],"picked":"Reaper","floor":33.0},{"not_picked":["Twin Strike","Sever Soul"],"picked":"Sword Boomerang+1","floor":35.0}],"player_experience":670616,"relics_obtained":[{"floor":7.0,"key":"Art of War"},{"floor":9.0,"key":"Anchor"},{"floor":13.0,"key":"Bag of Marbles"},{"floor":19.0,"key":"Red Mask"},{"floor":24.0,"key":"Blue Candle"},{"floor":26.0,"key":"Bronze Scales"},{"floor":37.0,"key":"Torii"}],"event_choices":[{"damage_healed":0.0,"max_hp_gain":0.0,"max_hp_loss":0.0,"gold_gain":0.0,"event_name":"Wheel of Change","player_choice":"Damaged","floor":3.0,"gold_loss":0.0,"damage_taken":11.0},{"cards_removed":["Metallicize"],"damage_healed":46.0,"max_hp_gain":0.0,"max_hp_loss":0.0,"gold_gain":0.0,"event_name":"Bonfire Elementals","player_choice":"Offered Uncommon","floor":11.0,"gold_loss":0.0,"damage_taken":0.0},{"damage_healed":0.0,"max_hp_gain":0.0,"max_hp_loss":0.0,"gold_gain":0.0,"event_name":"Masked Bandits","player_choice":"Fought Bandits","floor":19.0,"gold_loss":0.0,"damage_taken":0.0},{"damage_healed":0.0,"max_hp_gain":0.0,"max_hp_loss":0.0,"gold_gain":0.0,"event_name":"Back to Basics","player_choice":"Simplicity","floor":20.0,"gold_loss":0.0,"damage_taken":0.0,"cards_upgraded":["Strike_R","Strike_R","Strike_R","Strike_R","Strike_R","Defend_R","Defend_R","Defend_R","Defend_R"]},{"damage_healed":0.0,"max_hp_gain":0.0,"max_hp_loss":0.0,"gold_gain":0.0,"event_name":"Colosseum","player_choice":"Fight","floor":22.0,"gold_loss":0.0,"damage_taken":0.0},{"damage_healed":0.0,"max_hp_gain":0.0,"max_hp_loss":0.0,"gold_gain":0.0,"event_name":"Colosseum","player_choice":"Fled From Nobs","floor":22.0,"gold_loss":0.0,"damage_taken":0.0},{"damage_healed":15.0,"max_hp_gain":0.0,"max_hp_loss":0.0,"gold_gain":0.0,"event_name":"The Library","player_choice":"Heal","floor":30.0,"gold_loss":0.0,"damage_taken":0.0},{"damage_healed":0.0,"max_hp_gain":0.0,"max_hp_loss":0.0,"gold_gain":0.0,"event_name":"Vampires","player_choice":"Ignored","floor":31.0,"gold_loss":0.0,"damage_taken":0.0},{"cards_removed":["Strike_R"],"damage_healed":0.0,"max_hp_gain":0.0,"max_hp_loss":0.0,"gold_gain":0.0,"event_name":"Falling","player_choice":"Removed Attack","floor":36.0,"gold_loss":0.0,"damage_taken":0.0},{"damage_healed":0.0,"max_hp_gain":0.0,"max_hp_loss":0.0,"gold_gain":0.0,"event_name":"MindBloom","player_choice":"Fight","floor":37.0,"gold_loss":0.0,"damage_taken":0.0},{"damage_healed":0.0,"max_hp_gain":0.0,"max_hp_loss":0.0,"gold_gain":0.0,"event_name":"SecretPortal","player_choice":"Took Portal","floor":38.0,"gold_loss":0.0,"damage_taken":0.0}],"is_beta":false,"boss_relics":[{"not_picked":["Pandora\u0027s Box","Fusion Hammer"],"picked":"Philosopher\u0027s Stone"},{"not_picked":["Eternal Feather","Empty Cage"],"picked":"Lizard Tail"}],"items_purged_floors":[],"is_endless":false,"potions_floor_spawned":[2,4,5,14,19,22,27,28,35,37],"ascension_level":17}