{"gold_per_floor":[114,124,124,143,156,156,191,191,191,191,226,226,70,70,70,167,167,167,92,92,92,0,0,0],"floor_reached":24,"playtime":1193,"items_purged":[],"score":333,"play_id":"5f1817de-24dd-4550-bae8-1610a2a02ca2","local_time":"20190112173724","is_ascension_mode":true,"campfire_choices":[{"data":"Body Slam","floor":6,"key":"SMITH"},{"data":"True Grit","floor":8,"key":"SMITH"},{"data":"Armaments","floor":12,"key":"SMITH"},{"floor":15,"key":"REST"},{"floor":23,"key":"REST"}],"neow_cost":"NONE","seed_source_timestamp":92570164657000,"circlet_count":0,"master_deck":["Strike_R","Strike_R","Strike_R","Strike_R","Defend_R","Defend_R","Defend_R","Defend_R","Bash+1","Headbutt","True Grit+1","Entrench","Pommel Strike","Body Slam+1","Shrug It Off","Armaments+1","Metallicize","Uppercut","Fiend Fire","Shrug It Off"],"relics":["Burning Blood","Strawberry","Question Card","Paper Frog","Ectoplasm"],"potions_floor_usage":[16,16,21],"damage_taken":[{"damage":9,"enemies":"2 Louse","floor":1,"turns":2},{"damage":6,"enemies":"Cultist","floor":2,"turns":3},{"damage":0,"enemies":"Small Slimes","floor":4,"turns":2},{"damage":9,"enemies":"2 Fungi Beasts","floor":5,"turns":4},{"damage":48,"enemies":"3 Sentries","floor":7,"turns":11},{"damage":24,"enemies":"Gremlin Nob","floor":11,"turns":4},{"damage":0,"enemies":"Slime Boss","floor":16,"turns":6},{"damage":11,"enemies":"Shell Parasite","floor":18,"turns":6},{"damage":34,"enemies":"2 Thieves","floor":19,"turns":5},{"damage":30,"enemies":"Snake Plant","floor":20,"turns":5},{"damage":0,"enemies":"Centurion and Healer","floor":21,"turns":6},{"damage":52,"enemies":"Slavers","floor":24,"turns":5}],"seed_played":"5938447004579169339","potions_obtained":[{"floor":4,"key":"Poison Potion"},{"floor":5,"key":"PowerPotion"},{"floor":19,"key":"EssenceOfSteel"}],"is_trial":false,"path_per_floor":["M","M","?","M","M","R","E","R","T","?","E","R","$","?","R","B",null,"M","M","M","M","?","R","E"],"character_chosen":"IRONCLAD","items_purchased":["Metallicize","Uppercut"],"campfire_rested":2,"item_purchase_floors":[13,13],"current_hp_per_floor":[69,69,69,75,72,72,37,37,37,37,19,19,19,12,38,44,76,71,43,19,25,25,51,0],"gold":0,"neow_bonus":"UPGRADE_CARD","is_prod":false,"is_daily":false,"chose_seed":false,"campfire_upgraded":3,"win_rate":0,"timestamp":1547314644,"path_taken":["M","M","?","?","M","R","E","R","T","?","E","R","$","?","R","BOSS","M","M","M","M","?","R","E"],"build_version":"2019-01-10","purchased_purges":0,"victory":false,"max_hp_per_floor":[80,80,80,80,80,80,87,87,87,87,87,87,87,87,87,87,87,87,87,87,87,87,87,87],"card_choices":[{"not_picked":["Second Wind","Iron Wave"],"picked":"Headbutt","floor":1},{"not_picked":["Anger","Warcry"],"picked":"True Grit","floor":2},{"not_picked":["Bloodletting","Combust"],"picked":"Pommel Strike","floor":4},{"not_picked":["Sword Boomerang","Disarm"],"picked":"Body Slam","floor":5},{"not_picked":["Carnage","Iron Wave"],"picked":"Shrug It Off","floor":7},{"not_picked":["Immolate","Second Wind","Ghostly Armor"],"picked":"Armaments","floor":11},{"not_picked":["Brutality","Immolate","Exhume"],"picked":"Fiend Fire","floor":16},{"not_picked":["Clash","Sword Boomerang+1","Headbutt","Clothesline"],"picked":"SKIP","floor":18},{"not_picked":["Combust+1","Clash","Flex"],"picked":"Shrug It Off","floor":19},{"not_picked":["Iron Wave","Feel No Pain","Armaments","Burning Pact"],"picked":"SKIP","floor":20},{"not_picked":["Headbutt","Wild Strike+1","Feel No Pain","Reckless Charge+1"],"picked":"SKIP","floor":21}],"player_experience":98928,"relics_obtained":[{"floor":7,"key":"Strawberry"},{"floor":9,"key":"Question Card"},{"floor":11,"key":"Paper Frog"}],"event_choices":[{"damage_healed":0,"gold_gain":0,"player_choice":"1 cards matched","damage_taken":0,"max_hp_gain":0,"max_hp_loss":0,"event_name":"Match and Keep!","floor":3,"gold_loss":0,"cards_obtained":["Entrench"]},{"damage_healed":0,"gold_gain":0,"player_choice":"1 cards matched","damage_taken":0,"max_hp_gain":0,"max_hp_loss":0,"event_name":"Match and Keep!","floor":3,"gold_loss":0,"cards_obtained":["Entrench"]},{"damage_healed":0,"gold_gain":0,"player_choice":"Ignored","damage_taken":0,"max_hp_gain":0,"max_hp_loss":0,"event_name":"Shining Light","floor":10,"gold_loss":0},{"cards_removed":["Strike_R"],"damage_healed":0,"gold_gain":0,"player_choice":"Card Removal","damage_taken":7,"max_hp_gain":0,"max_hp_loss":0,"event_name":"Golden Wing","floor":14,"gold_loss":0},{"damage_healed":0,"gold_gain":0,"player_choice":"Paid Fearfully","damage_taken":0,"max_hp_gain":0,"max_hp_loss":0,"event_name":"Masked Bandits","floor":22,"gold_loss":92}],"is_beta":false,"boss_relics":[{"not_picked":["Lizard Tail","Eternal Feather"],"picked":"Ectoplasm"}],"items_purged_floors":[],"is_endless":false,"potions_floor_spawned":[4,5,19],"killed_by":"Slavers","ascension_level":6}