{"gold_per_floor":[109,109,109,109,127,157,1,1,27,62,62,62,88,101,101,198,198,198],"floor_reached":18,"playtime":638,"items_purged":[],"score":176,"play_id":"34f2caa7-9e46-44fb-a96b-3398fd63a574","local_time":"20181228144134","is_ascension_mode":false,"campfire_choices":[{"floor":8.0,"key":"REST"},{"floor":12.0,"key":"REST"},{"floor":15.0,"key":"REST"}],"neow_cost":"NONE","seed_source_timestamp":0,"circlet_count":0,"master_deck":["Strike_R","Strike_R","Strike_R+1","Strike_R+1","Strike_R","Defend_R","Defend_R","Defend_R+1","Defend_R","Bash","Feed+1","Heavy Blade","Carnage","Anger","Double Tap","Dark Embrace"],"special_seed":0,"relics":["Burning Blood","Ornamental Fan","Girya","Whetstone","Boot","Regal Pillow","Shuriken","White Beast Statue"],"potions_floor_usage":[],"damage_taken":[{"damage":10.0,"enemies":"Jaw Worm","floor":1.0,"turns":5.0},{"damage":3.0,"enemies":"Small Slimes","floor":5.0,"turns":3.0},{"damage":31.0,"enemies":"Gremlin Nob","floor":6.0,"turns":5.0},{"damage":30.0,"enemies":"Lagavulin","floor":10.0,"turns":7.0},{"damage":35.0,"enemies":"Gremlin Nob","floor":13.0,"turns":5.0},{"damage":6.0,"enemies":"2 Louse","floor":14.0,"turns":3.0},{"damage":64.0,"enemies":"The Guardian","floor":16.0,"turns":9.0},{"damage":0,"enemies":"Shell Parasite","floor":18,"turns":1}],"seed_played":"-2623737812190902159","potions_obtained":[{"floor":13.0,"key":"Regen Potion"},{"floor":14.0,"key":"SpeedPotion"},{"floor":16.0,"key":"EssenceOfSteel"}],"is_trial":false,"path_per_floor":["M","?","?","?","M","E","$","R","T","E","$","R","E","M","R","B",null,"M"],"character_chosen":"IRONCLAD","items_purchased":["Whetstone"],"campfire_rested":3,"item_purchase_floors":[7],"current_hp_per_floor":[79,72,72,55,61,39,39,65,65,45,45,87,58,58,93,49,93,93],"gold":198,"neow_bonus":"ONE_RANDOM_RARE_CARD","is_prod":false,"is_daily":false,"chose_seed":false,"campfire_upgraded":0,"win_rate":0,"timestamp":1546004494,"path_taken":["M","?","?","?","M","E","$","R","T","E","?","R","E","M","R","BOSS","M"],"build_version":"2018-12-20","purchased_purges":0,"victory":false,"max_hp_per_floor":[83,83,83,83,86,89,89,89,89,93,93,93,93,93,93,93,93,93],"card_choices":[{"not_picked":["Cleave","Wild Strike"],"picked":"Heavy Blade","floor":1.0},{"not_picked":["Corruption","Pummel"],"picked":"Carnage","floor":5.0},{"not_picked":["True Grit","Flame Barrier"],"picked":"Anger","floor":6.0},{"not_picked":["Twin Strike","Wild Strike"],"picked":"Double Tap","floor":10.0},{"not_picked":["Twin Strike","Headbutt","Immolate"],"picked":"SKIP","floor":13.0},{"not_picked":["Bloodletting","Wild Strike","Clash"],"picked":"SKIP","floor":14.0},{"not_picked":["Feed","Demon Form"],"picked":"Dark Embrace","floor":16.0}],"player_experience":43304,"relics_obtained":[{"floor":6.0,"key":"Girya"},{"floor":9.0,"key":"Boot"},{"floor":10.0,"key":"Regal Pillow"},{"floor":13.0,"key":"Shuriken"}],"event_choices":[{"damage_healed":0.0,"max_hp_gain":0.0,"max_hp_loss":0.0,"gold_gain":0.0,"event_name":"Scrap Ooze","player_choice":"Success","floor":2.0,"gold_loss":0.0,"damage_taken":7.0,"relics_obtained":["Ornamental Fan"]},{"damage_healed":0.0,"max_hp_gain":0.0,"max_hp_loss":0.0,"gold_gain":0.0,"event_name":"Golden Idol","player_choice":"Ignored","floor":3.0,"gold_loss":0.0,"damage_taken":0.0},{"damage_healed":0.0,"max_hp_gain":0.0,"max_hp_loss":0.0,"gold_gain":0.0,"event_name":"Shining Light","player_choice":"Entered Light","floor":4.0,"gold_loss":0.0,"damage_taken":17.0,"cards_upgraded":["Defend_R","Strike_R"]}],"is_beta":false,"boss_relics":[{"not_picked":["Astrolabe","Philosopher\u0027s Stone"],"picked":"White Beast Statue"}],"items_purged_floors":[],"is_endless":false,"potions_floor_spawned":[13,14,16],"killed_by":"Shell Parasite","ascension_level":0}