{"gold_per_floor":[365,379,66,66,86,118,118,150,150,150],"floor_reached":10,"playtime":264,"items_purged":["Parasite"],"score":99,"play_id":"301fc355-a230-4204-ab6a-3ff9a9f03249","local_time":"20190117171433","is_ascension_mode":true,"campfire_choices":[{"data":"Bash","floor":7,"key":"SMITH"}],"neow_cost":"CURSE","seed_source_timestamp":76874344867000,"circlet_count":0,"master_deck":["Strike_R","Strike_R","Strike_R","Strike_R","Strike_R","Defend_R","Defend_R","Defend_R","Defend_R","Bash+1","Pommel Strike","Pommel Strike","Impervious","Shrug It Off","Body Slam"],"relics":["Burning Blood","Frozen Egg 2","Nunchaku","StoneCalendar","Prayer Wheel"],"potions_floor_usage":[],"damage_taken":[{"damage":6,"enemies":"Cultist","floor":1,"turns":3},{"damage":10,"enemies":"2 Louse","floor":2,"turns":2},{"damage":3,"enemies":"Small Slimes","floor":5,"turns":3},{"damage":24,"enemies":"Gremlin Nob","floor":6,"turns":4},{"damage":51,"enemies":"Lagavulin","floor":8,"turns":7},{"damage":13,"enemies":"Exordium Thugs","floor":10,"turns":1}],"seed_played":"-8781949098803291015","potions_obtained":[{"floor":6,"key":"Ancient Potion"}],"is_trial":false,"path_per_floor":["M","M","$","?","M","E","R","E","T","M"],"character_chosen":"IRONCLAD","items_purchased":["Frozen Egg 2"],"campfire_rested":0,"item_purchase_floors":[3],"current_hp_per_floor":[72,68,68,68,71,53,53,8,8,0],"gold":150,"neow_bonus":"TWO_FIFTY_GOLD","is_prod":false,"is_daily":false,"chose_seed":false,"campfire_upgraded":1,"win_rate":0,"timestamp":1547745273,"path_taken":["M","M","$","?","M","E","R","E","T","M"],"build_version":"2019-01-10","purchased_purges":1,"victory":false,"max_hp_per_floor":[80,80,77,77,77,77,77,77,77,77],"card_choices":[{"not_picked":["Cleave","Sword Boomerang"],"picked":"Pommel Strike","floor":1},{"not_picked":["Body Slam","Iron Wave"],"picked":"Pommel Strike","floor":2},{"not_picked":["Twin Strike","Havoc"],"picked":"Impervious","floor":5},{"not_picked":["Fire Breathing+1","Carnage"],"picked":"Shrug It Off","floor":6},{"not_picked":["Cleave","Flex"],"picked":"Body Slam","floor":8}],"player_experience":111451,"relics_obtained":[{"floor":6,"key":"Nunchaku"},{"floor":8,"key":"StoneCalendar"},{"floor":9,"key":"Prayer Wheel"}],"event_choices":[{"damage_healed":0,"gold_gain":0,"player_choice":"Ignored","damage_taken":0,"max_hp_gain":0,"max_hp_loss":0,"event_name":"Liars Game","floor":4,"gold_loss":0}],"is_beta":false,"boss_relics":[],"items_purged_floors":[3],"is_endless":false,"potions_floor_spawned":[6],"killed_by":"Exordium Thugs","ascension_level":6}