{"gold_per_floor":[118,118,134,151,151,177,193,193,239,252,252],"floor_reached":11,"playtime":392,"items_purged":[],"score":75,"play_id":"f44b190d-3c5b-4c20-8df5-c973e2ffde5a","local_time":"20190130190536","is_ascension_mode":false,"campfire_choices":[],"neow_cost":"NONE","seed_source_timestamp":606473820471200,"circlet_count":0,"master_deck":["Defend_G","Defend_G","Defend_G","Defend_G","Defend_G","Strike_G","Strike_G","Strike_G","Strike_G","Survivor","Neutralize","Infinite Blades","Accuracy","Grand Finale"],"relics":["Ring of the Snake","Boot","Ninja Scroll","Orichalcum","Snake Skull"],"potions_floor_usage":[],"damage_taken":[{"damage":0,"enemies":"Small Slimes","floor":1,"turns":5},{"damage":2,"enemies":"Cultist","floor":3,"turns":4},{"damage":0,"enemies":"2 Louse","floor":4,"turns":3},{"damage":19,"enemies":"Lagavulin","floor":6,"turns":7},{"damage":0,"enemies":"Lots of Slimes","floor":7,"turns":5},{"damage":3,"enemies":"Exordium Wildlife","floor":10,"turns":5},{"damage":0,"enemies":"Blue Slaver","floor":11,"turns":1}],"seed_played":"2428326729329779473","potions_obtained":[{"floor":6,"key":"Weak Potion"},{"floor":7,"key":"EssenceOfSteel"},{"floor":8,"key":"Fire Potion"},{"floor":8,"key":"SteroidPotion"}],"is_trial":false,"path_per_floor":["M","?","M","M","?","E","M","?","T","M","M"],"character_chosen":"THE_SILENT","items_purchased":[],"campfire_rested":0,"item_purchase_floors":[],"current_hp_per_floor":[70,70,68,68,68,49,49,49,49,46,46],"gold":252,"neow_bonus":"RANDOM_COMMON_RELIC","is_prod":false,"is_daily":false,"chose_seed":false,"campfire_upgraded":0,"win_rate":0,"timestamp":1548903936,"path_taken":["M","?","M","M","?","E","?","?","T","M","M"],"build_version":"2019-01-23","purchased_purges":0,"victory":false,"max_hp_per_floor":[70,70,70,70,70,70,70,70,70,70,70],"card_choices":[{"not_picked":["Slice","Endless Agony"],"picked":"Outmaneuver","floor":1},{"not_picked":["Sucker Punch","Dagger Throw"],"picked":"Accuracy","floor":3},{"not_picked":["Choke","Reflex","Bane"],"picked":"SKIP","floor":4},{"not_picked":["Outmaneuver","Die Die Die"],"picked":"Grand Finale","floor":6},{"not_picked":["Heel Hook","Quick Slash","Prepared"],"picked":"SKIP","floor":7},{"not_picked":["Skewer","Catalyst","Blade Dance"],"picked":"SKIP","floor":10}],"player_experience":74296,"relics_obtained":[{"floor":6,"key":"Orichalcum"},{"floor":9,"key":"Snake Skull"}],"event_choices":[{"damage_healed":0,"gold_gain":0,"cards_transformed":["Strike_G"],"player_choice":"Change","damage_taken":0,"max_hp_gain":0,"max_hp_loss":0,"event_name":"Living Wall","floor":2,"gold_loss":0,"cards_obtained":["Infinite Blades"]},{"cards_removed":["Outmaneuver"],"damage_healed":0,"gold_gain":0,"player_choice":"Gave Card","damage_taken":0,"relics_obtained":["Ninja Scroll"],"max_hp_gain":0,"max_hp_loss":0,"event_name":"WeMeetAgain","floor":5,"gold_loss":0},{"damage_healed":0,"gold_gain":0,"player_choice":"Got Potions","damage_taken":0,"max_hp_gain":0,"max_hp_loss":0,"event_name":"Lab","floor":8,"gold_loss":0}],"is_beta":false,"boss_relics":[],"items_purged_floors":[],"is_endless":false,"potions_floor_spawned":[6,7],"killed_by":"Blue Slaver","ascension_level":0}