{"gold_per_floor":[111,121,134,9,9,34,34,50,50,50,83,83,83,96,96,193,193,212,226,126,140,15,15,26,58,58,58,88,4,4,24,24,129,129,141,141],"floor_reached":36,"playtime":1657,"items_purged":["Strike_B","Strike_B","Defend_B"],"score":433,"play_id":"b4d9373d-d0a2-4aa1-81e0-b1ae8b48de31","local_time":"20190118163719","is_ascension_mode":true,"campfire_choices":[{"floor":7,"key":"REST"},{"floor":12,"key":"REST"},{"data":"Machine Learning","floor":15,"key":"SMITH"},{"floor":23,"key":"REST"},{"floor":30,"key":"REST"},{"floor":32,"key":"REST"}],"neow_cost":"NONE","seed_source_timestamp":159652698750600,"circlet_count":0,"master_deck":["Strike_B+1","Strike_B+1","Defend_B","Defend_B","Zap","Dualcast","Core Surge","Gash+1","Hologram","Compile Driver","Gash","Machine Learning+1","BootSequence","Coolheaded","Coolheaded","All For One","Beam Cell","Turbo+1","Echo Form","Steam","Cold Snap","Skim+1","Self Repair+1","Buffer","Coolheaded+1"],"relics":["Cracked Core","Matryoshka","Question Card","Lantern","Omamori","Sozu","Darkstone Periapt","Juzu Bracelet","Meat on the Bone","Art of War","Ancient Tea Set","Snecko Eye"],"potions_floor_usage":[6,28],"damage_taken":[{"damage":0,"enemies":"Cultist","floor":1,"turns":2},{"damage":13,"enemies":"2 Louse","floor":2,"turns":2},{"damage":6,"enemies":"Jaw Worm","floor":3,"turns":2},{"damage":34,"enemies":"Gremlin Nob","floor":6,"turns":4},{"damage":5,"enemies":"Exordium Thugs","floor":8,"turns":4},{"damage":28,"enemies":"3 Sentries","floor":11,"turns":5},{"damage":1,"enemies":"Large Slime","floor":14,"turns":4},{"damage":11,"enemies":"Slime Boss","floor":16,"turns":9},{"damage":15,"enemies":"3 Byrds","floor":18,"turns":5},{"damage":3,"enemies":"Spheric Guardian","floor":19,"turns":3},{"damage":16,"enemies":"3 Cultists","floor":21,"turns":3},{"damage":12,"enemies":"Centurion and Healer","floor":24,"turns":5},{"damage":32,"enemies":"Slavers","floor":25,"turns":4},{"damage":9,"enemies":"Book of Stabbing","floor":28,"turns":4},{"damage":12,"enemies":"Snake Plant","floor":31,"turns":3},{"damage":16,"enemies":"Collector","floor":33,"turns":6},{"damage":27,"enemies":"Orb Walker","floor":35,"turns":4},{"damage":65,"enemies":"3 Darklings","floor":36,"turns":5}],"seed_played":"-257303632923256666","potions_obtained":[{"floor":3,"key":"Regen Potion"},{"floor":6,"key":"LiquidBronze"},{"floor":11,"key":"Energy Potion"},{"floor":16,"key":"EssenceOfSteel"}],"is_trial":false,"path_per_floor":["M","M","M","$","?","E","R","M","T","?","E","R","$","M","R","B",null,"M","M","$","M","$","R","M","E","T","$","E","?","R","M","R","B",null,"M","M"],"character_chosen":"DEFECT","items_purchased":["Gash"],"campfire_rested":5,"item_purchase_floors":[4],"current_hp_per_floor":[75,62,56,56,41,12,34,29,29,29,1,23,23,22,22,11,75,60,57,57,41,41,63,51,19,19,19,22,22,44,44,66,50,75,58,0],"gold":141,"neow_bonus":"TRANSFORM_CARD","is_prod":false,"is_daily":false,"chose_seed":false,"campfire_upgraded":1,"win_rate":0,"timestamp":1547829439,"path_taken":["M","?","M","$","?","E","R","M","T","?","E","R","$","M","R","BOSS","M","M","$","M","$","R","M","E","T","$","E","?","R","M","R","BOSS","M","M"],"build_version":"2019-01-17v2","purchased_purges":3,"victory":false,"max_hp_per_floor":[75,75,75,75,75,75,75,75,75,75,75,75,75,75,75,75,75,75,75,75,75,75,75,75,75,75,75,75,75,75,75,75,75,75,75,75],"card_choices":[{"not_picked":["Sweeping Beam","Heatsinks"],"picked":"Gash","floor":1},{"not_picked":["Conserve Battery","Stack"],"picked":"Hologram","floor":2},{"not_picked":["Double Energy","Auto Shields"],"picked":"Compile Driver","floor":3},{"not_picked":["Turbo","Ball Lightning"],"picked":"Machine Learning","floor":6},{"not_picked":["Tempest","Leap"],"picked":"BootSequence","floor":8},{"not_picked":["Doom and Gloom","Redo","Barrage"],"picked":"Coolheaded","floor":11},{"not_picked":["Barrage","Rebound","Static Discharge"],"picked":"Coolheaded","floor":14},{"not_picked":["Fission","Multi-Cast","Buffer"],"picked":"All For One","floor":16},{"not_picked":["Auto Shields","Compile Driver+1","Streamline"],"picked":"Beam Cell","floor":18},{"not_picked":["Ball Lightning","Redo","Reprogram"],"picked":"Turbo+1","floor":19},{"not_picked":["Go for the Eyes+1","Beam Cell","Auto Shields"],"picked":"Echo Form","floor":21},{"not_picked":["Streamline","Capacitor","Hologram"],"picked":"Steam","floor":24},{"not_picked":["Compile Driver","Sunder","Blizzard"],"picked":"Cold Snap","floor":25},{"not_picked":["Gash","Double Energy+1","Compile Driver"],"picked":"Skim+1","floor":28},{"not_picked":["Electrodynamics","Leap","Coolheaded"],"picked":"Self Repair+1","floor":31},{"not_picked":["Multi-Cast","Rainbow","Amplify"],"picked":"Buffer","floor":33},{"not_picked":["Ball Lightning+1","Conserve Battery+1","Leap+1"],"picked":"Coolheaded+1","floor":35}],"player_experience":116748,"relics_obtained":[{"floor":6,"key":"Matryoshka"},{"floor":9,"key":"Question Card"},{"floor":9,"key":"Lantern"},{"floor":11,"key":"Omamori"},{"floor":25,"key":"Darkstone Periapt"},{"floor":26,"key":"Juzu Bracelet"},{"floor":26,"key":"Meat on the Bone"},{"floor":28,"key":"Art of War"}],"event_choices":[{"damage_healed":0,"gold_gain":0,"player_choice":"Entered Light","damage_taken":15,"max_hp_gain":0,"max_hp_loss":0,"event_name":"Shining Light","floor":5,"gold_loss":0,"cards_upgraded":["Gash","Strike_B"]},{"damage_healed":0,"gold_gain":0,"player_choice":"Grow","damage_taken":0,"max_hp_gain":0,"max_hp_loss":0,"event_name":"Living Wall","floor":10,"gold_loss":0,"cards_upgraded":["Strike_B"]},{"damage_healed":0,"gold_gain":0,"player_choice":"Paid Gold","damage_taken":0,"relics_obtained":["Ancient Tea Set"],"max_hp_gain":0,"max_hp_loss":0,"event_name":"WeMeetAgain","floor":29,"gold_loss":84}],"is_beta":false,"boss_relics":[{"not_picked":["White Beast Statue","Nuclear Battery"],"picked":"Sozu"},{"not_picked":["Busted Crown","Runic Pyramid"],"picked":"Snecko Eye"}],"items_purged_floors":[4,20,22],"is_endless":false,"potions_floor_spawned":[3,6,11,16,21,25,28],"killed_by":"3 Darklings","ascension_level":1}