{"gold_per_floor":[115,115,190,201,216,216,141,141,168,23,52,69,69,101,101,101],"floor_reached":16,"playtime":430,"items_purged":["Strike_R"],"score":124,"play_id":"d86544dc-1b4a-42a2-bbd6-065bb38b93ff","local_time":"20190111213524","is_ascension_mode":true,"campfire_choices":[{"data":"Searing Blow","floor":6,"key":"SMITH"},{"data":"Searing Blow+1","floor":8,"key":"SMITH"},{"data":"Searing Blow+2","floor":15,"key":"SMITH"}],"neow_cost":"NONE","seed_source_timestamp":41435849424957,"circlet_count":0,"master_deck":["Strike_R","Strike_R","Strike_R","Strike_R","Defend_R","Defend_R","Defend_R","Defend_R","Bash","Carnage","Metallicize","Searing Blow+3","Clothesline","Feed"],"relics":["Burning Blood","Bag of Marbles","Blood Vial","Regal Pillow","Shuriken","Boot"],"potions_floor_usage":[14,16],"damage_taken":[{"damage":1,"enemies":"Small Slimes","floor":1,"turns":4},{"damage":5,"enemies":"2 Louse","floor":4,"turns":2},{"damage":3,"enemies":"Cultist","floor":5,"turns":3},{"damage":21,"enemies":"3 Sentries","floor":11,"turns":8},{"damage":2,"enemies":"2 Fungi Beasts","floor":12,"turns":3},{"damage":24,"enemies":"Gremlin Nob","floor":14,"turns":5},{"damage":54,"enemies":"Slime Boss","floor":16,"turns":9}],"seed_played":"8044126810994326502","potions_obtained":[{"floor":1,"key":"BloodPotion"},{"floor":14,"key":"EssenceOfSteel"}],"is_trial":false,"path_per_floor":["M","?","?","M","M","R","$","R","T","$","E","M","?","E","R","B"],"character_chosen":"IRONCLAD","items_purchased":["Blood Vial"],"campfire_rested":0,"item_purchase_floors":[10],"current_hp_per_floor":[88,88,77,78,81,81,81,81,81,81,68,74,56,48,48,0],"gold":101,"neow_bonus":"TEN_PERCENT_HP_BONUS","is_prod":false,"is_daily":false,"chose_seed":false,"campfire_upgraded":3,"win_rate":0,"timestamp":1547238924,"path_taken":["M","?","?","M","M","R","$","R","T","$","E","M","?","E","R","BOSS"],"build_version":"2019-01-10","purchased_purges":1,"victory":false,"max_hp_per_floor":[88,88,88,88,88,88,88,88,88,88,88,88,88,88,88,88],"card_choices":[{"not_picked":["Hemokinesis","Shrug It Off"],"picked":"Carnage","floor":1},{"not_picked":["Reckless Charge","Blood for Blood"],"picked":"Metallicize","floor":4},{"not_picked":["Perfected Strike","Corruption"],"picked":"Searing Blow","floor":5},{"not_picked":["Pommel Strike","Entrench","Evolve"],"picked":"SKIP","floor":11},{"not_picked":["Sentinel","Feel No Pain"],"picked":"Clothesline","floor":12},{"not_picked":["Heavy Blade","Blood for Blood"],"picked":"Feed","floor":14}],"player_experience":184189,"relics_obtained":[{"floor":9,"key":"Bag of Marbles"},{"floor":11,"key":"Regal Pillow"},{"floor":14,"key":"Boot"}],"event_choices":[{"damage_healed":0,"gold_gain":0,"player_choice":"Ignored","damage_taken":0,"max_hp_gain":0,"max_hp_loss":0,"event_name":"Golden Idol","floor":2,"gold_loss":0},{"damage_healed":0,"gold_gain":75,"player_choice":"Gather Gold","damage_taken":11,"max_hp_gain":0,"max_hp_loss":0,"event_name":"World of Goop","floor":3,"gold_loss":0},{"damage_healed":0,"gold_gain":0,"player_choice":"Success","damage_taken":18,"relics_obtained":["Shuriken"],"max_hp_gain":0,"max_hp_loss":0,"event_name":"Scrap Ooze","floor":13,"gold_loss":0}],"is_beta":false,"boss_relics":[],"items_purged_floors":[7],"is_endless":false,"potions_floor_spawned":[1,14],"killed_by":"Slime Boss","ascension_level":3}