{"gold_per_floor":[116,116,116,133,133,149,184,184,184,196,196,29,42,62,62,159,159,177,100,25,25,25,25,37,37,37,37,50,50,65,65,65,169,169,179,279,295,295,295],"floor_reached":39,"playtime":1667,"items_purged":[],"score":429,"play_id":"bba6232d-0856-4566-95e0-3e93b538fdd8","local_time":"20181224124831","is_ascension_mode":false,"campfire_choices":[{"data":"Zap","floor":15.0,"key":"SMITH"},{"data":"Defragment","floor":23.0,"key":"SMITH"},{"floor":27.0,"key":"REST"},{"data":"Cold Snap","floor":29.0,"key":"SMITH"},{"floor":32.0,"key":"REST"}],"neow_cost":"TEN_PERCENT_HP_LOSS","seed_source_timestamp":0,"circlet_count":0,"master_deck":["Strike_B","Strike_B","Strike_B","Strike_B","Defend_B","Defend_B","Defend_B","Defend_B","Zap+1","Dualcast","Buffer+1","Hyperbeam","Conserve Battery","BootSequence+1","Chaos+1","Enlightenment+1","White Noise+1","Ball Lightning","Leap+1","Amplify+1","White Noise+1","Defragment+1","Necronomicurse","Coolheaded+1","Clumsy","Cold Snap+1","Injury","Echo Form","Self Repair+1"],"special_seed":0,"relics":["Cracked Core","Toxic Egg 2","Bottled Tornado","Kunai","Cursed Key","Necronomicon","Question Card","Happy Flower","Sozu","Calipers"],"potions_floor_usage":[],"damage_taken":[{"damage":0.0,"enemies":"Small Slimes","floor":1.0,"turns":3.0},{"damage":0.0,"enemies":"2 Louse","floor":4.0,"turns":2.0},{"damage":6.0,"enemies":"Jaw Worm","floor":6.0,"turns":2.0},{"damage":6.0,"enemies":"Gremlin Nob","floor":7.0,"turns":5.0},{"damage":0.0,"enemies":"Large Slime","floor":10.0,"turns":5.0},{"damage":0.0,"enemies":"Blue Slaver","floor":13.0,"turns":3.0},{"damage":0.0,"enemies":"2 Fungi Beasts","floor":14.0,"turns":2.0},{"damage":0.0,"enemies":"Slime Boss","floor":16.0,"turns":9.0},{"damage":5.0,"enemies":"3 Byrds","floor":18.0,"turns":4.0},{"damage":0.0,"enemies":"Chosen","floor":24.0,"turns":6.0},{"damage":4.0,"enemies":"Shelled Parasite and Fungi","floor":28.0,"turns":5.0},{"damage":2.0,"enemies":"Cultist and Chosen","floor":30.0,"turns":5.0},{"damage":46.0,"enemies":"Champ","floor":33.0,"turns":16.0},{"damage":19.0,"enemies":"3 Shapes","floor":35.0,"turns":4.0},{"damage":0.0,"enemies":"Mind Bloom Boss Battle","floor":36.0,"turns":4.0},{"damage":0.0,"enemies":"Orb Walker","floor":37.0,"turns":4.0},{"damage":59,"enemies":"Writhing Mass","floor":39,"turns":6}],"seed_played":"-1964491621820225898","potions_obtained":[{"floor":1.0,"key":"SteroidPotion"},{"floor":7.0,"key":"Explosive Potion"},{"floor":10.0,"key":"Dexterity Potion"},{"floor":24.0,"key":"Fire Potion"},{"floor":30.0,"key":"FearPotion"},{"floor":33.0,"key":"Ancient Potion"}],"is_trial":false,"path_per_floor":["M","$","?","M","$","M","E","?","T","M","?","$","M","M","R","B",null,"M","$","?","?","?","R","M","?","T","R","M","R","M","T","R","B",null,"M","?","M","?","M"],"character_chosen":"DEFECT","items_purchased":["Enlightenment+1","White Noise+1","Defragment"],"campfire_rested":2,"item_purchase_floors":[12,12,19],"current_hp_per_floor":[68,68,68,68,68,62,56,56,56,56,49,49,49,49,49,49,68,63,63,63,63,47,47,47,35,35,56,52,52,50,50,71,25,73,54,54,54,54,0],"gold":295,"neow_bonus":"THREE_RARE_CARDS","is_prod":false,"is_daily":false,"chose_seed":false,"campfire_upgraded":3,"win_rate":0,"timestamp":1545652111,"path_taken":["M","$","?","M","$","M","E","?","T","M","?","$","M","M","R","BOSS","M","$","?","?","?","R","?","?","T","R","M","R","M","?","R","BOSS","M","?","M","?","M"],"build_version":"2018-12-20","purchased_purges":0,"victory":false,"max_hp_per_floor":[68,68,68,68,68,68,68,68,68,68,68,68,68,68,68,68,68,68,68,68,68,68,68,68,73,73,73,73,73,73,73,73,73,73,73,73,73,73,73],"card_choices":[{"not_picked":["Biased Cognition","Multi-Cast"],"picked":"Buffer","floor":0.0},{"not_picked":["Streamline","Conserve Battery"],"picked":"Gash","floor":1.0},{"not_picked":["Ball Lightning","Defragment"],"picked":"Hyperbeam","floor":4.0},{"not_picked":["Static Discharge","Lockon"],"picked":"Conserve Battery","floor":6.0},{"not_picked":["Glacier","Tempest"],"picked":"BootSequence","floor":7.0},{"not_picked":["Static Discharge","Compile Driver"],"picked":"Chaos+1","floor":10.0},{"not_picked":["Turbo+1","Compile Driver"],"picked":"Ball Lightning","floor":13.0},{"not_picked":["Beam Cell","Compile Driver"],"picked":"Leap+1","floor":14.0},{"not_picked":["Thunder Strike","Fission+1"],"picked":"Amplify+1","floor":16.0},{"not_picked":["Redo+1","Ball Lightning"],"picked":"White Noise+1","floor":18.0},{"not_picked":["Streamline","Compile Driver"],"picked":"Coolheaded+1","floor":24.0},{"not_picked":["Recycle+1","Rebound","Steam+1"],"picked":"Cold Snap","floor":28.0},{"not_picked":["Force Field+1","Reinforced Body+1","Chaos+1","BootSequence+1"],"picked":"SKIP","floor":30.0},{"not_picked":["All For One","Hyperbeam","Reboot+1"],"picked":"Echo Form","floor":33.0},{"not_picked":["Rebound","Redo+1","Barrage+1","Undo+1"],"picked":"SKIP","floor":35.0},{"not_picked":["Steam+1","Compile Driver+1","Glacier+1"],"picked":"Self Repair+1","floor":37.0}],"player_experience":214997,"relics_obtained":[{"floor":7.0,"key":"Toxic Egg 2"},{"floor":9.0,"key":"Bottled Tornado"},{"floor":22.0,"key":"Necronomicon"},{"floor":26.0,"key":"Question Card"},{"floor":31.0,"key":"Happy Flower"},{"floor":36.0,"key":"Calipers"}],"event_choices":[{"damage_healed":0.0,"max_hp_gain":0.0,"max_hp_loss":0.0,"gold_gain":0.0,"event_name":"Living Wall","player_choice":"Grow","floor":3.0,"gold_loss":0.0,"damage_taken":0.0,"cards_upgraded":["Buffer"]},{"damage_healed":0.0,"max_hp_gain":0.0,"max_hp_loss":0.0,"gold_gain":0.0,"event_name":"Liars Game","player_choice":"Ignored","floor":8.0,"gold_loss":0.0,"damage_taken":0.0},{"damage_healed":0.0,"max_hp_gain":0.0,"max_hp_loss":0.0,"gold_gain":0.0,"event_name":"Scrap Ooze","player_choice":"Success","floor":11.0,"gold_loss":0.0,"damage_taken":7.0,"relics_obtained":["Kunai"]},{"cards_removed":["Gash"],"damage_healed":0.0,"max_hp_gain":0.0,"max_hp_loss":0.0,"gold_gain":0.0,"event_name":"Beggar","player_choice":"Gave Gold","floor":20.0,"gold_loss":75.0,"damage_taken":0.0},{"damage_healed":0.0,"max_hp_gain":0.0,"max_hp_loss":0.0,"gold_gain":0.0,"event_name":"Ghosts","player_choice":"Ignored","floor":21.0,"gold_loss":0.0,"damage_taken":0.0},{"damage_healed":0.0,"max_hp_gain":0.0,"max_hp_loss":0.0,"gold_gain":0.0,"event_name":"Cursed Tome","player_choice":"Obtained Book","floor":22.0,"gold_loss":0.0,"damage_taken":16.0},{"damage_healed":0.0,"max_hp_gain":5.0,"max_hp_loss":0.0,"gold_gain":0.0,"event_name":"Forgotten Altar","player_choice":"Shed Blood","floor":25.0,"gold_loss":0.0,"damage_taken":17.0},{"damage_healed":0.0,"max_hp_gain":0.0,"max_hp_loss":0.0,"gold_gain":0.0,"event_name":"MindBloom","player_choice":"Fight","floor":36.0,"gold_loss":0.0,"damage_taken":0.0},{"damage_healed":0.0,"max_hp_gain":0.0,"max_hp_loss":0.0,"gold_gain":0.0,"event_name":"Tomb of Lord Red Mask","player_choice":"Ignored","floor":38.0,"gold_loss":0.0,"damage_taken":0.0}],"is_beta":false,"boss_relics":[{"not_picked":["FrozenCore","Orrery"],"picked":"Cursed Key"},{"not_picked":["Tiny House","Coffee Dripper"],"picked":"Sozu"}],"items_purged_floors":[],"is_endless":false,"potions_floor_spawned":[1,7,10,24,30,33,35],"killed_by":"Writhing Mass","ascension_level":0}