{"gold_per_floor":[111,124,134,23,38,38,38,38,38,57,69,86,113,130,130,228,228,228,228,228,228,228,228,71,71,71,71,71,71,71,71,71,71,71,71,71,71,71,71,71,71,71,71,71,71,71,71,71,71,71],"floor_reached":51,"playtime":2178,"items_purged":["Strike_B"],"score":782,"play_id":"9f537844-966f-4109-8a68-01a50d39eab2","local_time":"20190112121601","is_ascension_mode":true,"campfire_choices":[{"data":"Storm","floor":6,"key":"SMITH"},{"data":"Go for the Eyes","floor":8,"key":"SMITH"},{"data":"Machine Learning","floor":15,"key":"SMITH"},{"floor":25,"key":"REST"},{"data":"Melter","floor":27,"key":"SMITH"},{"data":"Double Energy","floor":29,"key":"SMITH"},{"floor":32,"key":"REST"},{"data":"Coolheaded","floor":40,"key":"SMITH"},{"floor":46,"key":"REST"},{"data":"Hologram","floor":49,"key":"SMITH"}],"neow_cost":"NONE","seed_source_timestamp":2777635200659,"circlet_count":0,"master_deck":["Strike_B","Strike_B","Defend_B","Defend_B","Defend_B","Defend_B","Zap","Dualcast","Melter+1","Hologram+1","Coolheaded+1","Storm+1","Go for the Eyes+1","Machine Learning+1","Hello World+1","Defragment+1","Creative AI+1","Double Energy+1","Loop+1","BootSequence+1","Capacitor+1","Creative AI+1","Undo+1","Conserve Battery+1","Secret Weapon","Aggregate+1","Steam+1"],"relics":["FrozenCore","Bronze Scales","Frozen Egg 2","Ectoplasm","Strawberry","Regal Pillow","Bottled Flame","Blood Vial","Emotion Chip","Torii","Girya","DataDisk","Question Card"],"potions_floor_usage":[23,37,45,45,45,50],"damage_taken":[{"damage":1,"enemies":"Jaw Worm","floor":1,"turns":3},{"damage":0,"enemies":"Small Slimes","floor":2,"turns":2},{"damage":2,"enemies":"2 Louse","floor":3,"turns":2},{"damage":8,"enemies":"Exordium Wildlife","floor":5,"turns":6},{"damage":0,"enemies":"Large Slime","floor":10,"turns":7},{"damage":2,"enemies":"Looter","floor":11,"turns":3},{"damage":7,"enemies":"2 Fungi Beasts","floor":12,"turns":4},{"damage":10,"enemies":"Lagavulin","floor":13,"turns":6},{"damage":5,"enemies":"Exordium Thugs","floor":14,"turns":3},{"damage":11,"enemies":"The Guardian","floor":16,"turns":9},{"damage":13,"enemies":"Shell Parasite","floor":18,"turns":4},{"damage":5,"enemies":"Chosen","floor":20,"turns":4},{"damage":12,"enemies":"Snake Plant","floor":22,"turns":3},{"damage":9,"enemies":"Gremlin Leader","floor":23,"turns":6},{"damage":16,"enemies":"Book of Stabbing","floor":28,"turns":4},{"damage":23,"enemies":"Shelled Parasite and Fungi","floor":30,"turns":4},{"damage":4,"enemies":"Champ","floor":33,"turns":8},{"damage":3,"enemies":"Orb Walker","floor":35,"turns":4},{"damage":70,"enemies":"2 Orb Walkers","floor":36,"turns":5},{"damage":15,"enemies":"3 Shapes","floor":37,"turns":4},{"damage":5,"enemies":"Mind Bloom Boss Battle","floor":41,"turns":5},{"damage":12,"enemies":"Giant Head","floor":42,"turns":8},{"damage":17,"enemies":"Spire Growth","floor":44,"turns":5},{"damage":2,"enemies":"Reptomancer","floor":45,"turns":5},{"damage":6,"enemies":"3 Darklings","floor":48,"turns":5},{"damage":10,"enemies":"Donu and Deca","floor":50,"turns":9}],"seed_played":"-7759000342274136752","potions_obtained":[{"floor":10,"key":"Fire Potion"},{"floor":11,"key":"AttackPotion"},{"floor":13,"key":"Fire Potion"},{"floor":23,"key":"Energy Potion"},{"floor":36,"key":"Regen Potion"},{"floor":42,"key":"Explosive Potion"},{"floor":45,"key":"Fruit Juice"}],"is_trial":false,"path_per_floor":["M","M","M","$","M","R","?","R","T","M","M","M","E","M","R","B",null,"M","?","M","?","M","E","$","R","T","R","E","R","M","?","R","B",null,"M","?","M","?","?","R","?","E","T","M","E","R","?","M","R","B",null],"character_chosen":"DEFECT","items_purchased":["Storm","Regal Pillow"],"campfire_rested":3,"item_purchase_floors":[4,24],"current_hp_per_floor":[81,81,79,79,71,71,76,76,76,76,74,67,57,52,52,41,87,74,74,69,69,57,55,55,94,94,94,78,78,57,57,94,90,94,91,23,22,22,82,82,77,67,67,52,57,87,87,81,81,73],"gold":71,"neow_bonus":"TEN_PERCENT_HP_BONUS","is_prod":false,"is_daily":false,"chose_seed":false,"campfire_upgraded":7,"win_rate":0,"timestamp":1547291761,"path_taken":["M","M","M","$","M","R","?","R","T","M","M","M","E","M","R","BOSS","M","?","M","?","M","E","$","R","T","R","E","R","M","?","R","BOSS","M","?","M","?","?","R","?","E","T","?","E","R","?","M","R","BOSS"],"build_version":"2019-01-10","purchased_purges":1,"victory":true,"max_hp_per_floor":[82,82,82,82,82,82,87,87,87,87,87,87,87,87,87,87,87,87,87,87,87,87,94,94,94,94,94,94,94,94,94,94,94,94,94,94,94,94,82,82,82,82,82,82,87,87,87,87,87,87],"card_choices":[{"not_picked":["Rebound","Turbo"],"picked":"Melter","floor":1},{"not_picked":["FTL","Gash"],"picked":"Hologram","floor":2},{"not_picked":["Cold Snap","Double Energy"],"picked":"Coolheaded","floor":3},{"not_picked":["Ball Lightning","Fusion"],"picked":"Go for the Eyes","floor":5},{"not_picked":["Leap","Recycle"],"picked":"Machine Learning","floor":10},{"not_picked":["Sweeping Beam","Coolheaded","Compile Driver"],"picked":"SKIP","floor":11},{"not_picked":["Consume","Redo","Darkness"],"picked":"SKIP","floor":12},{"not_picked":["Compile Driver","Barrage"],"picked":"Hello World","floor":13},{"not_picked":["Rebound","Ball Lightning"],"picked":"Defragment+1","floor":14},{"not_picked":["Buffer+1","Biased Cognition+1"],"picked":"Creative AI+1","floor":16},{"not_picked":["Sweeping Beam","Stack"],"picked":"Double Energy","floor":18},{"not_picked":["Conserve Battery","Turbo"],"picked":"BootSequence+1","floor":20},{"not_picked":["Rebound","Fusion","Turbo"],"picked":"SKIP","floor":22},{"not_picked":["Rebound+1","Chill","Conserve Battery+1"],"picked":"SKIP","floor":23},{"not_picked":["Leap","Fusion+1"],"picked":"Capacitor+1","floor":28},{"not_picked":["Streamline+1","Chill","Ball Lightning"],"picked":"SKIP","floor":30},{"not_picked":["Meteor Strike","Biased Cognition+1"],"picked":"Creative AI+1","floor":33},{"not_picked":["Sunder","Hologram+1","Reprogram+1"],"picked":"SKIP","floor":35},{"not_picked":["Storm+1","Reinforced Body+1"],"picked":"Undo+1","floor":36},{"not_picked":["White Noise","Steam+1"],"picked":"Conserve Battery+1","floor":37},{"not_picked":["Bandage Up","Deep Breath"],"picked":"Secret Weapon","floor":38},{"not_picked":["Coolheaded","Barrage+1"],"picked":"Aggregate+1","floor":42},{"not_picked":["Ball Lightning","Multi-Cast","Sweeping Beam"],"picked":"SKIP","floor":44},{"not_picked":["Compile Driver+1","Consume+1"],"picked":"Steam+1","floor":45},{"not_picked":["Streamline+1","Barrage","Force Field","Undo+1"],"picked":"SKIP","floor":48}],"player_experience":192159,"relics_obtained":[{"floor":9,"key":"Bronze Scales"},{"floor":13,"key":"Frozen Egg 2"},{"floor":23,"key":"Strawberry"},{"floor":26,"key":"Bottled Flame"},{"floor":28,"key":"Blood Vial"},{"floor":36,"key":"Emotion Chip"},{"floor":41,"key":"Torii"},{"floor":42,"key":"Girya"},{"floor":43,"key":"DataDisk"},{"floor":45,"key":"Question Card"}],"event_choices":[{"damage_healed":0,"gold_gain":0,"player_choice":"Donut","damage_taken":0,"max_hp_gain":5,"max_hp_loss":0,"event_name":"Big Fish","floor":7,"gold_loss":0},{"damage_healed":0,"gold_gain":0,"player_choice":"Read","damage_taken":0,"max_hp_gain":0,"max_hp_loss":0,"event_name":"The Library","floor":19,"gold_loss":0,"cards_obtained":["Loop"]},{"damage_healed":0,"gold_gain":99,"player_choice":"Stole From Cult","damage_taken":0,"max_hp_gain":0,"max_hp_loss":0,"event_name":"Nest","floor":21,"gold_loss":0},{"damage_healed":0,"gold_gain":0,"player_choice":"Ignored","damage_taken":0,"max_hp_gain":0,"max_hp_loss":0,"event_name":"Beggar","floor":31,"gold_loss":0},{"damage_healed":0,"gold_gain":0,"player_choice":"Fight","damage_taken":0,"max_hp_gain":0,"max_hp_loss":0,"event_name":"Mysterious Sphere","floor":36,"gold_loss":0},{"damage_healed":0,"gold_gain":0,"player_choice":"Memory 1","damage_taken":0,"max_hp_gain":0,"max_hp_loss":0,"event_name":"SensoryStone","floor":38,"gold_loss":0},{"damage_healed":82,"gold_gain":0,"player_choice":"Heal","damage_taken":0,"max_hp_gain":0,"max_hp_loss":12,"event_name":"The Moai Head","floor":39,"gold_loss":0},{"damage_healed":0,"gold_gain":0,"player_choice":"Fight","damage_taken":0,"max_hp_gain":0,"max_hp_loss":0,"event_name":"MindBloom","floor":41,"gold_loss":0},{"cards_removed":["Strike_B"],"damage_healed":0,"gold_gain":0,"player_choice":"Removed Attack","damage_taken":0,"max_hp_gain":0,"max_hp_loss":0,"event_name":"Falling","floor":47,"gold_loss":0}],"is_beta":false,"boss_relics":[{"not_picked":["Pandora\u0027s Box","Calling Bell"],"picked":"Ectoplasm"},{"not_picked":["Coffee Dripper","Orrery"],"picked":"FrozenCore"}],"items_purged_floors":[4],"is_endless":false,"potions_floor_spawned":[10,11,13,20,23,28,30,36,42,45],"ascension_level":1}