{"gold_per_floor":[116,134,134,58,58,85,98,175,201,201,231,247,247,272,272,272],"floor_reached":16,"playtime":666,"items_purged":[],"score":140,"play_id":"35e6ce07-61e8-4d98-8825-ee42a12899a5","local_time":"20190102210207","is_ascension_mode":true,"campfire_choices":[{"floor":10.0,"key":"REST"},{"data":"Terror","floor":13.0,"key":"SMITH"},{"data":"Noxious Fumes","floor":15.0,"key":"SMITH"}],"neow_cost":"CURSE","seed_source_timestamp":2236845882172475,"circlet_count":0,"master_deck":["Defend_G","Defend_G","Defend_G+1","Defend_G","Defend_G+1","Strike_G","Strike_G","Strike_G","Strike_G","Strike_G","Survivor","Neutralize","Injury","Bullet Time","Blur","Skewer+1","Terror+1","Finisher","Noxious Fumes+1","Escape Plan","Caltrops"],"special_seed":0,"relics":["Ring of the Snake","Bag of Marbles","Oddly Smooth Stone","Mummified Hand"],"potions_floor_usage":[],"damage_taken":[{"damage":1.0,"enemies":"Small Slimes","floor":1.0,"turns":4.0},{"damage":1.0,"enemies":"2 Louse","floor":2.0,"turns":3.0},{"damage":39.0,"enemies":"Gremlin Nob","floor":6.0,"turns":5.0},{"damage":0.0,"enemies":"Jaw Worm","floor":7.0,"turns":3.0},{"damage":0.0,"enemies":"Large Slime","floor":12.0,"turns":5.0},{"damage":12.0,"enemies":"Lagavulin","floor":14.0,"turns":8.0},{"damage":21,"enemies":"The Guardian","floor":16,"turns":2}],"seed_played":"-2715689705981913097","potions_obtained":[{"floor":1.0,"key":"Swift Potion"},{"floor":6.0,"key":"Fire Potion"}],"is_trial":false,"path_per_floor":["M","M","?","$","?","E","M","?","T","R","?","M","R","E","R","B"],"character_chosen":"THE_SILENT","items_purchased":["Terror"],"campfire_rested":1,"item_purchase_floors":[4],"current_hp_per_floor":[62,61,61,61,47,8,8,8,8,29,29,29,29,17,17,0],"gold":272,"neow_bonus":"THREE_RARE_CARDS","is_prod":false,"is_daily":false,"chose_seed":false,"campfire_upgraded":2,"win_rate":0,"timestamp":1546459327,"path_taken":["M","M","?","$","?","E","M","?","T","R","?","M","R","E","R","BOSS"],"build_version":"2018-12-20","purchased_purges":0,"victory":false,"max_hp_per_floor":[70,70,70,70,70,70,70,70,70,70,70,70,70,70,70,70],"card_choices":[{"not_picked":["Glass Knife","Unload"],"picked":"Bullet Time","floor":0.0},{"not_picked":["Sucker Punch","Deadly Poison"],"picked":"Blur","floor":1.0},{"not_picked":["Deflect","Deadly Poison"],"picked":"Skewer","floor":2.0},{"not_picked":["Dagger Throw","Phantasmal Killer"],"picked":"Finisher","floor":6.0},{"not_picked":["Quick Slash","Bane"],"picked":"Noxious Fumes","floor":7.0},{"not_picked":["Underhanded Strike","Backflip"],"picked":"Escape Plan","floor":12.0},{"not_picked":["Distraction","Deadly Poison"],"picked":"Caltrops","floor":14.0}],"player_experience":666538,"relics_obtained":[{"floor":6.0,"key":"Bag of Marbles"},{"floor":9.0,"key":"Oddly Smooth Stone"},{"floor":14.0,"key":"Mummified Hand"}],"event_choices":[{"damage_healed":0.0,"max_hp_gain":0.0,"max_hp_loss":0.0,"gold_gain":0.0,"event_name":"Living Wall","player_choice":"Grow","floor":3.0,"gold_loss":0.0,"damage_taken":0.0,"cards_upgraded":["Skewer"]},{"damage_healed":0.0,"max_hp_gain":0.0,"max_hp_loss":0.0,"gold_gain":0.0,"event_name":"Shining Light","player_choice":"Entered Light","floor":5.0,"gold_loss":0.0,"damage_taken":14.0,"cards_upgraded":["Defend_G","Defend_G"]},{"damage_healed":0.0,"max_hp_gain":0.0,"max_hp_loss":0.0,"gold_gain":77.0,"event_name":"Golden Wing","player_choice":"Gained Gold","floor":8.0,"gold_loss":0.0,"damage_taken":0.0},{"damage_healed":0.0,"max_hp_gain":0.0,"max_hp_loss":0.0,"gold_gain":30.0,"event_name":"Dead Adventurer","player_choice":"Searched \u00272\u0027 times","floor":11.0,"gold_loss":0.0,"damage_taken":0.0},{"damage_healed":0.0,"max_hp_gain":0.0,"max_hp_loss":0.0,"gold_gain":30.0,"event_name":"Dead Adventurer","player_choice":"Searched \u00272\u0027 times","floor":11.0,"gold_loss":0.0,"damage_taken":0.0}],"is_beta":false,"boss_relics":[],"items_purged_floors":[],"is_endless":false,"potions_floor_spawned":[1,6],"killed_by":"The Guardian","ascension_level":6}