{"gold_per_floor":[119,135,151,151,161,161,188,200,254,281,294,369,172,172,172,172],"floor_reached":16,"playtime":1058,"items_purged":["Defend_B"],"score":118,"play_id":"c0a2afb8-6e68-4366-9869-495c66c72b7f","local_time":"20181226134622","is_ascension_mode":true,"campfire_choices":[{"data":"Defend_B","floor":6,"key":"SMITH"},{"data":"Conserve Battery","floor":15,"key":"SMITH"}],"neow_cost":"NONE","seed_source_timestamp":399929686969259,"circlet_count":0,"master_deck":["Strike_B","Strike_B","Strike_B","Strike_B","Defend_B+1","Defend_B+1","Defend_B","Zap+1","Dualcast","Steam","Force Field","Storm","Buffer","Ball Lightning","Conserve Battery+1","Coolheaded","Conserve Battery+1","FTL"],"relics":["Cracked Core","NeowsBlessing","Blood Vial","Bottled Flame"],"potions_floor_usage":[7,16],"damage_taken":[{"damage":0,"enemies":"Small Slimes","floor":1,"turns":1},{"damage":0,"enemies":"Jaw Worm","floor":2,"turns":1},{"damage":0,"enemies":"2 Louse","floor":3,"turns":1},{"damage":12,"enemies":"Exordium Wildlife","floor":5,"turns":5},{"damage":10,"enemies":"Lagavulin","floor":7,"turns":10},{"damage":0,"enemies":"Large Slime","floor":8,"turns":7},{"damage":32,"enemies":"Gremlin Nob","floor":10,"turns":5},{"damage":0,"enemies":"Blue Slaver","floor":11,"turns":3},{"damage":5,"enemies":"Slime Boss","floor":16,"turns":5}],"seed_played":"-1103172317629247940","potions_obtained":[{"floor":2,"key":"Dexterity Potion"},{"floor":3,"key":"SpeedPotion"},{"floor":8,"key":"SteroidPotion"},{"floor":10,"key":"Ancient Potion"}],"is_trial":false,"path_per_floor":["M","M","M","?","M","R","E","M","T","E","M","?","$","?","R","B"],"character_chosen":"DEFECT","items_purchased":["Conserve Battery","FTL"],"campfire_rested":0,"item_purchase_floors":[13,13],"current_hp_per_floor":[75,75,75,60,48,48,38,40,40,10,12,1,1,1,1,0],"gold":172,"neow_bonus":"THREE_ENEMY_KILL","is_prod":false,"is_daily":false,"chose_seed":false,"campfire_upgraded":2,"win_rate":0,"timestamp":1545844582,"path_taken":["M","M","M","?","M","R","E","M","T","E","M","?","?","?","R","BOSS"],"build_version":"2018-12-20","purchased_purges":1,"victory":false,"max_hp_per_floor":[75,75,75,75,75,75,75,75,75,75,75,75,75,75,75,75],"card_choices":[{"not_picked":["Go for the Eyes","Rip and Tear"],"picked":"Steam","floor":1},{"not_picked":["Steam","Stack"],"picked":"Force Field","floor":2},{"not_picked":["Barrage","FTL"],"picked":"Storm","floor":3},{"not_picked":["Barrage","Darkness","Sunder"],"picked":"SKIP","floor":5},{"not_picked":["Sunder","Gash"],"picked":"Buffer","floor":7},{"not_picked":["Beam Cell","Go for the Eyes"],"picked":"Ball Lightning","floor":8},{"not_picked":["Leap","Steam Power"],"picked":"Conserve Battery","floor":10},{"not_picked":["Barrage","Redo"],"picked":"Coolheaded","floor":11}],"player_experience":42310,"relics_obtained":[{"floor":7,"key":"Blood Vial"},{"floor":10,"key":"Bottled Flame"}],"event_choices":[{"damage_healed":0,"gold_gain":0,"player_choice":"Entered Light","damage_taken":15,"max_hp_gain":0,"max_hp_loss":0,"event_name":"Shining Light","floor":4,"gold_loss":0,"cards_upgraded":["Zap","Defend_B"]},{"damage_healed":0,"gold_gain":75,"player_choice":"Gather Gold","damage_taken":11,"max_hp_gain":0,"max_hp_loss":0,"event_name":"World of Goop","floor":12,"gold_loss":0},{"damage_healed":0,"gold_gain":0,"player_choice":"Grow","damage_taken":0,"max_hp_gain":0,"max_hp_loss":0,"event_name":"Living Wall","floor":14,"gold_loss":0,"cards_upgraded":["Conserve Battery"]}],"is_beta":false,"boss_relics":[],"items_purged_floors":[13],"is_endless":false,"potions_floor_spawned":[2,3,8,10],"killed_by":"Slime Boss","ascension_level":1}