{"gold_per_floor":[113,213,233,249,262,262,289,303,330,364,376,22,39,68,68,171,171,189,189,189,201,9,41,41,41,91,124,142,142,152,163,163,265,265,285,302,302,318,330,330,362,61,109,120,137,189,189,204,204,204],"floor_reached":51,"playtime":2075,"items_purged":["Strike_R","Parasite"],"score":1311,"play_id":"994cb437-8e73-409f-b9a3-4f25e659e720","local_time":"20190201220612","is_ascension_mode":true,"campfire_choices":[{"floor":6,"key":"REST"},{"floor":11,"key":"REST"},{"data":"Disarm","floor":15,"key":"SMITH"},{"data":"Barricade","floor":25,"key":"SMITH"},{"floor":29,"key":"REST"},{"floor":32,"key":"REST"},{"floor":40,"key":"RECALL"},{"floor":49,"key":"REST"}],"neow_cost":"NONE","seed_source_timestamp":108055256966500,"circlet_count":0,"master_deck":["AscendersBane","Strike_R","Strike_R","Strike_R","Strike_R","Defend_R","Defend_R","Defend_R+1","Bash","Carnage","Clothesline","Cleave","Disarm+1","Pummel","Shockwave","Metallicize","Thunderclap","Clash","Barricade+1","Iron Wave","Entrench+1","Shrug It Off","Heavy Blade+1","Whirlwind","Sword Boomerang+1","Shrug It Off","Reaper","Headbutt+1","Heavy Blade+1","Heavy Blade+1","Impervious","Heavy Blade+1","Shrug It Off"],"relics":["Burning Blood","Paper Frog","Orichalcum","MawBank","FossilizedHelix","Ancient Tea Set","Runic Dome","Brimstone","Self Forming Clay","War Paint","Pear","Fusion Hammer","Bronze Scales","DollysMirror","Smiling Mask","Gambling Chip"],"potions_floor_usage":[5,10,16,27,33,50,50],"damage_taken":[{"damage":11,"enemies":"Jaw Worm","floor":1,"turns":4},{"damage":1,"enemies":"Cultist","floor":3,"turns":3},{"damage":19,"enemies":"Small Slimes","floor":4,"turns":3},{"damage":42,"enemies":"Exordium Thugs","floor":5,"turns":6},{"damage":50,"enemies":"3 Sentries","floor":7,"turns":9},{"damage":4,"enemies":"3 Louse","floor":8,"turns":4},{"damage":8,"enemies":"Gremlin Nob","floor":10,"turns":3},{"damage":1,"enemies":"Blue Slaver","floor":13,"turns":4},{"damage":8,"enemies":"Lagavulin","floor":14,"turns":9},{"damage":5,"enemies":"The Guardian","floor":16,"turns":10},{"damage":16,"enemies":"2 Thieves","floor":18,"turns":3},{"damage":11,"enemies":"Spheric Guardian","floor":21,"turns":4},{"damage":26,"enemies":"Gremlin Leader","floor":23,"turns":5},{"damage":45,"enemies":"Slavers","floor":27,"turns":4},{"damage":18,"enemies":"Snake Plant","floor":28,"turns":2},{"damage":0,"enemies":"Cultist and Chosen","floor":30,"turns":4},{"damage":13,"enemies":"Centurion and Healer","floor":31,"turns":4},{"damage":40,"enemies":"Collector","floor":33,"turns":6},{"damage":8,"enemies":"3 Shapes","floor":35,"turns":3},{"damage":0,"enemies":"Orb Walker","floor":36,"turns":3},{"damage":0,"enemies":"Spire Growth","floor":38,"turns":3},{"damage":15,"enemies":"Writhing Mass","floor":39,"turns":4},{"damage":0,"enemies":"Nemesis","floor":41,"turns":5},{"damage":21,"enemies":"3 Darklings","floor":44,"turns":3},{"damage":12,"enemies":"Maw","floor":45,"turns":6},{"damage":0,"enemies":"2 Orb Walkers","floor":46,"turns":4},{"damage":34,"enemies":"Jaw Worm Horde","floor":48,"turns":4},{"damage":34,"enemies":"Time Eater","floor":50,"turns":8}],"seed_played":"6804615810981636541","potions_obtained":[{"floor":3,"key":"FearPotion"},{"floor":7,"key":"FearPotion"},{"floor":10,"key":"Block Potion"},{"floor":14,"key":"SpeedPotion"},{"floor":21,"key":"Weak Potion"},{"floor":23,"key":"Block Potion"},{"floor":30,"key":"Dexterity Potion"},{"floor":31,"key":"Regen Potion"},{"floor":35,"key":"Fire Potion"},{"floor":41,"key":"Dexterity Potion"}],"is_trial":false,"path_per_floor":["M","?","M","M","M","R","E","M","T","E","R","$","M","E","R","B",null,"M","$","?","M","$","E","?","R","T","E","M","R","M","M","R","B",null,"M","M","?","M","M","R","E","$","T","M","M","?","?","M","R","B",null],"character_chosen":"IRONCLAD","items_purchased":["FossilizedHelix","Brimstone","DollysMirror"],"campfire_rested":5,"item_purchase_floors":[12,22,42],"current_hp_per_floor":[75,75,80,67,31,57,13,15,15,13,39,39,44,42,42,43,77,67,67,67,62,62,42,71,71,71,42,30,59,65,58,87,65,90,88,94,94,98,89,89,95,95,95,80,88,94,94,66,94,66],"gold":204,"neow_bonus":"TEN_PERCENT_HP_BONUS","is_prod":false,"is_daily":false,"chose_seed":false,"campfire_upgraded":2,"win_rate":0,"timestamp":1549058772,"path_taken":["M","?","M","M","?","R","E","M","T","E","R","?","?","E","R","BOSS","M","$","?","?","$","E","?","R","T","E","M","R","M","M","R","BOSS","M","M","?","M","M","R","E","$","T","M","M","?","?","M","R","BOSS"],"build_version":"2019-01-23","purchased_purges":2,"victory":true,"max_hp_per_floor":[88,88,88,88,88,88,88,88,88,88,88,88,88,88,88,88,88,88,88,88,88,88,88,88,88,88,98,98,98,98,98,98,98,98,98,98,98,98,98,98,98,95,95,95,95,95,95,95,95,95],"card_choices":[{"not_picked":["Armaments","Havoc"],"picked":"Carnage","floor":1},{"not_picked":["Twin Strike","Flex"],"picked":"Clothesline","floor":3},{"not_picked":["Body Slam","Inflame"],"picked":"Cleave","floor":4},{"not_picked":["Reckless Charge","Hemokinesis"],"picked":"Disarm","floor":5},{"not_picked":["Sword Boomerang","Wild Strike"],"picked":"Pummel","floor":7},{"not_picked":["Searing Blow","Perfected Strike"],"picked":"Shockwave","floor":8},{"not_picked":["Body Slam","Rupture"],"picked":"Metallicize","floor":10},{"not_picked":["Dual Wield","Twin Strike"],"picked":"Thunderclap","floor":13},{"not_picked":["Flex","Juggernaut"],"picked":"Clash","floor":14},{"not_picked":["Dark Embrace","Fiend Fire"],"picked":"Barricade","floor":16},{"not_picked":["Flex","Twin Strike"],"picked":"Iron Wave","floor":18},{"not_picked":["Sword Boomerang","Fire Breathing"],"picked":"Entrench","floor":21},{"not_picked":["Sword Boomerang","Armaments"],"picked":"Shrug It Off","floor":23},{"not_picked":["Havoc","Feel No Pain"],"picked":"Heavy Blade+1","floor":27},{"not_picked":["Havoc","Perfected Strike"],"picked":"Whirlwind","floor":28},{"not_picked":["Headbutt","Anger"],"picked":"Sword Boomerang+1","floor":30},{"not_picked":["Bloodletting","Demon Form"],"picked":"Shrug It Off","floor":31},{"not_picked":["Double Tap","Exhume"],"picked":"Reaper","floor":33},{"not_picked":["Wild Strike","Flex","Perfected Strike"],"picked":"SKIP","floor":35},{"not_picked":["Intimidate","Reckless Charge","Searing Blow"],"picked":"SKIP","floor":36},{"not_picked":["Reckless Charge","Wild Strike"],"picked":"Headbutt+1","floor":38},{"not_picked":["Feel No Pain","Reckless Charge"],"picked":"Heavy Blade+1","floor":39},{"not_picked":["Uppercut","Cleave+1","Clothesline"],"picked":"SKIP","floor":41},{"not_picked":["Thunderclap","Cleave+1"],"picked":"Impervious","floor":44},{"not_picked":["True Grit","Havoc","Second Wind+1"],"picked":"SKIP","floor":45},{"not_picked":["Warcry","Dual Wield"],"picked":"Shrug It Off","floor":48}],"player_experience":198681,"relics_obtained":[{"floor":7,"key":"Paper Frog"},{"floor":9,"key":"Orichalcum"},{"floor":10,"key":"MawBank"},{"floor":14,"key":"Ancient Tea Set"},{"floor":23,"key":"Self Forming Clay"},{"floor":26,"key":"War Paint"},{"floor":27,"key":"Pear"},{"floor":41,"key":"Bronze Scales"},{"floor":43,"key":"Smiling Mask"},{"floor":46,"key":"Gambling Chip"}],"event_choices":[{"damage_healed":0,"gold_gain":100,"player_choice":"Pray","damage_taken":0,"max_hp_gain":0,"max_hp_loss":0,"event_name":"Golden Shrine","floor":2,"gold_loss":0},{"damage_healed":0,"gold_gain":0,"player_choice":"Ignored","damage_taken":0,"max_hp_gain":0,"max_hp_loss":0,"event_name":"N\u0027loth","floor":20,"gold_loss":0},{"damage_healed":29,"gold_gain":0,"player_choice":"Heal","damage_taken":0,"max_hp_gain":0,"max_hp_loss":0,"event_name":"The Library","floor":24,"gold_loss":0},{"cards_removed":["Defend_R"],"damage_healed":0,"gold_gain":0,"player_choice":"Removed Skill","damage_taken":0,"max_hp_gain":0,"max_hp_loss":0,"event_name":"Falling","floor":37,"gold_loss":0},{"damage_healed":0,"gold_gain":0,"player_choice":"Fight","damage_taken":0,"max_hp_gain":0,"max_hp_loss":0,"event_name":"Mysterious Sphere","floor":46,"gold_loss":0},{"damage_healed":0,"gold_gain":0,"player_choice":"Copied","damage_taken":0,"max_hp_gain":0,"max_hp_loss":0,"event_name":"Duplicator","floor":47,"gold_loss":0,"cards_obtained":["Heavy Blade"]}],"is_beta":false,"boss_relics":[{"not_picked":["Pandora\u0027s Box","Calling Bell"],"picked":"Runic Dome"},{"not_picked":["Runic Cube","Runic Pyramid"],"picked":"Fusion Hammer"}],"items_purged_floors":[12,42],"is_endless":false,"potions_floor_spawned":[3,7,10,14,21,23,30,31,35,36,39,41,48],"ascension_level":12}