{"gold_per_floor":[217,217,137,154,154,186,186,186,209,221,250,250,250,263,263,358,358,370,382,482,233,249,279,296,327,327,339,362,374,386,398,410,422],"floor_reached":33,"playtime":1189,"items_purged":[],"score":435,"play_id":"7dddbc06-8d47-4721-bbe7-484e96690e8f","local_time":"20181229124656","is_ascension_mode":true,"campfire_choices":[{"data":"Carnage","floor":8.0,"key":"SMITH"},{"data":"Shockwave","floor":15.0,"key":"SMITH"},{"floor":27,"key":"REST"},{"floor":29,"key":"DIG"},{"floor":32,"key":"DIG"}],"neow_cost":"NONE","seed_source_timestamp":697025240012403,"circlet_count":0,"master_deck":["Strike_R","Strike_R","Strike_R","Strike_R+1","Strike_R","Defend_R+1","Defend_R","Defend_R","Defend_R","Bash","Evolve","Spot Weakness+1","Armaments+1","Carnage+1","Twin Strike","Fiend Fire","Shockwave+1","Feed","Flame Barrier","Disarm+1","Twin Strike","Ghostly","Ghostly","Ghostly","Ghostly","Ghostly"],"special_seed":0,"relics":["Burning Blood","Smiling Mask","Juzu Bracelet","Red Skull","Shovel","Runic Pyramid","Pen Nib","Pantograph","MawBank","Strawberry","MutagenicStrength","Lantern"],"potions_floor_usage":[25,25,33,33],"damage_taken":[{"damage":2.0,"enemies":"Jaw Worm","floor":1.0,"turns":3.0},{"damage":4.0,"enemies":"2 Louse","floor":4.0,"turns":3.0},{"damage":20.0,"enemies":"3 Sentries","floor":6.0,"turns":7.0},{"damage":0.0,"enemies":"Cultist","floor":10.0,"turns":2.0},{"damage":20.0,"enemies":"Lagavulin","floor":11.0,"turns":5.0},{"damage":1.0,"enemies":"3 Louse","floor":14.0,"turns":3.0},{"damage":24.0,"enemies":"Hexaghost","floor":16.0,"turns":8.0},{"damage":17.0,"enemies":"Shell Parasite","floor":18.0,"turns":3.0},{"damage":19.0,"enemies":"Spheric Guardian","floor":19.0,"turns":4.0},{"damage":5.0,"enemies":"Shelled Parasite and Fungi","floor":22.0,"turns":4.0},{"damage":23.0,"enemies":"Gremlin Leader","floor":23.0,"turns":3.0},{"damage":19,"enemies":"Centurion and Healer","floor":24,"turns":4},{"damage":15,"enemies":"Book of Stabbing","floor":25,"turns":5},{"damage":0,"enemies":"Snecko","floor":28,"turns":2},{"damage":62,"enemies":"Automaton","floor":33,"turns":8}],"seed_played":"822570812716772842","potions_obtained":[{"floor":4.0,"key":"Explosive Potion"},{"floor":6.0,"key":"AttackPotion"},{"floor":16.0,"key":"SkillPotion"},{"floor":18.0,"key":"BloodPotion"},{"floor":24,"key":"SkillPotion"},{"floor":25,"key":"BloodPotion"},{"floor":28,"key":"Poison Potion"}],"is_trial":false,"path_per_floor":["M","?","$","M","?","E","?","R","T","M","E","?","?","M","R","B",null,"M","M","?","$","M","E","E","M","E","T","R","M","R","?","?","R","B"],"character_chosen":"IRONCLAD","items_purchased":["Spot Weakness","Pen Nib","Strength Potion","SteroidPotion"],"campfire_rested":1,"item_purchase_floors":[3,21,21,21],"current_hp_per_floor":[76,69,69,71,71,57,57,57,57,63,49,33,33,38,38,20,65,54,41,41,41,42,33,20,11,11,35,41,48,43,43,43,0],"gold":422,"neow_bonus":"HUNDRED_GOLD","is_prod":false,"is_daily":false,"chose_seed":false,"campfire_upgraded":2,"win_rate":0,"timestamp":1546084016,"path_taken":["M","?","$","M","?","E","?","R","T","M","E","?","?","M","R","BOSS","M","M","?","?","M","E","M","E","T","R","M","R","?","?","R","BOSS"],"build_version":"2018-12-20","purchased_purges":0,"victory":false,"max_hp_per_floor":[80,80,80,80,80,80,80,80,80,80,80,80,80,80,80,80,80,80,80,80,80,80,80,80,80,80,80,80,87,43,43,43,43],"card_choices":[{"not_picked":["Havoc","Warcry"],"picked":"Evolve","floor":1.0},{"not_picked":["Burning Pact","Havoc"],"picked":"Armaments","floor":4.0},{"not_picked":["True Grit","Anger"],"picked":"Carnage","floor":6.0},{"not_picked":["Fire Breathing","Blood for Blood"],"picked":"Twin Strike","floor":10.0},{"not_picked":["Thunderclap","Clash"],"picked":"Fiend Fire","floor":11.0},{"not_picked":["Clothesline","Shrug It Off"],"picked":"Shockwave","floor":14.0},{"not_picked":["Juggernaut","Dark Embrace"],"picked":"Feed","floor":16.0},{"not_picked":["Body Slam+1","Iron Wave","Havoc"],"picked":"SKIP","floor":18.0},{"not_picked":["Shrug It Off","Armaments"],"picked":"Flame Barrier","floor":19.0},{"not_picked":["Pommel Strike","Clash","Wild Strike"],"picked":"SKIP","floor":22.0},{"not_picked":["Warcry","Havoc"],"picked":"Disarm+1","floor":23},{"not_picked":["Whirlwind","Second Wind","Seeing Red"],"picked":"SKIP","floor":24},{"not_picked":["Body Slam","Clothesline"],"picked":"Twin Strike","floor":25},{"not_picked":["Anger","Combust","Dual Wield"],"picked":"SKIP","floor":28}],"player_experience":239196,"relics_obtained":[{"floor":6.0,"key":"Juzu Bracelet"},{"floor":9.0,"key":"Red Skull"},{"floor":11.0,"key":"Shovel"},{"floor":25,"key":"Pantograph"},{"floor":26,"key":"MawBank"},{"floor":29,"key":"Strawberry"},{"floor":32,"key":"Lantern"}],"event_choices":[{"damage_healed":0.0,"max_hp_gain":0.0,"max_hp_loss":0.0,"gold_gain":0.0,"event_name":"Scrap Ooze","player_choice":"Success","floor":2.0,"gold_loss":0.0,"damage_taken":7.0,"relics_obtained":["Smiling Mask"]},{"damage_healed":0.0,"max_hp_gain":0.0,"max_hp_loss":0.0,"gold_gain":0.0,"event_name":"Accursed Blacksmith","player_choice":"Forge","floor":5.0,"gold_loss":0.0,"damage_taken":0.0,"cards_upgraded":["Spot Weakness"]},{"damage_healed":0.0,"max_hp_gain":0.0,"max_hp_loss":0.0,"gold_gain":0.0,"event_name":"Living Wall","player_choice":"Grow","floor":7.0,"gold_loss":0.0,"damage_taken":0.0,"cards_upgraded":["Armaments"]},{"damage_healed":0.0,"max_hp_gain":0.0,"max_hp_loss":0.0,"gold_gain":0.0,"event_name":"Shining Light","player_choice":"Entered Light","floor":12.0,"gold_loss":0.0,"damage_taken":16.0,"cards_upgraded":["Strike_R","Defend_R"]},{"damage_healed":0.0,"max_hp_gain":0.0,"max_hp_loss":0.0,"gold_gain":0.0,"event_name":"Transmorgrifier","player_choice":"Ignored","floor":13.0,"gold_loss":0.0,"damage_taken":0.0},{"damage_healed":0.0,"max_hp_gain":0.0,"max_hp_loss":0.0,"gold_gain":100.0,"event_name":"Golden Shrine","player_choice":"Pray","floor":20.0,"gold_loss":0.0,"damage_taken":0.0},{"damage_healed":0,"gold_gain":0,"player_choice":"Became a Ghost","damage_taken":0,"max_hp_gain":0,"max_hp_loss":44,"event_name":"Ghosts","floor":30,"gold_loss":0,"cards_obtained":["Ghostly","Ghostly","Ghostly","Ghostly","Ghostly"]},{"damage_healed":0,"gold_gain":0,"player_choice":"Inject Mutagens","damage_taken":0,"relics_obtained":["MutagenicStrength"],"max_hp_gain":0,"max_hp_loss":0,"event_name":"Drug Dealer","floor":31,"gold_loss":0}],"is_beta":false,"boss_relics":[{"not_picked":["Coffee Dripper","White Beast Statue"],"picked":"Runic Pyramid"}],"items_purged_floors":[],"is_endless":false,"potions_floor_spawned":[4,6,16,18,24,25,28],"killed_by":"Automaton","ascension_level":8}