{"path_per_floor":["M","?","?","M","M","R","E","R","T","M","R","M","M","M","R","B",null,"M","M","$","?","M","E"],"character_chosen":"IRONCLAD","items_purchased":["Bronze Scales","Dramatic Entrance","Pantograph","Sentinel"],"gold_per_floor":[114,289,289,305,320,320,354,354,378,397,397,416,433,452,452,547,547,564,579,2,2,17,42,42],"floor_reached":24,"campfire_rested":0,"playtime":1333,"item_purchase_floors":[20,20,20,20],"current_hp_per_floor":[80,80,80,80,79,79,66,66,66,70,70,77,75,78,78,39,80,56,50,50,50,43,18,0],"items_purged":[],"gold":42,"score":220,"play_id":"24e75e04-c40e-4d49-907f-9d34ab94d669","local_time":"20180618032940","is_prod":false,"is_daily":false,"chose_seed":false,"is_ascension_mode":false,"campfire_upgraded":4,"win_rate":0,"timestamp":1529285380,"campfire_choices":[{"data":"Cleave","floor":6,"key":"SMITH"},{"data":"Infernal Blade","floor":8,"key":"SMITH"},{"data":"Rage","floor":11,"key":"SMITH"},{"data":"Limit Break","floor":15,"key":"SMITH"}],"path_taken":["M","?","?","M","M","R","E","R","T","?","R","M","?","M","R","BOSS","M","M","?","?","M","E","M"],"build_version":"2018-06-14v2","seed_source_timestamp":871297832694104,"purchased_purges":0,"victory":false,"master_deck":["Strike_R","Strike_R","Strike_R","Strike_R","Strike_R","Defend_R","Defend_R","Defend_R","Defend_R","Bash","Cleave+1","Infernal Blade+1","Flex","Twin Strike","Rage+1","Limit Break+1","Twin Strike","Clash","Fiend Fire","Thunderclap+1","Thunderclap","Dramatic Entrance","Sentinel","Bludgeon","Shrug It Off+1"],"max_hp_per_floor":[80,80,80,80,80,80,80,80,80,80,80,80,80,80,80,80,80,80,80,80,80,80,80,80],"relics":["Burning Blood","Omamori","Velvet Choker","Bronze Scales","Pantograph","Nloth\u0027s Gift","Ancient Tea Set"],"card_choices":[{"not_picked":["Perfected Strike","Body Slam"],"picked":"Cleave","floor":1},{"not_picked":["Entrench","Blood for Blood"],"picked":"Infernal Blade","floor":4},{"not_picked":["Sword Boomerang","Havoc"],"picked":"Flex","floor":5},{"not_picked":["Body Slam","Heavy Blade"],"picked":"Twin Strike","floor":7},{"not_picked":["True Grit","Body Slam"],"picked":"Rage","floor":10},{"not_picked":["Blood for Blood","Armaments"],"picked":"Limit Break","floor":12},{"not_picked":["Feel No Pain","Headbutt"],"picked":"Twin Strike","floor":13},{"not_picked":["Anger","Clothesline"],"picked":"Clash","floor":14},{"not_picked":["Immolate","Dark Embrace"],"picked":"Fiend Fire","floor":16},{"not_picked":["Feel No Pain","Reckless Charge"],"picked":"Thunderclap+1","floor":18},{"not_picked":["Entrench+1","Anger"],"picked":"Thunderclap","floor":19},{"not_picked":["Evolve+1","Body Slam"],"picked":"Bludgeon","floor":22},{"not_picked":["Thunderclap","Iron Wave"],"picked":"Shrug It Off+1","floor":23}],"player_experience":42185,"potions_floor_usage":[7,16,16,16,22],"damage_taken":[{"damage":4,"enemies":"Cultist","floor":1,"turns":4},{"damage":0,"enemies":"Small Slimes","floor":4,"turns":2},{"damage":7,"enemies":"2 Louse","floor":5,"turns":2},{"damage":19,"enemies":"3 Sentries","floor":7,"turns":5},{"damage":2,"enemies":"Blue Slaver","floor":10,"turns":3},{"damage":5,"enemies":"Exordium Wildlife","floor":12,"turns":3},{"damage":8,"enemies":"Lots of Slimes","floor":13,"turns":2},{"damage":3,"enemies":"Red Slaver","floor":14,"turns":4},{"damage":45,"enemies":"The Guardian","floor":16,"turns":8},{"damage":30,"enemies":"2 Thieves","floor":18,"turns":4},{"damage":12,"enemies":"3 Byrds","floor":19,"turns":4},{"damage":13,"enemies":"Centurion and Healer","floor":22,"turns":5},{"damage":31,"enemies":"Book of Stabbing","floor":23,"turns":4},{"damage":39,"enemies":"Chosen and Byrds","floor":24,"turns":4}],"relics_obtained":[{"floor":7,"key":"Omamori"},{"floor":9,"key":"Boot"},{"floor":23,"key":"Ancient Tea Set"}],"event_choices":[{"event_name":"Liars Game","player_choice":"agreed","floor":2,"damage_taken":0},{"event_name":"Living Wall","player_choice":"Forget","floor":3,"damage_taken":0},{"event_name":"N\u0027loth","player_choice":"Traded a Boot","floor":21,"damage_taken":0}],"boss_relics":[{"not_picked":["Orrery","Tiny House"],"picked":"Velvet Choker"}],"items_purged_floors":[],"is_endless":false,"potions_floor_spawned":[4,7,12,14,16,23],"seed_played":"8215859616106282370","killed_by":"Chosen and Byrds","ascension_level":0,"potions_obtained":[{"floor":4,"key":"Explosive Potion"},{"floor":7,"key":"Swift Potion"},{"floor":12,"key":"Weak Potion"},{"floor":14,"key":"SteroidPotion"},{"floor":16,"key":"Weak Potion"},{"floor":23,"key":"Swift Potion"}],"is_trial":false}