{"gold_per_floor":[112,112,58,68,80,113,113,125,125,50,63,74,74,87,87,87],"floor_reached":16,"playtime":790,"items_purged":["Defend_R"],"score":104,"play_id":"5f6128e4-6ee5-40a7-b374-341bc455e319","local_time":"20180722080304","is_ascension_mode":false,"campfire_choices":[{"floor":7,"key":"REST"},{"data":"Rage","floor":15,"key":"SMITH"}],"neow_cost":"TEN_PERCENT_HP_LOSS","seed_source_timestamp":0,"circlet_count":0,"master_deck":["Strike_R","Strike_R","Strike_R","Defend_R","Defend_R","Defend_R","Bash","Bloodletting","Heavy Blade","Iron Wave","Dark Embrace","Rupture","Thunderclap","True Grit","Parasite","Rage+1"],"special_seed":0,"relics":["Burning Blood","Paper Frog","Magic Flower","Shovel"],"potions_floor_usage":[],"damage_taken":[{"damage":0.0,"enemies":"Small Slimes","floor":1.0,"turns":3.0},{"damage":4.0,"enemies":"Cultist","floor":4.0,"turns":3.0},{"damage":2,"enemies":"2 Louse","floor":5,"turns":2},{"damage":33,"enemies":"Gremlin Nob","floor":6,"turns":5},{"damage":8,"enemies":"Looter","floor":8,"turns":4},{"damage":9,"enemies":"Blue Slaver","floor":11,"turns":4},{"damage":9,"enemies":"Exordium Wildlife","floor":12,"turns":4},{"damage":15,"enemies":"Red Slaver","floor":14,"turns":4},{"damage":75,"enemies":"Slime Boss","floor":16,"turns":8}],"seed_played":"1694202129091785270","potions_obtained":[{"floor":8,"key":"GamblersBrew"},{"floor":11,"key":"Fire Potion"},{"floor":12,"key":"SneckoOil"}],"is_trial":false,"path_per_floor":["M","?","$","M","M","E","R","M","T","$","M","M","?","M","R"],"character_chosen":"IRONCLAD","items_purchased":["Heavy Blade"],"campfire_rested":1,"item_purchase_floors":[3],"current_hp_per_floor":[72,65,65,67,71,44,65,66,66,66,66,66,72,66,66,0],"gold":87,"neow_bonus":"REMOVE_TWO","is_prod":false,"is_daily":false,"chose_seed":false,"campfire_upgraded":1,"win_rate":0.0,"timestamp":1532217784,"path_taken":["M","?","?","M","M","E","R","?","T","$","M","M","?","M","R","BOSS"],"build_version":"2018-07-19v2","purchased_purges":1,"victory":false,"max_hp_per_floor":[72,72,72,72,72,72,72,72,72,72,72,72,72,72,72,72],"card_choices":[{"not_picked":["Clothesline","Disarm"],"picked":"Bloodletting","floor":1.0},{"not_picked":["Twin Strike","True Grit"],"picked":"Iron Wave","floor":4},{"not_picked":["Clash","Body Slam","Clothesline"],"picked":"SKIP","floor":5},{"not_picked":["Carnage","Armaments"],"picked":"Dark Embrace","floor":6},{"not_picked":["Twin Strike","Clash"],"picked":"Rupture","floor":8},{"not_picked":["Iron Wave","Armaments"],"picked":"Thunderclap","floor":11},{"not_picked":["Power Through","Sword Boomerang"],"picked":"True Grit","floor":12},{"not_picked":["Iron Wave","Whirlwind"],"picked":"Rage","floor":14}],"player_experience":42189,"relics_obtained":[{"floor":6,"key":"Magic Flower"},{"floor":9,"key":"Shovel"}],"event_choices":[{"event_name":"Scrap Ooze","player_choice":"success","floor":2.0,"damage_taken":7.0},{"event_name":"Mushrooms","player_choice":"Healed and dodged fight","floor":13,"damage_taken":0}],"is_beta":false,"boss_relics":[],"items_purged_floors":[10],"is_endless":false,"potions_floor_spawned":[8,11,12],"killed_by":"Slime Boss","ascension_level":0}