{"gold_per_floor":[114,114,131,149,149,149,188,188,188,229,229],"floor_reached":11,"playtime":444,"items_purged":[],"score":130,"play_id":"2311a60d-85f9-40ab-aad9-e7676e5d8706","local_time":"20190201213116","is_ascension_mode":true,"campfire_choices":[{"data":"Bash","floor":6,"key":"SMITH"},{"data":"Body Slam","floor":8,"key":"SMITH"}],"neow_cost":"NONE","seed_source_timestamp":107600126796000,"circlet_count":0,"master_deck":["AscendersBane","Strike_R","Strike_R","Strike_R","Strike_R","Strike_R","Defend_R","Defend_R","Defend_R","Defend_R","Bash+1","Spot Weakness","Body Slam+1","Iron Wave","Armaments"],"relics":["Burning Blood","NeowsBlessing","Golden Idol","Champion Belt","Question Card","Bag of Preparation"],"potions_floor_usage":[10,10],"damage_taken":[{"damage":0,"enemies":"Cultist","floor":1,"turns":1},{"damage":0,"enemies":"Jaw Worm","floor":3,"turns":1},{"damage":3,"enemies":"2 Louse","floor":4,"turns":2},{"damage":50,"enemies":"3 Sentries","floor":7,"turns":9},{"damage":29,"enemies":"Lagavulin","floor":10,"turns":6},{"damage":10,"enemies":"Large Slime","floor":11,"turns":3}],"seed_played":"-1811564149662987695","potions_obtained":[{"floor":4,"key":"Poison Potion"},{"floor":7,"key":"PowerPotion"}],"is_trial":false,"path_per_floor":["M","$","M","M","?","R","E","R","T","E","M"],"character_chosen":"IRONCLAD","items_purchased":[],"campfire_rested":0,"item_purchase_floors":[],"current_hp_per_floor":[78,78,80,80,74,74,30,30,30,7,0],"gold":229,"neow_bonus":"THREE_ENEMY_KILL","is_prod":false,"is_daily":false,"chose_seed":false,"campfire_upgraded":2,"win_rate":0,"timestamp":1549056676,"path_taken":["M","$","?","?","?","R","E","R","T","E","M"],"build_version":"2019-01-23","purchased_purges":0,"victory":false,"max_hp_per_floor":[80,80,80,80,74,74,74,74,74,74,74],"card_choices":[{"not_picked":["Flex","Twin Strike"],"picked":"Spot Weakness","floor":1},{"not_picked":["Warcry","Perfected Strike"],"picked":"Body Slam","floor":3},{"not_picked":["Havoc","Warcry"],"picked":"Iron Wave","floor":4},{"not_picked":["Twin Strike","Evolve","Havoc"],"picked":"SKIP","floor":7},{"not_picked":["Sword Boomerang","Bloodletting","Flex"],"picked":"Armaments","floor":10}],"player_experience":198237,"relics_obtained":[{"floor":7,"key":"Champion Belt"},{"floor":9,"key":"Question Card"},{"floor":10,"key":"Bag of Preparation"}],"event_choices":[{"damage_healed":0,"gold_gain":0,"player_choice":"Lose Max HP","damage_taken":0,"relics_obtained":["Golden Idol"],"max_hp_gain":0,"max_hp_loss":6,"event_name":"Golden Idol","floor":5,"gold_loss":0}],"is_beta":false,"boss_relics":[],"items_purged_floors":[],"is_endless":false,"potions_floor_spawned":[4,7],"killed_by":"Large Slime","ascension_level":12}