{"gold_per_floor":[118,132,132,132,57,57,96,120,173,212,226,246,289,289],"floor_reached":14,"playtime":608,"items_purged":["Strike_R"],"score":149,"play_id":"95f7143c-ba41-430c-8ac9-14ac024a057f","local_time":"20190116102045","is_ascension_mode":true,"campfire_choices":[{"data":"Bash","floor":6,"key":"SMITH"}],"neow_cost":"NONE","seed_source_timestamp":473051519893759,"circlet_count":0,"master_deck":["Strike_R","Strike_R","Strike_R+1","Strike_R","Defend_R","Defend_R+1","Defend_R","Defend_R","Bash+1","Shrug It Off","Brutality"],"relics":["Burning Blood","NeowsBlessing","Golden Idol","Art of War","Bag of Preparation","Kunai","Omamori"],"potions_floor_usage":[14,14],"damage_taken":[{"damage":0,"enemies":"Small Slimes","floor":1,"turns":1},{"damage":0,"enemies":"2 Louse","floor":2,"turns":1},{"damage":0,"enemies":"3 Sentries","floor":7,"turns":1},{"damage":1,"enemies":"Cultist","floor":8,"turns":3},{"damage":14,"enemies":"Gremlin Nob","floor":10,"turns":4},{"damage":12,"enemies":"3 Louse","floor":11,"turns":4},{"damage":2,"enemies":"Exordium Wildlife","floor":12,"turns":4},{"damage":39,"enemies":"Lagavulin","floor":13,"turns":9},{"damage":13,"enemies":"The Mushroom Lair","floor":14,"turns":3}],"seed_played":"-7224294633217410918","potions_obtained":[{"floor":8,"key":"Swift Potion"},{"floor":10,"key":"FearPotion"},{"floor":13,"key":"Explosive Potion"}],"is_trial":false,"path_per_floor":["M","M","?","?","$","R","E","M","T","E","M","M","E","?"],"character_chosen":"IRONCLAD","items_purchased":[],"campfire_rested":0,"item_purchase_floors":[],"current_hp_per_floor":[80,80,64,44,44,44,50,55,55,47,41,45,12,0],"gold":289,"neow_bonus":"THREE_ENEMY_KILL","is_prod":false,"is_daily":false,"chose_seed":false,"campfire_upgraded":1,"win_rate":0,"timestamp":1547646645,"path_taken":["M","M","?","?","$","R","E","M","T","E","M","M","E","?"],"build_version":"2019-01-10","purchased_purges":1,"victory":false,"max_hp_per_floor":[80,80,80,80,80,80,80,80,80,80,80,80,80,80],"card_choices":[{"not_picked":["Armaments","Perfected Strike","Flex"],"picked":"SKIP","floor":1},{"not_picked":["Wild Strike","Dual Wield","Sword Boomerang"],"picked":"SKIP","floor":2},{"not_picked":["Warcry","Havoc"],"picked":"Shrug It Off","floor":7},{"not_picked":["Warcry","Pommel Strike","Havoc"],"picked":"SKIP","floor":8},{"not_picked":["Ghostly Armor","Second Wind","Anger"],"picked":"SKIP","floor":10},{"not_picked":["Uppercut","Twin Strike"],"picked":"Brutality","floor":11},{"not_picked":["Heavy Blade","Fire Breathing","Searing Blow"],"picked":"SKIP","floor":12},{"not_picked":["Searing Blow","Clothesline","Ghostly Armor"],"picked":"SKIP","floor":13}],"player_experience":167489,"relics_obtained":[{"floor":7,"key":"Art of War"},{"floor":9,"key":"Bag of Preparation"},{"floor":10,"key":"Kunai"},{"floor":13,"key":"Omamori"}],"event_choices":[{"damage_healed":0,"gold_gain":0,"player_choice":"Entered Light","damage_taken":16,"max_hp_gain":0,"max_hp_loss":0,"event_name":"Shining Light","floor":3,"gold_loss":0,"cards_upgraded":["Strike_R","Defend_R"]},{"damage_healed":0,"gold_gain":0,"player_choice":"Take Damage","damage_taken":20,"relics_obtained":["Golden Idol"],"max_hp_gain":0,"max_hp_loss":0,"event_name":"Golden Idol","floor":4,"gold_loss":0},{"damage_healed":0,"gold_gain":0,"player_choice":"Fought Mushrooms","damage_taken":0,"max_hp_gain":0,"max_hp_loss":0,"event_name":"Mushrooms","floor":14,"gold_loss":0}],"is_beta":false,"boss_relics":[],"items_purged_floors":[5],"is_endless":false,"potions_floor_spawned":[8,10,13],"killed_by":"The Mushroom Lair","ascension_level":2}