{"gold_per_floor":[116,129,8,22,22,22,33,33,33,50,50,67,82,96,96,96],"floor_reached":16,"playtime":903,"items_purged":["Strike_R"],"score":101,"play_id":"04af2c97-62a1-438f-bd7d-003ea4b2dc89","local_time":"20180804183901","is_ascension_mode":true,"campfire_choices":[{"data":"Entrench","floor":6,"key":"SMITH"},{"data":"Shrug It Off","floor":8,"key":"SMITH"},{"data":"Headbutt","floor":11,"key":"SMITH"},{"data":"Armaments","floor":15,"key":"SMITH"}],"neow_cost":"NONE","seed_source_timestamp":462064557961014,"circlet_count":0,"master_deck":["Strike_R","Strike_R","Strike_R","Defend_R","Defend_R","Defend_R","Defend_R","Bash","Headbutt+1","Entrench+1","Shrug It Off+1","Armaments+1","Shrug It Off"],"relics":["Burning Blood","Gremlin Horn"],"potions_floor_usage":[],"damage_taken":[{"damage":12,"enemies":"Jaw Worm","floor":1,"turns":4},{"damage":5,"enemies":"Small Slimes","floor":2,"turns":4},{"damage":1,"enemies":"Cultist","floor":4,"turns":3},{"damage":15,"enemies":"Exordium Thugs","floor":7,"turns":6},{"damage":0,"enemies":"2 Fungi Beasts","floor":10,"turns":5},{"damage":7,"enemies":"Exordium Wildlife","floor":12,"turns":5},{"damage":2,"enemies":"Blue Slaver","floor":13,"turns":7},{"damage":0,"enemies":"3 Louse","floor":14,"turns":5},{"damage":83,"enemies":"Hexaghost","floor":16,"turns":14}],"seed_played":"8174320872507485731","potions_obtained":[{"floor":2,"key":"Ancient Potion"},{"floor":7,"key":"Dexterity Potion"}],"is_trial":false,"path_per_floor":["M","M","$","M","?","R","M","R","T","M","R","M","M","M","R"],"character_chosen":"IRONCLAD","items_purchased":["Shrug It Off"],"campfire_rested":0,"item_purchase_floors":[3],"current_hp_per_floor":[74,75,75,80,73,73,64,64,64,70,70,69,73,79,79,0],"gold":96,"neow_bonus":"THREE_CARDS","is_prod":false,"is_daily":false,"chose_seed":false,"campfire_upgraded":4,"win_rate":0,"timestamp":1533379141,"path_taken":["M","M","$","M","?","R","M","R","T","M","R","M","M","M","R","BOSS"],"build_version":"2018-08-02","purchased_purges":1,"victory":false,"max_hp_per_floor":[80,80,80,80,80,80,80,80,80,80,80,80,80,80,80,80],"card_choices":[{"not_picked":["Flex","Sever Soul"],"picked":"Headbutt","floor":1},{"not_picked":["Wild Strike","Iron Wave"],"picked":"Entrench","floor":2},{"not_picked":["Sword Boomerang","Flex","Clothesline"],"picked":"SKIP","floor":4},{"not_picked":["Intimidate","Seeing Red","Warcry"],"picked":"SKIP","floor":7},{"not_picked":["Intimidate","Seeing Red","Warcry"],"picked":"SKIP","floor":7},{"not_picked":["Entrench","Iron Wave","Dropkick"],"picked":"SKIP","floor":10},{"not_picked":["Corruption","Shockwave"],"picked":"Armaments","floor":12},{"not_picked":["Bloodletting","Hemokinesis","Twin Strike"],"picked":"SKIP","floor":13},{"not_picked":["Flex","Feel No Pain"],"picked":"Shrug It Off","floor":14}],"player_experience":181110,"relics_obtained":[{"floor":9,"key":"Gremlin Horn"}],"event_choices":[{"event_name":"Golden Wing","player_choice":"Card Removal","floor":5,"damage_taken":0}],"is_beta":false,"boss_relics":[],"items_purged_floors":[3],"is_endless":false,"potions_floor_spawned":[2,7],"killed_by":"Hexaghost","ascension_level":1}