{"gold_per_floor":[119,119,134,134,59,59,59,87,112,112,128,28,47,64,64,165,215,231,231,244,263,263,263],"floor_reached":23,"playtime":575,"items_purged":["Strike_R","Strike_R"],"score":191,"play_id":"77037fe4-6385-4f2c-8d00-3233be6a5bc0","local_time":"20190131205824","is_ascension_mode":false,"campfire_choices":[{"data":"Demon Form","floor":6,"key":"SMITH"},{"data":"Bash","floor":10,"key":"SMITH"},{"floor":15,"key":"REST"}],"neow_cost":"TEN_PERCENT_HP_LOSS","seed_source_timestamp":173723521229860,"circlet_count":0,"master_deck":["Strike_R","Strike_R+1","Strike_R+1","Defend_R+1","Defend_R","Defend_R","Defend_R+1","Bash+1","Hemokinesis+1"],"relics":["Burning Blood","Pocketwatch","Whetstone","Tiny House"],"potions_floor_usage":[21],"damage_taken":[{"damage":14,"enemies":"Small Slimes","floor":1,"turns":5},{"damage":1,"enemies":"Cultist","floor":3,"turns":3},{"damage":36,"enemies":"Lagavulin","floor":8,"turns":5},{"damage":2,"enemies":"2 Louse","floor":11,"turns":1},{"damage":7,"enemies":"Looter","floor":13,"turns":2},{"damage":15,"enemies":"Lots of Slimes","floor":14,"turns":4},{"damage":14,"enemies":"Slime Boss","floor":16,"turns":7},{"damage":14,"enemies":"Spheric Guardian","floor":18,"turns":3},{"damage":26,"enemies":"Shell Parasite","floor":20,"turns":5},{"damage":34,"enemies":"Sentry and Sphere","floor":21,"turns":4},{"damage":0,"enemies":"Gremlin Leader","floor":23,"turns":2}],"seed_played":"2492560049523707552","potions_obtained":[{"floor":1,"key":"Explosive Potion"},{"floor":8,"key":"Block Potion"},{"floor":11,"key":"Ancient Potion"}],"is_trial":false,"path_per_floor":["M","?","M","?","$","R","?","E","T","R","M","$","M","M","R","B",null,"M","?","M","M","?","E"],"character_chosen":"IRONCLAD","items_purchased":[],"campfire_rested":1,"item_purchase_floors":[],"current_hp_per_floor":[64,64,69,74,74,74,74,44,44,44,48,48,47,38,61,53,82,74,74,54,26,26,26],"gold":263,"neow_bonus":"THREE_RARE_CARDS","is_prod":false,"is_daily":false,"chose_seed":false,"campfire_upgraded":2,"win_rate":0,"timestamp":1548980904,"path_taken":["M","?","?","?","$","R","?","E","T","R","M","$","?","M","R","BOSS","M","?","M","?","?","E"],"build_version":"2019-01-23","purchased_purges":2,"victory":false,"max_hp_per_floor":[72,72,72,77,77,77,77,77,77,77,77,77,77,77,77,77,82,82,82,82,82,82,82],"card_choices":[{"not_picked":["Offering","Limit Break"],"picked":"Demon Form","floor":0},{"not_picked":["Ghostly Armor","Pommel Strike","Corruption"],"picked":"SKIP","floor":1},{"not_picked":["Evolve","Sever Soul","Hemokinesis"],"picked":"SKIP","floor":3},{"not_picked":["Twin Strike","Heavy Blade","Spot Weakness"],"picked":"SKIP","floor":8},{"not_picked":["Dual Wield","Anger","Second Wind"],"picked":"SKIP","floor":11},{"not_picked":["Headbutt","Second Wind","Twin Strike"],"picked":"SKIP","floor":13},{"not_picked":["Pommel Strike","Anger","Dropkick"],"picked":"SKIP","floor":14},{"not_picked":["Reckless Charge","Cleave","Iron Wave"],"picked":"SKIP","floor":18},{"not_picked":["Uppercut+1","Blood for Blood","Heavy Blade+1"],"picked":"SKIP","floor":20},{"not_picked":["Pummel","Shockwave","Intimidate"],"picked":"SKIP","floor":21}],"player_experience":291511,"relics_obtained":[{"floor":8,"key":"Pocketwatch"},{"floor":9,"key":"Whetstone"}],"event_choices":[{"damage_healed":0,"gold_gain":0,"player_choice":"0 cards matched","damage_taken":0,"max_hp_gain":0,"max_hp_loss":0,"event_name":"Match and Keep!","floor":2,"gold_loss":0,"cards_obtained":[]},{"damage_healed":0,"gold_gain":0,"player_choice":"Donut","damage_taken":0,"max_hp_gain":5,"max_hp_loss":0,"event_name":"Big Fish","floor":4,"gold_loss":0},{"cards_removed":["Demon Form"],"damage_healed":0,"gold_gain":0,"player_choice":"Took Card","damage_taken":0,"max_hp_gain":0,"max_hp_loss":0,"event_name":"NoteForYourself","floor":7,"gold_loss":0,"cards_obtained":["Hemokinesis"]},{"damage_healed":0,"gold_gain":0,"player_choice":"Forge","damage_taken":0,"max_hp_gain":0,"max_hp_loss":0,"event_name":"Accursed Blacksmith","floor":19,"gold_loss":0,"cards_upgraded":["Defend_R"]},{"damage_healed":0,"gold_gain":0,"player_choice":"Ignored","damage_taken":0,"max_hp_gain":0,"max_hp_loss":0,"event_name":"Vampires","floor":22,"gold_loss":0}],"is_beta":false,"boss_relics":[{"not_picked":["Snecko Eye","Busted Crown"],"picked":"Tiny House"}],"items_purged_floors":[5,12],"is_endless":false,"potions_floor_spawned":[1,8,11],"killed_by":"Gremlin Leader","ascension_level":0}