{"gold_per_floor":[115,41,41,41,53,53,64,81,81,57,77,94,112,23,23,120,120,134,134,153,169,14,14,14,30,30,45,55,55,65,65],"floor_reached":31,"playtime":1565,"items_purged":[],"score":233,"play_id":"b01b935d-6958-465e-9206-4b60fb9c3130","local_time":"20181006112522","is_ascension_mode":false,"campfire_choices":[{"data":"Demon Form","floor":6,"key":"SMITH"},{"floor":15,"key":"REST"},{"floor":23,"key":"REST"}],"neow_cost":"NONE","seed_source_timestamp":1749522693332,"circlet_count":0,"master_deck":["Strike_R","Strike_R","Strike_R","Strike_R","Defend_R","Bash","Clash","Demon Form+1","Perfected Strike","Iron Wave","Heavy Blade","Clash","Shockwave","Impatience","Impervious","Blood for Blood+1","Infernal Blade+1","Rampage+1","Combust","Necronomicurse","Blood for Blood+1","Clothesline+1","Headbutt+1","Perfected Strike"],"relics":["Burning Blood","Mummified Hand","Astrolabe","Necronomicon","Bag of Preparation","Self Forming Clay","Bird Faced Urn"],"potions_floor_usage":[16,16,16],"damage_taken":[{"damage":7,"enemies":"Cultist","floor":1,"turns":4},{"damage":12,"enemies":"Jaw Worm","floor":5,"turns":4},{"damage":0,"enemies":"2 Louse","floor":7,"turns":3},{"damage":14,"enemies":"Looter","floor":8,"turns":3},{"damage":15,"enemies":"2 Fungi Beasts","floor":11,"turns":3},{"damage":13,"enemies":"Large Slime","floor":12,"turns":6},{"damage":5,"enemies":"Red Slaver","floor":13,"turns":2},{"damage":34,"enemies":"The Guardian","floor":16,"turns":5},{"damage":22,"enemies":"2 Thieves","floor":18,"turns":3},{"damage":10,"enemies":"Spheric Guardian","floor":20,"turns":3},{"damage":31,"enemies":"Cultist and Chosen","floor":21,"turns":5},{"damage":9,"enemies":"Centurion and Healer","floor":25,"turns":4},{"damage":7,"enemies":"Chosen and Byrds","floor":27,"turns":4},{"damage":11,"enemies":"3 Cultists","floor":28,"turns":5},{"damage":30,"enemies":"Centurion and Healer","floor":30,"turns":5},{"damage":14,"enemies":"Shelled Parasite and Fungi","floor":31,"turns":3}],"seed_played":"-4262560966532899586","potions_obtained":[{"floor":5,"key":"FearPotion"},{"floor":8,"key":"Strength Potion"},{"floor":13,"key":"Poison Potion"},{"floor":16,"key":"SteroidPotion"},{"floor":20,"key":"FearPotion"},{"floor":27,"key":"Fire Potion"}],"is_trial":false,"path_per_floor":["M","$","?","?","M","R","M","M","T","$","M","M","M","$","R","B",null,"M","?","M","M","$","R","T","M","T","M","M","?","M"],"character_chosen":"IRONCLAD","items_purchased":["Demon Form","Heavy Blade","Impatience","Bag of Preparation"],"campfire_rested":2,"item_purchase_floors":[2,10,14,22],"current_hp_per_floor":[79,79,79,79,73,73,79,71,71,71,62,55,56,56,80,52,80,64,48,44,19,19,43,43,40,40,41,36,36,14,0],"gold":65,"neow_bonus":"TRANSFORM_CARD","is_prod":false,"is_daily":false,"chose_seed":false,"campfire_upgraded":1,"win_rate":0,"timestamp":1538817922,"path_taken":["M","?","?","?","M","R","M","M","T","$","M","M","?","?","R","BOSS","M","?","?","M","$","R","?","M","T","?","M","?","M","M"],"build_version":"2018-10-04v2","purchased_purges":0,"victory":false,"max_hp_per_floor":[80,80,80,80,80,80,80,80,80,80,80,80,80,80,80,80,80,80,80,80,80,80,80,80,80,80,80,80,80,80,80],"card_choices":[{"not_picked":["Heavy Blade","Evolve"],"picked":"Clash","floor":1},{"not_picked":["Flex","Armaments"],"picked":"Perfected Strike","floor":5},{"not_picked":["Battle Trance","Dark Embrace"],"picked":"Iron Wave","floor":7},{"not_picked":["Thunderclap","Intimidate","Shockwave"],"picked":"SKIP","floor":8},{"not_picked":["True Grit","Sever Soul","Armaments"],"picked":"SKIP","floor":11},{"not_picked":["Anger","Iron Wave"],"picked":"Clash","floor":12},{"not_picked":["Wild Strike","Headbutt"],"picked":"Shockwave","floor":13},{"not_picked":["Fiend Fire","Berserk"],"picked":"Impervious","floor":16},{"not_picked":["Heavy Blade","Anger"],"picked":"Combust","floor":18},{"not_picked":["Anger","Twin Strike+1"],"picked":"Blood for Blood+1","floor":20},{"not_picked":["Cleave","Entrench"],"picked":"Clothesline+1","floor":21},{"not_picked":["Battle Trance+1","Rage","Anger"],"picked":"SKIP","floor":25},{"not_picked":["Shrug It Off","Hemokinesis","Barricade"],"picked":"SKIP","floor":27},{"not_picked":["Uppercut","Armaments"],"picked":"Headbutt+1","floor":28},{"not_picked":["Pommel Strike","Clothesline+1"],"picked":"Perfected Strike","floor":30}],"player_experience":37655,"relics_obtained":[{"floor":9,"key":"Mummified Hand"},{"floor":19,"key":"Necronomicon"},{"floor":24,"key":"Self Forming Clay"},{"floor":26,"key":"Bird Faced Urn"}],"event_choices":[{"event_name":"Bonfire Elementals","player_choice":"BASIC","floor":3,"damage_taken":0},{"event_name":"Liars Game","player_choice":"disagreed","floor":4,"damage_taken":0},{"event_name":"Cursed Tome","player_choice":"Obtained Book","floor":19,"damage_taken":0},{"event_name":"The Mausoleum","player_choice":"No","floor":29,"damage_taken":0}],"is_beta":false,"boss_relics":[{"not_picked":["Sozu","Runic Pyramid"],"picked":"Astrolabe"}],"items_purged_floors":[],"is_endless":false,"potions_floor_spawned":[5,8,13,16,20,27,30],"killed_by":"Shelled Parasite and Fungi","ascension_level":0}