{"gold_per_floor":[113,388,402,402,402,402,427,427,427,457,467,432,432,447,447,545,545,563,114,131,131,143,143,143,176,255,287,287,322,43,58,58,161,211,221,1220,1220,429,446,446],"floor_reached":40,"playtime":1873,"items_purged":["Normality"],"score":716,"play_id":"bb84c2bc-883b-4ccc-b3a5-edf0c63cb8cf","local_time":"20181225232540","is_ascension_mode":true,"campfire_choices":[{"data":"Neutralize","floor":6.0,"key":"SMITH"},{"floor":13.0,"key":"REST"},{"floor":15.0,"key":"REST"},{"data":"Footwork","floor":23.0,"key":"SMITH"},{"floor":32.0,"key":"REST"}],"neow_cost":"NONE","seed_source_timestamp":513987544069267,"circlet_count":0,"master_deck":["Defend_G","Defend_G","Defend_G","Defend_G","Strike_G","Survivor","Neutralize+1","Cloak And Dagger","Blur","Flying Knee+1","Bullet Time","Backflip","Die Die Die","Accuracy+1","Tools of the Trade+1","All Out Attack+1","Infinite Blades+1","Footwork+1","Flying Knee","Escape Plan","Blade Dance","Deadly Poison","Dagger Throw","Cloak And Dagger","Bandage Up","Bane","Deadly Poison","Accuracy+1","Bane+1","Sucker Punch","Adrenaline","Accuracy+1","Masterful Stab+1","Footwork+1","Normality","Deadly Poison","Caltrops+1","Dash"],"special_seed":0,"relics":["Ring of the Snake","NeowsBlessing","Ancient Tea Set","Mummified Hand","Bronze Scales","StoneCalendar","Astrolabe","Pantograph","Frozen Egg 2","Gremlin Horn","Pear","Prayer Wheel","Tiny House","Bottled Lightning","Toxic Egg 2"],"potions_floor_usage":[],"damage_taken":[{"damage":0.0,"enemies":"Cultist","floor":1.0,"turns":1.0},{"damage":0.0,"enemies":"Jaw Worm","floor":3.0,"turns":1.0},{"damage":0.0,"enemies":"Lagavulin","floor":7.0,"turns":1.0},{"damage":42.0,"enemies":"Gremlin Nob","floor":10.0,"turns":6.0},{"damage":2.0,"enemies":"Small Slimes","floor":11.0,"turns":4.0},{"damage":4.0,"enemies":"2 Fungi Beasts","floor":14.0,"turns":4.0},{"damage":4.0,"enemies":"Slime Boss","floor":16.0,"turns":11.0},{"damage":17.0,"enemies":"Shell Parasite","floor":18.0,"turns":7.0},{"damage":3.0,"enemies":"3 Byrds","floor":20.0,"turns":3.0},{"damage":7.0,"enemies":"Snake Plant","floor":22.0,"turns":4.0},{"damage":3.0,"enemies":"Colosseum Slavers","floor":24.0,"turns":3.0},{"damage":13.0,"enemies":"Book of Stabbing","floor":25.0,"turns":7.0},{"damage":17.0,"enemies":"Gremlin Leader","floor":27.0,"turns":5.0},{"damage":30.0,"enemies":"Slavers","floor":29.0,"turns":5.0},{"damage":8.0,"enemies":"Snecko","floor":31.0,"turns":5.0},{"damage":19.0,"enemies":"Automaton","floor":33.0,"turns":10.0},{"damage":29.0,"enemies":"3 Darklings","floor":35.0,"turns":3.0},{"damage":27.0,"enemies":"Orb Walker","floor":39.0,"turns":3.0},{"damage":30,"enemies":"Nemesis","floor":40,"turns":3}],"seed_played":"-6740242243670758750","potions_obtained":[{"floor":10.0,"key":"Explosive Potion"},{"floor":11.0,"key":"EntropicBrew"},{"floor":20.0,"key":"EssenceOfSteel"},{"floor":22.0,"key":"LiquidBronze"},{"floor":29.0,"key":"Block Potion"},{"floor":33.0,"key":"Explosive Potion"},{"floor":34.0,"key":"PowerPotion"}],"is_trial":false,"path_per_floor":["M","?","M","?","?","R","E","?","T","E","M","?","R","M","R","B",null,"M","$","M","?","M","R","?","E","T","E","?","E","$","M","R","B",null,"M","?","?","$","M","E"],"character_chosen":"THE_SILENT","items_purchased":["Pantograph","Footwork","Block Potion","Fire Potion","Flying Knee","Bandage Up","Bane","Deadly Poison","Accuracy+1","Weak Potion","Bottled Lightning","Deadly Poison","Caltrops+1","Toxic Egg 2","Strength Potion","FearPotion"],"campfire_rested":3,"item_purchase_floors":[19,19,19,19,19,30,30,30,30,30,38,38,38,38,38,38],"current_hp_per_floor":[63,63,63,51,56,56,56,56,56,14,12,30,52,48,70,66,73,56,56,53,53,46,46,43,30,30,23,51,21,21,17,42,52,82,57,57,57,57,30,0],"gold":446,"neow_bonus":"THREE_ENEMY_KILL","is_prod":false,"is_daily":false,"chose_seed":false,"campfire_upgraded":2,"win_rate":0,"timestamp":1545809140,"path_taken":["M","?","?","?","?","R","E","?","T","E","M","?","R","M","R","BOSS","M","$","M","?","?","R","?","E","T","E","?","E","$","M","R","BOSS","M","?","?","$","M","E"],"build_version":"2018-12-20","purchased_purges":1,"victory":false,"max_hp_per_floor":[70,70,70,70,75,75,75,75,75,75,75,75,75,75,75,75,75,75,75,75,75,75,75,75,75,75,85,85,85,85,85,85,85,90,90,90,90,90,90,90],"card_choices":[{"not_picked":["PiercingWail","Prepared"],"picked":"Cloak And Dagger","floor":1.0},{"not_picked":["Underhanded Strike","Terror","Infinite Blades"],"picked":"SKIP","floor":3.0},{"not_picked":["Deadly Poison","Slice"],"picked":"Blur","floor":7.0},{"not_picked":["Crippling Poison","Predator"],"picked":"Flying Knee","floor":10.0},{"not_picked":["Bouncing Flask","Well Laid Plans"],"picked":"Bullet Time","floor":11.0},{"not_picked":["Sucker Punch","Dagger Spray"],"picked":"Backflip","floor":14.0},{"not_picked":["Tools of the Trade","Burst"],"picked":"Die Die Die","floor":16.0},{"not_picked":["Dodge and Roll","Caltrops"],"picked":"Infinite Blades+1","floor":18.0},{"not_picked":["Heel Hook","Noxious Fumes"],"picked":"Escape Plan","floor":20.0},{"not_picked":["Calculated Gamble","Terror"],"picked":"Blade Dance","floor":22.0},{"not_picked":["Sucker Punch","Prepared"],"picked":"Deadly Poison","floor":25.0},{"not_picked":["Wraith Form v2+1","Eviscerate"],"picked":"Dagger Throw","floor":27.0},{"not_picked":["Masterful Stab+1","Distraction"],"picked":"Cloak And Dagger","floor":29.0},{"not_picked":["Endless Agony","Acrobatics"],"picked":"Bane+1","floor":31.0},{"not_picked":["Reflex","Underhanded Strike"],"picked":"Sucker Punch","floor":31.0},{"not_picked":["Die Die Die","A Thousand Cuts+1"],"picked":"Adrenaline","floor":33.0},{"not_picked":["Sucker Punch","Underhanded Strike"],"picked":"Accuracy+1","floor":34.0},{"not_picked":["Outmaneuver","Underhanded Strike"],"picked":"Masterful Stab+1","floor":35.0},{"not_picked":["Deadly Poison+1","Quick Slash+1"],"picked":"Footwork+1","floor":35.0},{"not_picked":["A Thousand Cuts+1","Escape Plan+1"],"picked":"Dash","floor":39.0},{"not_picked":["Skewer+1","Predator+1","Prepared+1"],"picked":"SKIP","floor":39.0}],"player_experience":237522,"relics_obtained":[{"floor":7.0,"key":"Mummified Hand"},{"floor":9.0,"key":"Bronze Scales"},{"floor":10.0,"key":"StoneCalendar"},{"floor":25.0,"key":"Frozen Egg 2"},{"floor":26.0,"key":"Gremlin Horn"},{"floor":27.0,"key":"Pear"},{"floor":29.0,"key":"Prayer Wheel"}],"event_choices":[{"damage_healed":0.0,"max_hp_gain":0.0,"max_hp_loss":0.0,"gold_gain":275.0,"event_name":"Golden Shrine","player_choice":"Desecrate","floor":2.0,"gold_loss":0.0,"damage_taken":0.0,"cards_obtained":["Regret"]},{"damage_healed":0.0,"max_hp_gain":0.0,"max_hp_loss":0.0,"gold_gain":0.0,"event_name":"Scrap Ooze","player_choice":"Success","floor":4.0,"gold_loss":0.0,"damage_taken":12.0,"relics_obtained":["Ancient Tea Set"]},{"damage_healed":0.0,"max_hp_gain":5.0,"max_hp_loss":0.0,"gold_gain":0.0,"event_name":"Big Fish","player_choice":"Donut","floor":5.0,"gold_loss":0.0,"damage_taken":0.0},{"cards_removed":["Regret"],"damage_healed":0.0,"max_hp_gain":0.0,"max_hp_loss":0.0,"gold_gain":0.0,"event_name":"Living Wall","player_choice":"Forget","floor":8.0,"gold_loss":0.0,"damage_taken":0.0},{"damage_healed":18.0,"max_hp_gain":0.0,"max_hp_loss":0.0,"gold_gain":0.0,"event_name":"The Cleric","player_choice":"Healed","floor":12.0,"gold_loss":35.0,"damage_taken":0.0},{"cards_removed":["Strike_G"],"damage_healed":0.0,"max_hp_gain":0.0,"max_hp_loss":0.0,"gold_gain":0.0,"event_name":"Purifier","player_choice":"Purged","floor":21.0,"gold_loss":0.0,"damage_taken":0.0},{"damage_healed":0.0,"max_hp_gain":0.0,"max_hp_loss":0.0,"gold_gain":0.0,"event_name":"Colosseum","player_choice":"Fight","floor":24.0,"gold_loss":0.0,"damage_taken":0.0},{"damage_healed":0.0,"max_hp_gain":0.0,"max_hp_loss":0.0,"gold_gain":0.0,"event_name":"Colosseum","player_choice":"Fled From Nobs","floor":24.0,"gold_loss":0.0,"damage_taken":0.0},{"damage_healed":28.0,"max_hp_gain":0.0,"max_hp_loss":0.0,"gold_gain":0.0,"event_name":"The Library","player_choice":"Heal","floor":28.0,"gold_loss":0.0,"damage_taken":0.0},{"damage_healed":0.0,"max_hp_gain":0.0,"max_hp_loss":0.0,"gold_gain":999.0,"event_name":"MindBloom","player_choice":"Gold","floor":36.0,"gold_loss":0.0,"damage_taken":0.0,"cards_obtained":["Normality","Normality"]},{"cards_removed":["Defend_G"],"damage_healed":0.0,"max_hp_gain":0.0,"max_hp_loss":0.0,"gold_gain":0.0,"event_name":"Falling","player_choice":"Removed Skill","floor":37.0,"gold_loss":0.0,"damage_taken":0.0}],"is_beta":false,"boss_relics":[{"not_picked":["Runic Dome","Empty Cage"],"picked":"Astrolabe"},{"not_picked":["Coffee Dripper","Snecko Eye"],"picked":"Tiny House"}],"items_purged_floors":[38],"is_endless":false,"potions_floor_spawned":[10,11,20,22,29,33],"killed_by":"Nemesis","ascension_level":7}