{"gold_per_floor":[113,113,125,54,54,81,96,96,96,96,111,76,76,76,76,197,197,211,211,226,226,267,267],"floor_reached":23,"playtime":569,"items_purged":[],"score":212,"play_id":"ced68e32-b745-41c6-a4bd-7065ce0766e7","local_time":"20181212011009","is_ascension_mode":false,"campfire_choices":[{"data":"Sunder","floor":8,"key":"SMITH"},{"data":"Beam Cell","floor":10,"key":"SMITH"},{"data":"Streamline","floor":15,"key":"SMITH"}],"neow_cost":"NONE","seed_source_timestamp":351110269206222,"circlet_count":0,"master_deck":["Defend_B","Defend_B","Defend_B","Defend_B","Zap","Dualcast","Streamline+1","Sunder+1","Beam Cell+1","Rainbow","Streamline","Self Repair+1","Steam","Leap","Ball Lightning+1","Bite","Bite","Bite","Bite","Bite","Streamline+1"],"relics":["Busted Crown","Frozen Egg 2","Golden Idol","Orrery","Boot","Red Mask"],"potions_floor_usage":[6,16,18,22],"damage_taken":[{"damage":6,"enemies":"Jaw Worm","floor":1,"turns":3},{"damage":1,"enemies":"Cultist","floor":3,"turns":3},{"damage":14,"enemies":"Gremlin Nob","floor":6,"turns":3},{"damage":0,"enemies":"2 Louse","floor":7,"turns":2},{"damage":5,"enemies":"Looter","floor":11,"turns":2},{"damage":35,"enemies":"Slime Boss","floor":16,"turns":5},{"damage":13,"enemies":"2 Thieves","floor":18,"turns":4},{"damage":0,"enemies":"Chosen","floor":20,"turns":3},{"damage":32,"enemies":"Masked Bandits","floor":22,"turns":5},{"damage":54,"enemies":"Book of Stabbing","floor":23,"turns":3}],"seed_played":"3557432729026583260","potions_obtained":[{"floor":3,"key":"Fire Potion"},{"floor":5,"key":"Fire Potion"},{"floor":5,"key":"Block Potion"},{"floor":6,"key":"Dexterity Potion"},{"floor":16,"key":"Poison Potion"},{"floor":18,"key":"Fire Potion"},{"floor":22,"key":"Dexterity Potion"}],"is_trial":false,"path_per_floor":["M","?","M","$","?","E","M","R","T","R","M","?","$","?","R","B",null,"M","?","M","?","?","E"],"character_chosen":"DEFECT","items_purchased":["Sunder"],"campfire_rested":0,"item_purchase_floors":[4],"current_hp_per_floor":[69,74,73,73,73,59,59,59,59,59,54,72,72,54,54,19,75,72,72,75,52,40,0],"gold":267,"neow_bonus":"BOSS_RELIC","is_prod":false,"is_daily":false,"chose_seed":false,"campfire_upgraded":3,"win_rate":0,"timestamp":1544573409,"path_taken":["M","?","?","$","?","E","?","R","T","R","?","?","$","?","R","BOSS","M","?","M","?","?","E"],"build_version":"2018-12-06","purchased_purges":0,"victory":false,"max_hp_per_floor":[75,75,75,75,75,75,75,75,75,75,75,75,75,75,75,75,75,75,75,75,52,52,52],"card_choices":[{"not_picked":[],"picked":"Go for the Eyes","floor":1},{"not_picked":[],"picked":"Streamline","floor":3},{"not_picked":["Stack"],"picked":"SKIP","floor":6},{"not_picked":[],"picked":"Beam Cell","floor":7},{"not_picked":["Aggregate"],"picked":"SKIP","floor":11},{"not_picked":[],"picked":"Rainbow","floor":16},{"not_picked":[],"picked":"Streamline","floor":17},{"not_picked":[],"picked":"Self Repair+1","floor":17},{"not_picked":[],"picked":"Steam","floor":17},{"not_picked":[],"picked":"Leap","floor":18},{"not_picked":[],"picked":"Ball Lightning+1","floor":20},{"not_picked":[],"picked":"Streamline+1","floor":22}],"player_experience":592081,"relics_obtained":[{"floor":6,"key":"Frozen Egg 2"},{"floor":22,"key":"Red Mask"}],"event_choices":[{"cards_removed":["Go for the Eyes"],"damage_healed":5,"gold_gain":0,"player_choice":"Offered Common","damage_taken":0,"max_hp_gain":0,"max_hp_loss":0,"event_name":"Bonfire Elementals","floor":2,"gold_loss":0},{"cards_removed":["Go for the Eyes"],"damage_healed":5,"gold_gain":0,"player_choice":"Offered Special","damage_taken":0,"max_hp_gain":0,"max_hp_loss":0,"event_name":"Bonfire Elementals","floor":2,"gold_loss":0},{"damage_healed":0,"gold_gain":0,"player_choice":"Got Potions","damage_taken":0,"max_hp_gain":0,"max_hp_loss":0,"event_name":"Lab","floor":5,"gold_loss":0},{"damage_healed":18,"gold_gain":0,"player_choice":"Healed","damage_taken":0,"max_hp_gain":0,"max_hp_loss":0,"event_name":"The Cleric","floor":12,"gold_loss":35},{"damage_healed":0,"gold_gain":0,"player_choice":"Take Damage","damage_taken":18,"relics_obtained":["Golden Idol"],"max_hp_gain":0,"max_hp_loss":0,"event_name":"Golden Idol","floor":14,"gold_loss":0},{"damage_healed":0,"gold_gain":0,"player_choice":"Opened","damage_taken":0,"relics_obtained":["Boot"],"max_hp_gain":0,"max_hp_loss":0,"event_name":"The Mausoleum","floor":19,"gold_loss":0},{"damage_healed":0,"gold_gain":0,"player_choice":"Became a vampire","damage_taken":0,"max_hp_gain":0,"max_hp_loss":23,"event_name":"Vampires","floor":21,"gold_loss":0,"cards_obtained":["Bite","Bite","Bite","Bite","Bite"]},{"damage_healed":0,"gold_gain":0,"player_choice":"Fought Bandits","damage_taken":0,"max_hp_gain":0,"max_hp_loss":0,"event_name":"Masked Bandits","floor":22,"gold_loss":0}],"is_beta":false,"boss_relics":[{"not_picked":["Coffee Dripper","Lizard Tail"],"picked":"Orrery"}],"items_purged_floors":[],"is_endless":false,"potions_floor_spawned":[3,6,16,18,22],"killed_by":"Book of Stabbing","ascension_level":0}