{"gold_per_floor":[110,126,143,49,67,97,97,115,141,141,62,62,79,79,79,176,176,188,202,202,452,464,480,480,491,570,570,570,585,508,39,39,141,141,151,151,201,218,234,234,253,253,253,253,253,34,52,52,52,52],"floor_reached":50,"playtime":4854,"items_purged":[],"score":494,"play_id":"5e5f5ed6-ff20-4da4-8913-36e530fec30f","local_time":"20180716210426","is_ascension_mode":false,"campfire_choices":[{"data":"Ghostly Armor","floor":7,"key":"SMITH"},{"data":"Perfected Strike","floor":12,"key":"SMITH"},{"data":"Anger","floor":15,"key":"SMITH"},{"floor":24,"key":"REST"},{"floor":28,"key":"REST"},{"floor":32,"key":"REST"},{"floor":40,"key":"REST"},{"floor":44,"key":"REST"},{"data":"Demon Form","floor":49,"key":"SMITH"}],"neow_cost":"NONE","seed_source_timestamp":439205054620445,"circlet_count":0,"master_deck":["Strike_R","Strike_R","Strike_R","Strike_R","Strike_R","Defend_R","Defend_R","Defend_R","Defend_R","Bash","Thunderclap","Rupture+1","Perfected Strike","Ghostly Armor+1","Carnage","Reaper","Perfected Strike+1","Blood for Blood","Anger+1","Bludgeon","Heavy Blade","Intimidate","Inflame","Inflame","Combust+1","Clash","J.A.X.","Blood for Blood","Demon Form+1","Regret","Parasite","Intimidate+1","Writhe","Shrug It Off","Armaments+1","Clash+1","Iron Wave+1","Perfected Strike+1","Double Tap","Shockwave","Hemokinesis+1","Perfected Strike+1","Madness"],"relics":["Burning Blood","Vajra","Bird Faced Urn","Juzu Bracelet","Velvet Choker","Omamori","Shuriken","Molten Egg 2","Bag of Preparation","Calling Bell","Red Skull","Ornamental Fan","Gambling Chip","Ginger","Dodecahedron","Self Forming Clay","Charon\u0027s Ashes"],"potions_floor_usage":[16,16,23,25,25,29,33,39,50,50],"damage_taken":[{"damage":6,"enemies":"Jaw Worm","floor":1,"turns":5},{"damage":1,"enemies":"Cultist","floor":2,"turns":3},{"damage":0,"enemies":"Small Slimes","floor":3,"turns":3},{"damage":7,"enemies":"Exordium Wildlife","floor":5,"turns":3},{"damage":14,"enemies":"3 Sentries","floor":6,"turns":8},{"damage":5,"enemies":"Looter","floor":8,"turns":3},{"damage":8,"enemies":"Red Slaver","floor":13,"turns":2},{"damage":52,"enemies":"Hexaghost","floor":16,"turns":8},{"damage":20,"enemies":"2 Thieves","floor":18,"turns":3},{"damage":22,"enemies":"Spheric Guardian","floor":19,"turns":4},{"damage":26,"enemies":"Snake Plant","floor":22,"turns":3},{"damage":17,"enemies":"Sentry and Sphere","floor":23,"turns":4},{"damage":39,"enemies":"Slaver and Parasite","floor":25,"turns":5},{"damage":13,"enemies":"Chosen and Byrds","floor":29,"turns":5},{"damage":89,"enemies":"Collector","floor":33,"turns":8},{"damage":23,"enemies":"3 Shapes","floor":35,"turns":5},{"damage":51,"floor":37,"turns":5},{"damage":25,"enemies":"Flame Bruiser 1 Orb","floor":38,"turns":4},{"damage":35,"enemies":"3 Darklings","floor":39,"turns":6},{"damage":15,"enemies":"4 Shapes","floor":41,"turns":3},{"damage":3,"floor":45,"turns":5},{"damage":4,"enemies":"Transient","floor":47,"turns":5},{"damage":90,"enemies":"Awakened One","floor":50,"turns":8}],"seed_played":"-7512965288715796069","potions_obtained":[{"floor":2,"key":"Weak Potion"},{"floor":6,"key":"Strength Potion"},{"floor":8,"key":"Energy Potion"},{"floor":16,"key":"Fire Potion"},{"floor":19,"key":"Explosive Potion"},{"floor":22,"key":"LiquidBronze"},{"floor":23,"key":"Swift Potion"},{"floor":29,"key":"Poison Potion"},{"floor":38,"key":"Ancient Potion"},{"floor":39,"key":"Ancient Potion"},{"floor":47,"key":"SpeedPotion"}],"is_trial":false,"path_per_floor":["M","M","M","$","M","E","R","M","T","?","$","R","M","?","R","B",null,"M","M","?","?","M","M","R","M","T","?","R","M","?","$","R","B",null,"M","?","?","M","M","R","M","T","T","R","?","$","M","?","R"],"character_chosen":"IRONCLAD","items_purchased":["Perfected Strike","Ghostly Armor","Blood for Blood","Blood for Blood","Molten Egg 2","Bag of Preparation","Double Tap","Shockwave","Hemokinesis+1"],"campfire_rested":5,"item_purchase_floors":[4,4,11,31,31,31,46,46,46],"current_hp_per_floor":[80,80,80,80,79,71,71,72,72,80,80,80,78,78,78,34,80,66,52,52,52,37,28,52,35,35,35,59,54,54,54,78,21,80,67,80,39,42,21,45,60,60,60,80,80,80,80,80,80,0],"gold":52,"neow_bonus":"RANDOM_COMMON_RELIC","is_prod":false,"is_daily":false,"chose_seed":false,"campfire_upgraded":4,"win_rate":0.0,"timestamp":1531767866,"path_taken":["M","M","M","$","M","E","R","M","T","?","$","R","M","?","R","BOSS","M","M","?","?","M","M","R","M","T","?","R","M","?","$","R","BOSS","M","?","?","M","M","R","M","?","T","R","?","$","M","?","R","BOSS"],"build_version":"2018-07-12","purchased_purges":0,"victory":false,"max_hp_per_floor":[80,80,80,80,80,80,80,80,80,80,80,80,80,80,80,80,80,80,80,80,80,80,80,80,80,80,80,80,80,80,80,80,80,80,80,80,80,80,80,80,80,80,80,80,80,80,80,80,80,80],"card_choices":[{"not_picked":["Iron Wave","Headbutt"],"picked":"Thunderclap","floor":1},{"not_picked":["Twin Strike","Infernal Blade"],"picked":"Dual Wield","floor":2},{"not_picked":["Reckless Charge","Armaments"],"picked":"Rupture","floor":3},{"not_picked":["Sword Boomerang","Clash"],"picked":"Carnage","floor":5},{"not_picked":["Flex","Armaments"],"picked":"Reaper","floor":6},{"not_picked":["Second Wind","Corruption"],"picked":"Perfected Strike","floor":8},{"not_picked":["True Grit","Twin Strike"],"picked":"Anger","floor":13},{"not_picked":["Fiend Fire","Dark Embrace"],"picked":"Bludgeon","floor":16},{"not_picked":["Armaments","Iron Wave+1"],"picked":"Heavy Blade","floor":18},{"not_picked":["Iron Wave","Bloodletting"],"picked":"Intimidate","floor":19},{"not_picked":["Twin Strike","Sword Boomerang"],"picked":"Inflame","floor":22},{"not_picked":["Berserk","Reckless Charge+1"],"picked":"Inflame","floor":23},{"not_picked":["Heavy Blade","Sword Boomerang"],"picked":"Combust+1","floor":25},{"not_picked":["Pommel Strike","Anger"],"picked":"Clash","floor":29},{"not_picked":["Impervious","Dark Embrace"],"picked":"Demon Form","floor":33},{"not_picked":["Dual Wield","Cleave+1"],"picked":"Intimidate+1","floor":35},{"not_picked":["Anger+1","Heavy Blade+1"],"picked":"Shrug It Off","floor":37},{"not_picked":["Warcry+1","Corruption"],"picked":"Armaments+1","floor":38},{"not_picked":["Dropkick+1","Cleave+1"],"picked":"Clash+1","floor":39},{"not_picked":["Body Slam+1","Armaments"],"picked":"Iron Wave+1","floor":41},{"not_picked":["Combust+1","Armaments+1"],"picked":"Perfected Strike+1","floor":45},{"not_picked":["Heavy Blade+1","Dark Embrace"],"picked":"Perfected Strike+1","floor":47}],"player_experience":12102,"relics_obtained":[{"floor":6,"key":"Bird Faced Urn"},{"floor":9,"key":"Juzu Bracelet"},{"floor":26,"key":"Shuriken"},{"floor":34,"key":"Red Skull"},{"floor":34,"key":"Ornamental Fan"},{"floor":34,"key":"Gambling Chip"},{"floor":37,"key":"Ginger"},{"floor":42,"key":"Dodecahedron"},{"floor":43,"key":"Self Forming Clay"},{"floor":45,"key":"Charon\u0027s Ashes"}],"event_choices":[{"event_name":"Bonfire Elementals","player_choice":"UNCOMMON","floor":10,"damage_taken":0},{"event_name":"Upgrade Shrine","player_choice":"Upgraded","floor":14,"damage_taken":0},{"event_name":"The Mausoleum","player_choice":"Yes","floor":20,"damage_taken":0},{"event_name":"Golden Shrine","player_choice":"Desecrate","floor":21,"damage_taken":0},{"event_name":"Vampires","player_choice":"Ignored","floor":27,"damage_taken":0},{"event_name":"Drug Dealer","player_choice":"Got JAXXED","floor":30,"damage_taken":0},{"event_name":"Winding Halls","player_choice":"Writhe","floor":36,"damage_taken":0},{"event_name":"Mysterious Sphere","player_choice":"Fight","floor":37,"damage_taken":0},{"event_name":"MindBloom","player_choice":"Fight","floor":45,"damage_taken":0},{"event_name":"Match and Keep!","player_choice":"1 cards matched","floor":48,"damage_taken":0}],"boss_relics":[{"not_picked":["Astrolabe","Orrery"],"picked":"Velvet Choker"},{"not_picked":["Philosopher\u0027s Stone","Empty Cage"],"picked":"Calling Bell"}],"items_purged_floors":[],"is_endless":false,"potions_floor_spawned":[2,6,8,16,19,22,23,29,38,39,47],"killed_by":"Awakened One","ascension_level":0}