{"gold_per_floor":[362,287,303,253,253,266,266,280,349,364,364,364,407,439,451,564,576,574,586,618,641,578,590,602,631,643,655,697,720,353,364,364,364],"floor_reached":33,"playtime":1375,"items_purged":["Bash","Defend_R"],"score":269,"play_id":"15bcfa3b-e8d4-477f-a3bd-6e4871360545","local_time":"20190120215812","is_ascension_mode":false,"campfire_choices":[{"data":"Metallicize","floor":7,"key":"SMITH"},{"data":"Strike_R","floor":11,"key":"SMITH"},{"data":"Ghostly Armor","floor":15,"key":"SMITH"},{"data":"Pommel Strike","floor":24,"key":"SMITH"},{"data":"Strike_R","floor":32,"key":"SMITH"}],"neow_cost":"TEN_PERCENT_HP_LOSS","seed_source_timestamp":100796676162103,"circlet_count":0,"master_deck":["Strike_R+1","Strike_R","Strike_R+1","Defend_R","Defend_R","Metallicize+1","Battle Trance","Ghostly Armor+1","Pommel Strike+1","Pommel Strike+1"],"relics":["Burning Blood","Pantograph","MawBank","Omamori","Busted Crown","Bag of Marbles","Nloth\u0027s Gift","Singing Bowl","Membership Card","Tiny Chest","Juzu Bracelet"],"potions_floor_usage":[33],"damage_taken":[{"damage":0,"enemies":"Small Slimes","floor":1,"turns":3},{"damage":4,"enemies":"2 Louse","floor":3,"turns":4},{"damage":5,"enemies":"Cultist","floor":6,"turns":5},{"damage":12,"enemies":"Gremlin Gang","floor":8,"turns":8},{"damage":6,"enemies":"Blue Slaver","floor":10,"turns":6},{"damage":28,"enemies":"Gremlin Nob","floor":13,"turns":5},{"damage":0,"enemies":"3 Louse","floor":14,"turns":4},{"damage":56,"enemies":"The Guardian","floor":16,"turns":23},{"damage":10,"enemies":"2 Thieves","floor":18,"turns":5},{"damage":3,"enemies":"3 Byrds","floor":20,"turns":6},{"damage":20,"enemies":"Snake Plant","floor":21,"turns":5},{"damage":8,"enemies":"Snecko","floor":25,"turns":8},{"damage":10,"enemies":"Book of Stabbing","floor":28,"turns":7},{"damage":2,"enemies":"Cultist and Chosen","floor":29,"turns":6},{"damage":2,"enemies":"Shelled Parasite and Fungi","floor":31,"turns":5},{"damage":70,"enemies":"Champ","floor":33,"turns":17}],"seed_played":"6423527278373856094","potions_obtained":[{"floor":1,"key":"Dexterity Potion"},{"floor":3,"key":"Swift Potion"},{"floor":6,"key":"Dexterity Potion"},{"floor":25,"key":"Swift Potion"},{"floor":28,"key":"EssenceOfSteel"}],"is_trial":false,"path_per_floor":["M","$","M","?","?","M","R","M","T","M","R","?","E","M","R","B",null,"M","?","M","M","?","?","R","M","T","?","E","M","$","M","R","B"],"character_chosen":"IRONCLAD","items_purchased":["Membership Card","Tiny Chest","Juzu Bracelet"],"campfire_rested":0,"item_purchase_floors":[30,30,30],"current_hp_per_floor":[72,72,72,72,72,72,72,66,66,66,66,59,37,43,43,18,72,68,68,71,57,57,44,44,42,42,42,40,46,46,52,52,7],"gold":364,"neow_bonus":"TWO_FIFTY_GOLD","is_prod":false,"is_daily":false,"chose_seed":false,"campfire_upgraded":5,"win_rate":0,"timestamp":1548034092,"path_taken":["M","$","M","?","?","M","R","?","T","?","R","?","E","M","R","BOSS","M","?","?","?","?","?","R","M","T","?","E","?","?","M","R","BOSS"],"build_version":"2019-01-17v2","purchased_purges":2,"victory":false,"max_hp_per_floor":[72,72,72,72,72,72,72,72,72,72,72,72,72,72,72,72,72,72,72,72,72,72,77,77,77,77,77,79,81,81,83,83,83],"card_choices":[{"not_picked":["Blood for Blood","Whirlwind","Anger"],"picked":"SKIP","floor":1},{"not_picked":["Anger","Clothesline","Body Slam"],"picked":"SKIP","floor":3},{"not_picked":["Perfected Strike","Bloodletting"],"picked":"Metallicize","floor":6},{"not_picked":["Impervious","True Grit","Heavy Blade"],"picked":"SKIP","floor":8},{"not_picked":["Disarm","Ghostly Armor"],"picked":"Battle Trance","floor":10},{"not_picked":["Carnage","Flex"],"picked":"Ghostly Armor","floor":13},{"not_picked":["Flex","Cleave","Perfected Strike"],"picked":"SKIP","floor":14},{"not_picked":[],"picked":"Pommel Strike","floor":18},{"not_picked":[],"picked":"Pommel Strike+1","floor":20},{"not_picked":["Perfected Strike"],"picked":"SKIP","floor":21},{"not_picked":["Uppercut"],"picked":"SKIP","floor":25},{"not_picked":["Berserk"],"picked":"Singing Bowl","floor":28},{"not_picked":["Entrench"],"picked":"Singing Bowl","floor":29},{"not_picked":["Clash"],"picked":"Singing Bowl","floor":31}],"player_experience":204776,"relics_obtained":[{"floor":9,"key":"Pantograph"},{"floor":13,"key":"Omamori"},{"floor":26,"key":"Boot"},{"floor":28,"key":"Singing Bowl"}],"event_choices":[{"cards_removed":["Defend_R"],"damage_healed":0,"gold_gain":0,"player_choice":"Card Removal","damage_taken":0,"max_hp_gain":0,"max_hp_loss":0,"event_name":"The Cleric","floor":4,"gold_loss":50},{"cards_removed":["Strike_R"],"damage_healed":0,"gold_gain":0,"player_choice":"Purged","damage_taken":0,"max_hp_gain":0,"max_hp_loss":0,"event_name":"Purifier","floor":5,"gold_loss":0},{"damage_healed":0,"gold_gain":0,"player_choice":"Success","damage_taken":7,"relics_obtained":["MawBank"],"max_hp_gain":0,"max_hp_loss":0,"event_name":"Scrap Ooze","floor":12,"gold_loss":0},{"damage_healed":0,"gold_gain":0,"player_choice":"Gave Potion","damage_taken":0,"relics_obtained":["Bag of Marbles"],"max_hp_gain":0,"max_hp_loss":0,"event_name":"WeMeetAgain","floor":19,"gold_loss":0},{"cards_removed":["Strike_R"],"damage_healed":0,"gold_gain":0,"player_choice":"Gave Gold","damage_taken":0,"max_hp_gain":0,"max_hp_loss":0,"event_name":"Beggar","floor":22,"gold_loss":75},{"damage_healed":0,"gold_gain":0,"player_choice":"Shed Blood","damage_taken":18,"max_hp_gain":5,"max_hp_loss":0,"event_name":"Forgotten Altar","floor":23,"gold_loss":0},{"damage_healed":0,"gold_gain":0,"player_choice":"Traded Relic","damage_taken":0,"relics_obtained":["Nloth\u0027s Gift"],"max_hp_gain":0,"max_hp_loss":0,"event_name":"N\u0027loth","floor":27,"relics_lost":["Boot"],"gold_loss":0}],"is_beta":false,"boss_relics":[{"not_picked":["Mark of Pain","Lizard Tail"],"picked":"Busted Crown"}],"items_purged_floors":[2,30],"is_endless":false,"potions_floor_spawned":[1,3,6,13,25,28,29],"killed_by":"Champ","ascension_level":0}