{"gold_per_floor":[116,116,191,21,21,21,33,51,51,64,64,80,80,100,100,219,219,237,162,187,87,110,110,110,110,136,136,159,173,192,233,233,361,424,439,464,464],"floor_reached":37,"playtime":2043,"items_purged":["Defend_G","Strike_G"],"score":383,"play_id":"b1317cc9-a269-4d2e-ab01-1faeaed9402a","local_time":"20190128195356","is_ascension_mode":false,"campfire_choices":[{"data":"Jack Of All Trades","floor":6,"key":"SMITH"},{"data":"Neutralize","floor":11,"key":"SMITH"},{"floor":15,"key":"REST"},{"floor":25,"key":"REST"},{"data":"Dodge and Roll","floor":27,"key":"SMITH"},{"floor":32,"key":"REST"}],"neow_cost":"NONE","seed_source_timestamp":434916498808500,"circlet_count":0,"master_deck":["Defend_G","Defend_G","Defend_G","Strike_G+1","Strike_G","Strike_G+1","Survivor","Neutralize+1","Jack Of All Trades+1","Cloak And Dagger+1","Backstab","Envenom+1","Dodge and Roll+1","Cloak And Dagger","Caltrops+1"],"relics":["Empty Cage","Meat on the Bone","Oddly Smooth Stone","Whetstone","Golden Idol","White Beast Statue","Boot","Singing Bowl","Tiny House"],"potions_floor_usage":[16,16,20,22,28,28,30,30,31,31,33,36,37,37],"damage_taken":[{"damage":1,"enemies":"Cultist","floor":1,"turns":5},{"damage":0,"enemies":"Small Slimes","floor":7,"turns":5},{"damage":0,"enemies":"Jaw Worm","floor":8,"turns":5},{"damage":0,"enemies":"Blue Slaver","floor":10,"turns":4},{"damage":13,"enemies":"3 Louse","floor":12,"turns":4},{"damage":6,"enemies":"Red Slaver","floor":14,"turns":3},{"damage":58,"enemies":"Hexaghost","floor":16,"turns":16},{"damage":17,"enemies":"2 Thieves","floor":18,"turns":4},{"damage":5,"enemies":"Chosen","floor":20,"turns":7},{"damage":0,"enemies":"Centurion and Healer","floor":22,"turns":6},{"damage":0,"enemies":"Cultist and Chosen","floor":28,"turns":6},{"damage":1,"enemies":"Snecko","floor":29,"turns":8},{"damage":18,"enemies":"Snake Plant","floor":30,"turns":5},{"damage":5,"enemies":"Book of Stabbing","floor":31,"turns":7},{"damage":10,"enemies":"Champ","floor":33,"turns":14},{"damage":24,"enemies":"Orb Walker","floor":35,"turns":6},{"damage":33,"enemies":"3 Darklings","floor":36,"turns":9},{"damage":43,"enemies":"Maw","floor":37,"turns":10}],"seed_played":"1589022846605969390","potions_obtained":[{"floor":7,"key":"AttackPotion"},{"floor":8,"key":"Fire Potion"},{"floor":12,"key":"GhostInAJar"},{"floor":16,"key":"Regen Potion"},{"floor":18,"key":"Poison Potion"},{"floor":20,"key":"AttackPotion"},{"floor":22,"key":"Poison Potion"},{"floor":28,"key":"Swift Potion"},{"floor":29,"key":"Weak Potion"},{"floor":30,"key":"AttackPotion"},{"floor":31,"key":"GhostInAJar"},{"floor":33,"key":"SkillPotion"},{"floor":34,"key":"AttackPotion"},{"floor":35,"key":"FairyPotion"},{"floor":36,"key":"Block Potion"}],"is_trial":false,"path_per_floor":["M","T","?","$","?","R","M","M","T","M","R","M","?","M","R","B",null,"M","?","M","$","M","?","$","R","T","R","M","M","M","E","R","B",null,"M","M","M"],"character_chosen":"THE_SILENT","items_purchased":["Jack Of All Trades"],"campfire_rested":3,"item_purchase_floors":[4],"current_hp_per_floor":[69,69,58,58,51,51,51,51,51,51,51,38,38,44,63,17,65,48,48,43,43,43,43,43,62,62,62,62,61,52,49,67,59,76,52,31,0],"gold":464,"neow_bonus":"BOSS_RELIC","is_prod":false,"is_daily":false,"chose_seed":false,"campfire_upgraded":3,"win_rate":0,"timestamp":1548734036,"path_taken":["M","?","?","$","?","R","M","M","T","M","R","?","?","M","R","BOSS","M","?","M","$","M","?","$","R","T","R","M","M","?","E","R","BOSS","M","?","M"],"build_version":"2019-01-23","purchased_purges":2,"victory":false,"max_hp_per_floor":[70,70,70,70,70,70,70,70,70,70,70,70,65,65,65,65,65,65,65,65,65,65,65,65,65,65,65,65,65,65,67,67,69,76,76,76,76],"card_choices":[{"not_picked":["Prepared","Slice","Concentrate"],"picked":"SKIP","floor":1},{"not_picked":["Reflex","PiercingWail","Quick Slash"],"picked":"SKIP","floor":7},{"not_picked":["Bouncing Flask","Bane"],"picked":"Cloak And Dagger","floor":8},{"not_picked":["Quick Slash","Well Laid Plans"],"picked":"Grand Finale","floor":10},{"not_picked":["Poisoned Stab","Outmaneuver"],"picked":"Backstab","floor":12},{"not_picked":["Skewer","Bane","Bouncing Flask"],"picked":"SKIP","floor":14},{"not_picked":["Burst","Glass Knife"],"picked":"Envenom","floor":16},{"not_picked":["Bane","Poisoned Stab","Endless Agony"],"picked":"SKIP","floor":18},{"not_picked":["PiercingWail","Blur","Caltrops"],"picked":"SKIP","floor":20},{"not_picked":["Dagger Spray","Noxious Fumes"],"picked":"Dodge and Roll","floor":22},{"not_picked":["Quick Slash","Leg Sweep","Underhanded Strike"],"picked":"SKIP","floor":28},{"not_picked":["Sucker Punch","Bane","Eviscerate"],"picked":"SKIP","floor":29},{"not_picked":["Doppelganger","Dagger Spray","Predator"],"picked":"SKIP","floor":30},{"not_picked":["Dagger Throw+1","Blade Dance","Venomology"],"picked":"Singing Bowl","floor":31},{"not_picked":["Malaise","Grand Finale","Bullet Time"],"picked":"Singing Bowl","floor":33},{"not_picked":["Deflect","Dodge and Roll+1","Deadly Poison"],"picked":"Singing Bowl","floor":34},{"not_picked":["Backflip","Well Laid Plans"],"picked":"Cloak And Dagger","floor":35},{"not_picked":["Terror","Cloak And Dagger"],"picked":"Caltrops+1","floor":36}],"player_experience":70274,"relics_obtained":[{"floor":2,"key":"Meat on the Bone"},{"floor":9,"key":"Whetstone"},{"floor":26,"key":"Boot"},{"floor":31,"key":"Singing Bowl"}],"event_choices":[{"damage_healed":0,"gold_gain":75,"player_choice":"Gather Gold","damage_taken":11,"max_hp_gain":0,"max_hp_loss":0,"event_name":"World of Goop","floor":3,"gold_loss":0},{"damage_healed":0,"gold_gain":0,"player_choice":"Success","damage_taken":7,"relics_obtained":["Oddly Smooth Stone"],"max_hp_gain":0,"max_hp_loss":0,"event_name":"Scrap Ooze","floor":5,"gold_loss":0},{"damage_healed":0,"gold_gain":0,"player_choice":"Lose Max HP","damage_taken":0,"relics_obtained":["Golden Idol"],"max_hp_gain":0,"max_hp_loss":5,"event_name":"Golden Idol","floor":13,"gold_loss":0},{"cards_removed":["Grand Finale"],"damage_healed":0,"gold_gain":0,"player_choice":"Gave Gold","damage_taken":0,"max_hp_gain":0,"max_hp_loss":0,"event_name":"Beggar","floor":19,"gold_loss":75},{"damage_healed":0,"gold_gain":0,"player_choice":"Upgraded","damage_taken":0,"max_hp_gain":0,"max_hp_loss":0,"event_name":"Upgrade Shrine","floor":23,"gold_loss":0,"cards_upgraded":["Envenom"]}],"is_beta":false,"boss_relics":[{"not_picked":["Eternal Feather","HoveringKite"],"picked":"White Beast Statue"},{"not_picked":["Black Star","Runic Dome"],"picked":"Tiny House"}],"items_purged_floors":[4,21],"is_endless":false,"potions_floor_spawned":[7,8,12,16,18,20,22,28,29,30,31,33,35,36],"killed_by":"Maw","ascension_level":0}