{"gold_per_floor":[114,126,126,126,146,146,176,186,186,206,217],"floor_reached":11,"playtime":472,"items_purged":[],"score":77,"play_id":"5a27769b-abc2-4135-b146-e49ac50926e9","local_time":"20190125200048","is_ascension_mode":false,"campfire_choices":[{"data":"Neutralize","floor":6,"key":"SMITH"}],"neow_cost":"NONE","seed_source_timestamp":444096765699781,"circlet_count":0,"master_deck":["Defend_G","Defend_G","Defend_G","Strike_G","Strike_G","Strike_G","Strike_G","Strike_G","Survivor","Neutralize+1","Malaise","Backstab","Quick Slash","Dagger Throw","Prepared","Leg Sweep"],"relics":["Ring of the Snake","PreservedInsect","Pocketwatch","Frozen Egg 2"],"potions_floor_usage":[],"damage_taken":[{"damage":0,"enemies":"Jaw Worm","floor":1,"turns":3},{"damage":0,"enemies":"Small Slimes","floor":2,"turns":3},{"damage":0,"enemies":"Cultist","floor":5,"turns":3},{"damage":4,"enemies":"Gremlin Nob","floor":7,"turns":3},{"damage":3,"enemies":"Large Slime","floor":8,"turns":6},{"damage":0,"enemies":"2 Fungi Beasts","floor":10,"turns":3},{"damage":7,"enemies":"3 Louse","floor":11,"turns":5}],"seed_played":"6161414777035457702","potions_obtained":[{"floor":1,"key":"SkillPotion"},{"floor":2,"key":"Swift Potion"},{"floor":5,"key":"Explosive Potion"}],"is_trial":false,"path_per_floor":["M","M","?","?","M","R","E","M","T","M","M"],"character_chosen":"THE_SILENT","items_purchased":[],"campfire_rested":0,"item_purchase_floors":[],"current_hp_per_floor":[70,70,58,58,58,58,54,51,51,51,44],"gold":217,"neow_bonus":"TRANSFORM_CARD","is_prod":false,"is_daily":false,"chose_seed":false,"campfire_upgraded":1,"win_rate":0.0,"timestamp":1548468048,"path_taken":["M","M","?","?","M","R","E","M","T","M","M"],"build_version":"2019-01-23","purchased_purges":0,"victory":false,"max_hp_per_floor":[70,70,70,70,70,70,70,70,70,70,70],"card_choices":[{"not_picked":["Dash","Dodge and Roll"],"picked":"Backstab","floor":1},{"not_picked":["Dagger Spray","Flying Knee"],"picked":"Quick Slash","floor":2},{"not_picked":["Skewer","Infinite Blades","Footwork"],"picked":"SKIP","floor":5},{"not_picked":["Cloak And Dagger","Riddle With Holes"],"picked":"Dagger Throw","floor":7},{"not_picked":["Accuracy","Bane"],"picked":"Prepared","floor":8},{"not_picked":["Reflex","Blade Dance"],"picked":"Leg Sweep","floor":10}],"player_experience":183102,"relics_obtained":[{"floor":7,"key":"Pocketwatch"},{"floor":9,"key":"Frozen Egg 2"}],"event_choices":[{"damage_healed":0,"gold_gain":0,"player_choice":"Success","damage_taken":12,"relics_obtained":["PreservedInsect"],"max_hp_gain":0,"max_hp_loss":0,"event_name":"Scrap Ooze","floor":3,"gold_loss":0},{"cards_removed":["Defend_G"],"damage_healed":0,"gold_gain":0,"player_choice":"Forget","damage_taken":0,"max_hp_gain":0,"max_hp_loss":0,"event_name":"Living Wall","floor":4,"gold_loss":0}],"is_beta":false,"boss_relics":[],"items_purged_floors":[],"is_endless":false,"potions_floor_spawned":[1,2,5,10],"killed_by":"3 Louse","ascension_level":0}