{"gold_per_floor":[115,65,65,15,35,65,65,91,91,91,103,123,143,161,161,262,262,277,277,277,293,243,243,513,531,531,531,481,501,379,392,392,495,495,515,465,484,484,502,502,502,532,532,550,562,576,610,610],"floor_reached":48,"playtime":4067,"items_purged":["Strike_G","Expertise","Defend_G+1","Strike_G+1","Malaise+1"],"score":529,"play_id":"95986283-33f9-4167-8192-8474b2b8ea47","local_time":"20190126120329","is_ascension_mode":false,"campfire_choices":[{"data":"Neutralize","floor":7.0,"key":"SMITH"},{"floor":10.0,"key":"REST"},{"floor":15.0,"key":"REST"},{"floor":23.0,"key":"REST"},{"floor":27.0,"key":"REST"},{"floor":32.0,"key":"REST"},{"floor":40.0,"key":"REST"}],"neow_cost":"NONE","seed_source_timestamp":547125654377223,"circlet_count":0,"master_deck":["Defend_G+1","Defend_G+1","Defend_G+1","Survivor+1","Neutralize+1","Blade Dance+1","Infinite Blades","Infinite Blades","Accuracy","Infinite Blades","Blade Dance","Storm of Steel+1","Well Laid Plans+1","Phantasmal Killer","Escape Plan"],"special_seed":0,"relics":["Ring of the Serpent","NeowsBlessing","Smiling Mask","Tough Bandages","Potion Belt","Bottled Flame","Mummified Hand","Astrolabe","Bottled Lightning","Ninja Scroll","War Paint"],"potions_floor_usage":[42,42,42,42,48],"damage_taken":[{"damage":0.0,"enemies":"2 Louse","floor":1.0,"turns":1.0},{"damage":0.0,"enemies":"Jaw Worm","floor":5.0,"turns":1.0},{"damage":0.0,"enemies":"Gremlin Nob","floor":6.0,"turns":1.0},{"damage":45.0,"enemies":"Lagavulin","floor":8.0,"turns":12.0},{"damage":0.0,"enemies":"Cultist","floor":11.0,"turns":3.0},{"damage":6.0,"enemies":"Gremlin Gang","floor":12.0,"turns":8.0},{"damage":0.0,"enemies":"Blue Slaver","floor":13.0,"turns":6.0},{"damage":0.0,"enemies":"Looter","floor":14.0,"turns":4.0},{"damage":29.0,"enemies":"Hexaghost","floor":16.0,"turns":12.0},{"damage":47.0,"enemies":"Spheric Guardian","floor":18.0,"turns":8.0},{"damage":0.0,"enemies":"Chosen","floor":21.0,"turns":6.0},{"damage":6.0,"enemies":"Centurion and Healer","floor":25.0,"turns":5.0},{"damage":3.0,"enemies":"Snake Plant","floor":29.0,"turns":6.0},{"damage":1.0,"enemies":"Cultist and Chosen","floor":31.0,"turns":5.0},{"damage":28.0,"enemies":"Automaton","floor":33.0,"turns":10.0},{"damage":19.0,"enemies":"3 Shapes","floor":35.0,"turns":3.0},{"damage":20.0,"enemies":"Orb Walker","floor":37.0,"turns":4.0},{"damage":9.0,"enemies":"Jaw Worm Horde","floor":39.0,"turns":5.0},{"damage":1,"enemies":"Nemesis","floor":42,"turns":5},{"damage":8,"enemies":"Transient","floor":44,"turns":5},{"damage":5,"enemies":"Spire Growth","floor":45,"turns":4},{"damage":7,"enemies":"3 Darklings","floor":46,"turns":4},{"damage":5,"enemies":"Reptomancer","floor":47,"turns":4},{"damage":16,"enemies":"Sphere and 2 Shapes","floor":48,"turns":3}],"seed_played":"6217214602659149690","potions_obtained":[{"floor":1.0,"key":"Dexterity Potion"},{"floor":5.0,"key":"GhostInAJar"},{"floor":8.0,"key":"EntropicBrew"},{"floor":16.0,"key":"EntropicBrew"},{"floor":25.0,"key":"AttackPotion"},{"floor":33.0,"key":"SneckoOil"},{"floor":35.0,"key":"Energy Potion"},{"floor":37.0,"key":"LiquidBronze"},{"floor":44,"key":"Swift Potion"},{"floor":46,"key":"AttackPotion"},{"floor":47,"key":"Explosive Potion"}],"is_trial":false,"path_per_floor":["M","?","?","$","M","E","R","E","T","R","M","M","M","M","R","B",null,"M","?","?","M","$","R","?","M","T","R","$","M","$","M","R","B",null,"M","$","M","?","M","R","?","E","T","M","M","M","E","M"],"character_chosen":"THE_SILENT","items_purchased":["Infinite Blades"],"campfire_rested":6,"item_purchase_floors":[30],"current_hp_per_floor":[70,70,67,67,67,67,67,22,22,43,43,37,37,37,58,29,70,23,23,23,23,23,44,16,10,10,31,31,28,28,27,48,20,70,51,51,31,31,22,41,41,40,40,32,27,20,15,0],"gold":610,"neow_bonus":"THREE_ENEMY_KILL","is_prod":false,"is_daily":false,"chose_seed":false,"campfire_upgraded":1,"win_rate":0,"timestamp":1548516809,"path_taken":["M","?","?","$","M","E","R","E","T","R","M","?","M","M","R","BOSS","M","?","?","M","$","R","?","?","T","R","$","M","$","M","R","BOSS","M","$","?","?","M","R","?","E","T","M","M","M","E","M"],"build_version":"2019-01-23","purchased_purges":5,"victory":false,"max_hp_per_floor":[70,70,70,70,70,70,70,70,70,70,70,70,70,70,70,70,70,70,70,70,70,70,70,70,70,70,70,70,70,70,70,70,70,70,70,70,70,66,66,66,66,66,66,66,66,66,66,66],"card_choices":[{"not_picked":["Eviscerate","Backstab","Deflect"],"picked":"SKIP","floor":1.0},{"not_picked":["Masterful Stab","Cloak And Dagger","Prepared"],"picked":"SKIP","floor":5.0},{"not_picked":["Prepared","Flying Knee","Dagger Throw"],"picked":"SKIP","floor":6.0},{"not_picked":["Deadly Poison","Underhanded Strike","Prepared"],"picked":"SKIP","floor":8.0},{"not_picked":["Quick Slash","Caltrops"],"picked":"Expertise","floor":11.0},{"not_picked":["Heel Hook","A Thousand Cuts"],"picked":"Blade Dance","floor":12.0},{"not_picked":["Outmaneuver","Reflex"],"picked":"Infinite Blades","floor":13.0},{"not_picked":["Blade Dance","Setup"],"picked":"Infinite Blades","floor":14.0},{"not_picked":["Blur+1","Terror","Backstab"],"picked":"SKIP","floor":18.0},{"not_picked":["Deflect+1","Acrobatics+1","Dodge and Roll+1"],"picked":"SKIP","floor":21.0},{"not_picked":["Predator","Calculated Gamble","Deflect"],"picked":"SKIP","floor":25.0},{"not_picked":["Acrobatics","Poisoned Stab"],"picked":"Accuracy","floor":29.0},{"not_picked":["Catalyst","Poisoned Stab+1"],"picked":"Blade Dance","floor":31.0},{"not_picked":["Choke+1","Outmaneuver+1","Deflect+1"],"picked":"SKIP","floor":35.0},{"not_picked":["Bane","Blade Dance","Noxious Fumes+1"],"picked":"SKIP","floor":37.0},{"not_picked":["Flying Knee+1","Backflip+1","Dagger Throw+1"],"picked":"SKIP","floor":39.0},{"not_picked":["Poisoned Stab+1","Sucker Punch+1"],"picked":"Phantasmal Killer","floor":42},{"not_picked":["Slice+1","Acrobatics","Dagger Spray+1"],"picked":"SKIP","floor":44},{"not_picked":["Acrobatics","Bane"],"picked":"Escape Plan","floor":45},{"not_picked":["Masterful Stab+1","Concentrate+1","Eviscerate"],"picked":"SKIP","floor":46},{"not_picked":["Riddle With Holes","Quick Slash+1","Cloak And Dagger+1"],"picked":"SKIP","floor":47}],"player_experience":220630,"relics_obtained":[{"floor":6.0,"key":"Tough Bandages"},{"floor":8.0,"key":"Potion Belt"},{"floor":9.0,"key":"Bottled Flame"},{"floor":26.0,"key":"Mummified Hand"},{"floor":42,"key":"Bottled Lightning"},{"floor":43,"key":"Ninja Scroll"},{"floor":47,"key":"War Paint"}],"event_choices":[{"cards_removed":["Defend_G"],"damage_healed":0.0,"max_hp_gain":0.0,"max_hp_loss":0.0,"gold_gain":0.0,"event_name":"The Cleric","player_choice":"Card Removal","floor":2.0,"gold_loss":50.0,"damage_taken":0.0},{"damage_healed":0.0,"max_hp_gain":0.0,"max_hp_loss":0.0,"gold_gain":0.0,"event_name":"Scrap Ooze","player_choice":"Success","floor":3.0,"gold_loss":0.0,"damage_taken":3.0,"relics_obtained":["Smiling Mask"]},{"damage_healed":0.0,"max_hp_gain":0.0,"max_hp_loss":0.0,"gold_gain":0.0,"event_name":"Back to Basics","player_choice":"Simplicity","floor":19.0,"gold_loss":0.0,"damage_taken":0.0,"cards_upgraded":["Defend_G","Defend_G","Defend_G","Defend_G","Strike_G","Strike_G","Strike_G","Strike_G"]},{"damage_healed":0.0,"max_hp_gain":0.0,"max_hp_loss":0.0,"gold_gain":0.0,"event_name":"Vampires","player_choice":"Ignored","floor":20.0,"gold_loss":0.0,"damage_taken":0.0},{"damage_healed":0.0,"max_hp_gain":0.0,"max_hp_loss":0.0,"gold_gain":270.0,"event_name":"Knowing Skull","player_choice":"GOLD GOLD GOLD ","floor":24.0,"potions_obtained":[],"gold_loss":0.0,"damage_taken":28.0,"cards_obtained":[]},{"damage_healed":0.0,"max_hp_gain":0.0,"max_hp_loss":4.0,"gold_gain":0.0,"event_name":"Winding Halls","player_choice":"Max HP","floor":38.0,"gold_loss":0.0,"damage_taken":0.0},{"damage_healed":0.0,"max_hp_gain":0.0,"max_hp_loss":0.0,"gold_gain":0.0,"event_name":"Tomb of Lord Red Mask","player_choice":"Ignored","floor":41.0,"gold_loss":0.0,"damage_taken":0.0}],"is_beta":false,"boss_relics":[{"not_picked":["Sozu","Eternal Feather"],"picked":"Ring of the Serpent"},{"not_picked":["Velvet Choker","Cursed Key"],"picked":"Astrolabe"}],"items_purged_floors":[4,22,28,30,36],"is_endless":false,"potions_floor_spawned":[1,5,8,16,25,33,35,37,44,46,47],"killed_by":"Sphere and 2 Shapes","ascension_level":0}