{"gold_per_floor":[112,126,138,63,63,91,91,65,65,85,120,132,149,180,180,276,276,289,40,59,76,90,90,90],"floor_reached":24,"playtime":1018,"items_purged":["Defend_R"],"score":256,"play_id":"2157c0f7-d3d5-4b17-a3b3-e27416261ccb","local_time":"20190106003811","is_ascension_mode":true,"campfire_choices":[{"data":"Clothesline","floor":7,"key":"SMITH"},{"floor":15,"key":"REST"},{"floor":23,"key":"REST"}],"neow_cost":"NONE","seed_source_timestamp":48961029663276,"circlet_count":0,"master_deck":["Strike_R","Strike_R","Strike_R","Strike_R","Defend_R","Defend_R","Bash","Clothesline+1","Iron Wave","Clash","Flex","Twin Strike","Clash","Dropkick","Feed","Rampage+1","Clash+1","Twin Strike+1"],"relics":["Black Blood","Potion Belt","Blue Candle","Mummified Hand","Matryoshka","Bottled Flame"],"potions_floor_usage":[20,21,24],"damage_taken":[{"damage":9,"enemies":"2 Louse","floor":1,"turns":2},{"damage":1,"enemies":"Cultist","floor":2,"turns":3},{"damage":5,"enemies":"Small Slimes","floor":3,"turns":4},{"damage":25,"enemies":"Gremlin Nob","floor":6,"turns":5},{"damage":8,"enemies":"2 Fungi Beasts","floor":10,"turns":3},{"damage":34,"enemies":"3 Sentries","floor":11,"turns":8},{"damage":0,"enemies":"Large Slime","floor":12,"turns":3},{"damage":1,"enemies":"3 Louse","floor":13,"turns":2},{"damage":18,"enemies":"Gremlin Nob","floor":14,"turns":4},{"damage":29,"enemies":"Hexaghost","floor":16,"turns":8},{"damage":5,"enemies":"Chosen","floor":18,"turns":4},{"damage":36,"enemies":"2 Thieves","floor":20,"turns":4},{"damage":34,"enemies":"Centurion and Healer","floor":21,"turns":5},{"damage":49,"enemies":"Chosen and Byrds","floor":22,"turns":7},{"damage":45,"enemies":"Slavers","floor":24,"turns":3}],"seed_played":"-8953634161785834122","potions_obtained":[{"floor":1,"key":"Swift Potion"},{"floor":6,"key":"Weak Potion"},{"floor":12,"key":"Weak Potion"},{"floor":16,"key":"AttackPotion"},{"floor":18,"key":"SpeedPotion"},{"floor":21,"key":"FairyPotion"},{"floor":22,"key":"Block Potion"}],"is_trial":false,"path_per_floor":["M","M","M","$","?","E","R","$","T","M","E","M","M","E","R","B",null,"M","$","M","M","M","R","E"],"character_chosen":"IRONCLAD","items_purchased":["Flex","Bottled Flame"],"campfire_rested":2,"item_purchase_floors":[8,19],"current_hp_per_floor":[77,80,80,80,80,61,61,61,61,59,31,37,42,30,54,31,80,83,83,60,39,12,39,0],"gold":90,"neow_bonus":"REMOVE_CARD","is_prod":false,"is_daily":false,"chose_seed":false,"campfire_upgraded":1,"win_rate":0,"timestamp":1546731491,"path_taken":["M","M","M","$","?","E","R","$","T","M","E","M","M","E","R","BOSS","M","$","?","M","M","R","E"],"build_version":"2019-01-03v4","purchased_purges":1,"victory":false,"max_hp_per_floor":[80,80,80,80,80,80,80,80,80,80,80,80,80,80,80,80,80,83,83,86,89,92,92,95],"card_choices":[{"not_picked":["Infernal Blade","Reckless Charge","Warcry"],"picked":"SKIP","floor":1},{"not_picked":["Thunderclap","Perfected Strike"],"picked":"Clothesline","floor":2},{"not_picked":["Power Through","Pommel Strike"],"picked":"Iron Wave","floor":3},{"not_picked":["Body Slam","Feel No Pain"],"picked":"Clash","floor":6},{"not_picked":["Bludgeon","Corruption","Clash"],"picked":"SKIP","floor":10},{"not_picked":["Anger","True Grit"],"picked":"Twin Strike","floor":11},{"not_picked":["Burning Pact","True Grit"],"picked":"Clash","floor":12},{"not_picked":["Body Slam","Wild Strike","Offering"],"picked":"SKIP","floor":13},{"not_picked":["Perfected Strike","Feel No Pain"],"picked":"Dropkick","floor":14},{"not_picked":["Offering","Reaper"],"picked":"Feed","floor":16},{"not_picked":["Flame Barrier","Pummel+1"],"picked":"Rampage+1","floor":18},{"not_picked":["Metallicize","Thunderclap+1"],"picked":"Clash+1","floor":20},{"not_picked":["Havoc","Second Wind"],"picked":"Twin Strike+1","floor":21},{"not_picked":["Iron Wave+1","Seeing Red","Uppercut"],"picked":"SKIP","floor":22}],"player_experience":125216,"relics_obtained":[{"floor":6,"key":"Potion Belt"},{"floor":9,"key":"Blue Candle"},{"floor":11,"key":"Mummified Hand"},{"floor":14,"key":"Matryoshka"}],"event_choices":[{"cards_removed":["Defend_R"],"damage_healed":0,"gold_gain":0,"player_choice":"Purged","damage_taken":0,"max_hp_gain":0,"max_hp_loss":0,"event_name":"Purifier","floor":5,"gold_loss":0}],"is_beta":false,"boss_relics":[{"not_picked":["Cursed Key","Sozu"],"picked":"Black Blood"}],"items_purged_floors":[4],"is_endless":false,"potions_floor_spawned":[1,6,12,16,18,21,22],"killed_by":"Slavers","ascension_level":1}