{"gold_per_floor":[117,117,196,216,216,246,246,273,273,273,293,293,308,326,326,326],"floor_reached":16,"playtime":546,"items_purged":[],"score":189,"play_id":"c0de7122-966f-40d3-8512-d21a52b1d0a9","local_time":"20190121165353","is_ascension_mode":true,"campfire_choices":[{"data":"Bash","floor":7,"key":"SMITH"},{"data":"Armaments","floor":12,"key":"SMITH"},{"data":"Havoc","floor":15,"key":"SMITH"}],"neow_cost":"NONE","seed_source_timestamp":420978410186400,"circlet_count":0,"master_deck":["Strike_R","Strike_R","Strike_R","Defend_R","Defend_R","Defend_R","Defend_R","Bash+1","Shrug It Off","Iron Wave","Fiend Fire","Havoc+1","Armaments+1","Shrug It Off"],"relics":["Burning Blood","NeowsBlessing","Frozen Egg 2","Potion Belt","Dodecahedron","Anchor"],"potions_floor_usage":[16],"damage_taken":[{"damage":0,"enemies":"2 Louse","floor":1,"turns":1},{"damage":0,"enemies":"Jaw Worm","floor":4,"turns":1},{"damage":0,"enemies":"Lagavulin","floor":6,"turns":1},{"damage":24,"enemies":"Gremlin Nob","floor":8,"turns":4},{"damage":1,"enemies":"Cultist","floor":11,"turns":3},{"damage":0,"enemies":"3 Louse","floor":13,"turns":4},{"damage":0,"enemies":"2 Fungi Beasts","floor":14,"turns":3},{"damage":59,"enemies":"Slime Boss","floor":16,"turns":15}],"seed_played":"-8184946680054378569","potions_obtained":[{"floor":6,"key":"Explosive Potion"},{"floor":8,"key":"SpeedPotion"},{"floor":13,"key":"SpeedPotion"}],"is_trial":false,"path_per_floor":["M","?","T","M","?","E","R","E","T","?","M","R","M","M","R","B"],"character_chosen":"IRONCLAD","items_purchased":[],"campfire_rested":0,"item_purchase_floors":[],"current_hp_per_floor":[78,71,71,77,74,80,80,62,62,62,67,67,73,79,79,20],"gold":326,"neow_bonus":"THREE_ENEMY_KILL","is_prod":false,"is_daily":false,"chose_seed":false,"campfire_upgraded":3,"win_rate":0,"timestamp":1548089633,"path_taken":["M","?","?","?","?","E","R","E","T","?","M","R","M","M","R","BOSS"],"build_version":"2019-01-17v2","purchased_purges":0,"victory":false,"max_hp_per_floor":[80,80,80,80,80,80,80,80,80,80,80,80,80,80,80,80],"card_choices":[{"not_picked":["Anger","Perfected Strike"],"picked":"Shrug It Off","floor":1},{"not_picked":["Entrench","Heavy Blade"],"picked":"Iron Wave","floor":4},{"not_picked":["Armaments","Shrug It Off"],"picked":"Fiend Fire","floor":6},{"not_picked":["Body Slam","Pummel"],"picked":"Havoc","floor":8},{"not_picked":["Pommel Strike","Warcry"],"picked":"Armaments","floor":11},{"not_picked":["Wild Strike","Carnage","Burning Pact"],"picked":"SKIP","floor":13},{"not_picked":["Dual Wield","Sword Boomerang"],"picked":"Shrug It Off","floor":14}],"player_experience":143562,"relics_obtained":[{"floor":3,"key":"Frozen Egg 2"},{"floor":6,"key":"Dodecahedron"},{"floor":8,"key":"Anchor"}],"event_choices":[{"cards_removed":["Strike_R"],"damage_healed":0,"gold_gain":0,"player_choice":"Card Removal","damage_taken":7,"max_hp_gain":0,"max_hp_loss":0,"event_name":"Golden Wing","floor":2,"gold_loss":0},{"damage_healed":0,"gold_gain":0,"player_choice":"Success","damage_taken":3,"relics_obtained":["Potion Belt"],"max_hp_gain":0,"max_hp_loss":0,"event_name":"Scrap Ooze","floor":5,"gold_loss":0},{"cards_removed":["Strike_R"],"damage_healed":0,"gold_gain":0,"player_choice":"Forget","damage_taken":0,"max_hp_gain":0,"max_hp_loss":0,"event_name":"Living Wall","floor":10,"gold_loss":0}],"is_beta":false,"boss_relics":[],"items_purged_floors":[],"is_endless":false,"potions_floor_spawned":[6,8,13],"killed_by":"Slime Boss","ascension_level":8}