{"gold_per_floor":[10,23,23,23,23,67,141,30,111,126,126,151,180,223,223,344,344,365,365,114,127,127,127,143,143,168,182,222,77,120,35,35,164,164,189,64,64,83,416,416,443,443],"floor_reached":42,"playtime":4078,"items_purged":["Strike_R","Strike_R","Strike_R"],"score":520,"play_id":"e77b408c-8216-42e7-8bc4-81d60eeb2074","local_time":"20190130181328","is_ascension_mode":false,"campfire_choices":[{"floor":11,"key":"REST"},{"data":"Rampage","floor":15,"key":"SMITH"},{"data":"Feed","floor":23,"key":"SMITH"},{"data":"Spot Weakness","floor":25,"key":"SMITH"},{"floor":32,"key":"REST"},{"floor":40,"key":"REST"}],"neow_cost":"NO_GOLD","seed_source_timestamp":73923889746393,"circlet_count":0,"master_deck":["Strike_R+1","Defend_R+1","Defend_R+1","Bash","Flame Barrier+1","Spot Weakness+1","Rampage+1","Shrug It Off+1","Feed+1","Metallicize+1","Heavy Blade+1","Twin Strike+1","Shockwave+1","Metallicize","Good Instincts+1","Pommel Strike"],"relics":["Burning Blood","Sundial","Ice Cream","Toxic Egg 2","Odd Mushroom","Paper Frog","Lizard Tail","War Paint","Nloth\u0027s Gift","Dream Catcher","Blood Vial","Vajra","Shuriken","Torii","Orrery","Kunai"],"potions_floor_usage":[6,7,16,16,28,28,41],"damage_taken":[{"damage":10,"enemies":"Jaw Worm","floor":1,"turns":4},{"damage":0,"enemies":"Small Slimes","floor":2,"turns":4},{"damage":6,"enemies":"Gremlin Nob","floor":6,"turns":4},{"damage":24,"enemies":"Gremlin Nob","floor":7,"turns":4},{"damage":0,"enemies":"2 Louse","floor":10,"turns":2},{"damage":4,"enemies":"Large Slime","floor":12,"turns":5},{"damage":8,"enemies":"The Mushroom Lair","floor":13,"turns":5},{"damage":7,"enemies":"Lagavulin","floor":14,"turns":5},{"damage":43,"enemies":"Slime Boss","floor":16,"turns":12},{"damage":5,"enemies":"Chosen","floor":18,"turns":5},{"damage":1,"enemies":"Shell Parasite","floor":21,"turns":5},{"damage":22,"enemies":"Shelled Parasite and Fungi","floor":24,"turns":6},{"damage":5,"enemies":"Cultist and Chosen","floor":27,"turns":5},{"damage":47,"enemies":"Slavers","floor":28,"turns":8},{"damage":4,"enemies":"Book of Stabbing","floor":30,"turns":6},{"damage":24,"enemies":"Automaton","floor":33,"turns":10},{"damage":23,"enemies":"3 Darklings","floor":35,"turns":6},{"damage":22,"enemies":"3 Shapes","floor":38,"turns":4},{"damage":80,"enemies":"Nemesis","floor":41,"turns":13},{"damage":0,"enemies":"Transient","floor":42,"turns":2}],"seed_played":"1916372635710115526","potions_obtained":[{"floor":1,"key":"Poison Potion"},{"floor":2,"key":"Energy Potion"},{"floor":10,"key":"Dexterity Potion"},{"floor":14,"key":"Energy Potion"},{"floor":16,"key":"FearPotion"},{"floor":24,"key":"Energy Potion"},{"floor":27,"key":"GamblersBrew"},{"floor":28,"key":"EssenceOfSteel"}],"is_trial":false,"path_per_floor":["M","M","?","?","?","E","?","$","T","M","R","M","?","E","R","B",null,"M","?","$","M","?","R","M","R","T","M","E","$","E","?","R","B",null,"M","$","?","M","?","R","E","M"],"character_chosen":"IRONCLAD","items_purchased":["Rampage","War Paint","Vajra"],"campfire_rested":3,"item_purchase_floors":[8,20,29],"current_hp_per_floor":[76,80,64,44,37,37,19,19,19,25,49,51,49,48,48,11,80,80,64,64,69,69,69,57,57,57,62,21,21,25,25,51,39,92,75,75,65,55,55,83,11,13],"gold":443,"neow_bonus":"REMOVE_TWO","is_prod":false,"is_daily":false,"chose_seed":false,"campfire_upgraded":3,"win_rate":0,"timestamp":1548884608,"path_taken":["M","M","?","?","?","E","?","$","T","M","R","?","?","E","R","BOSS","M","?","$","M","?","R","M","R","T","?","E","$","E","?","R","BOSS","M","$","?","M","?","R","E","M"],"build_version":"2019-01-23","purchased_purges":3,"victory":false,"max_hp_per_floor":[80,80,80,80,80,80,80,80,80,80,80,80,80,80,80,80,80,80,80,80,80,80,80,84,84,84,88,88,88,88,88,88,92,92,92,92,92,96,96,96,96,96],"card_choices":[{"not_picked":["Carnage","Rage"],"picked":"Flame Barrier","floor":1},{"not_picked":["Thunderclap","Twin Strike"],"picked":"Spot Weakness","floor":2},{"not_picked":["Barricade","Headbutt","Sword Boomerang"],"picked":"SKIP","floor":6},{"not_picked":["Heavy Blade","Seeing Red+1","Clothesline"],"picked":"SKIP","floor":10},{"not_picked":["Disarm+1","Havoc+1"],"picked":"Shrug It Off+1","floor":12},{"not_picked":["Fire Breathing","Pommel Strike","Anger"],"picked":"SKIP","floor":14},{"not_picked":["Reaper","Double Tap+1"],"picked":"Feed","floor":16},{"not_picked":["Blood for Blood","Headbutt+1","Sword Boomerang"],"picked":"SKIP","floor":18},{"not_picked":["Iron Wave","Feel No Pain+1","Anger"],"picked":"SKIP","floor":21},{"not_picked":["Reckless Charge+1","Havoc+1","Cleave"],"picked":"SKIP","floor":24},{"not_picked":["Thunderclap","Intimidate+1"],"picked":"Metallicize+1","floor":27},{"not_picked":["Juggernaut","Havoc+1","True Grit+1"],"picked":"SKIP","floor":28},{"not_picked":["Pummel","Berserk","Fiend Fire"],"picked":"SKIP","floor":30},{"not_picked":["Wild Strike","Clash"],"picked":"Heavy Blade+1","floor":32},{"not_picked":["Pummel","Evolve+1"],"picked":"Twin Strike+1","floor":34},{"not_picked":["Shrug It Off+1","Cleave"],"picked":"Shockwave+1","floor":34},{"not_picked":["Twin Strike","Sword Boomerang"],"picked":"Metallicize","floor":34},{"not_picked":["Cleave+1","Clothesline","Clash+1"],"picked":"SKIP","floor":35},{"not_picked":["HandOfGreed","Apotheosis+1"],"picked":"Good Instincts+1","floor":37},{"not_picked":["Clash","Exhume+1","Clothesline+1"],"picked":"SKIP","floor":38},{"not_picked":["Juggernaut","Sword Boomerang+1"],"picked":"Pommel Strike","floor":41}],"player_experience":267809,"relics_obtained":[{"floor":6,"key":"Sundial"},{"floor":7,"key":"Ice Cream"},{"floor":9,"key":"Toxic Egg 2"},{"floor":13,"key":"Odd Mushroom"},{"floor":14,"key":"Paper Frog"},{"floor":19,"key":"Necronomicon"},{"floor":26,"key":"Dream Catcher"},{"floor":28,"key":"Blood Vial"},{"floor":30,"key":"Shuriken"},{"floor":41,"key":"Kunai"}],"event_choices":[{"damage_healed":0,"gold_gain":0,"player_choice":"Entered Light","damage_taken":16,"max_hp_gain":0,"max_hp_loss":0,"event_name":"Shining Light","floor":3,"gold_loss":0,"cards_upgraded":["Defend_R","Strike_R"]},{"damage_healed":0,"gold_gain":0,"player_choice":"Take Damage","damage_taken":20,"relics_obtained":["Golden Idol"],"max_hp_gain":0,"max_hp_loss":0,"event_name":"Golden Idol","floor":4,"gold_loss":0},{"cards_removed":["Defend_R"],"damage_healed":0,"gold_gain":0,"player_choice":"Card Removal","damage_taken":7,"max_hp_gain":0,"max_hp_loss":0,"event_name":"Golden Wing","floor":5,"gold_loss":0},{"damage_healed":0,"gold_gain":30,"player_choice":"Searched \u00272\u0027 times","damage_taken":0,"max_hp_gain":0,"max_hp_loss":0,"event_name":"Dead Adventurer","floor":7,"gold_loss":0},{"damage_healed":0,"gold_gain":0,"player_choice":"Fought Mushrooms","damage_taken":0,"max_hp_gain":0,"max_hp_loss":0,"event_name":"Mushrooms","floor":13,"gold_loss":0},{"damage_healed":0,"gold_gain":0,"player_choice":"Obtained Book","damage_taken":16,"max_hp_gain":0,"max_hp_loss":0,"event_name":"Cursed Tome","floor":19,"gold_loss":0},{"damage_healed":0,"gold_gain":0,"player_choice":"Traded Relic","damage_taken":0,"relics_obtained":["Nloth\u0027s Gift"],"max_hp_gain":0,"max_hp_loss":0,"event_name":"N\u0027loth","floor":22,"relics_lost":["Necronomicon"],"gold_loss":0},{"damage_healed":0,"gold_gain":0,"player_choice":"Obtained Relic","damage_taken":0,"relics_obtained":["Torii"],"max_hp_gain":0,"max_hp_loss":0,"event_name":"Addict","floor":31,"gold_loss":85},{"damage_healed":0,"gold_gain":0,"player_choice":"Memory 3","damage_taken":10,"max_hp_gain":0,"max_hp_loss":0,"event_name":"SensoryStone","floor":37,"gold_loss":0},{"damage_healed":0,"gold_gain":333,"player_choice":"Gave Idol","damage_taken":0,"max_hp_gain":0,"max_hp_loss":0,"event_name":"The Moai Head","floor":39,"relics_lost":["Golden Idol"],"gold_loss":0}],"is_beta":false,"boss_relics":[{"not_picked":["Fusion Hammer","Calling Bell"],"picked":"Lizard Tail"},{"not_picked":["Black Blood","Philosopher\u0027s Stone"],"picked":"Orrery"}],"items_purged_floors":[8,20,36],"is_endless":false,"potions_floor_spawned":[1,2,10,14,16,24,27,28],"killed_by":"Transient","ascension_level":0}