{"gold_per_floor":[366,384,401,413,24,24,40,58,58,70,81,107,26,44,44,139,139,153,164,10,280,6,6,19,32,56,56,72,84,84,104,104,201,201,212,232,247,247,2,2,2,2,76,76,90,104,204,218,218,218,218,218,0,34,34],"floor_reached":55,"playtime":5394,"items_purged":["Strike_R"],"score":729,"play_id":"30fdee26-6cad-48e3-8bd9-da134e59b105","local_time":"20190202144108","is_ascension_mode":false,"campfire_choices":[{"data":"Feed","floor":6,"key":"SMITH"},{"data":"Demon Form","floor":15,"key":"SMITH"},{"floor":23,"key":"REST"},{"floor":30,"key":"REST"},{"floor":32,"key":"REST"},{"floor":40,"key":"RECALL"},{"data":"Shockwave","floor":44,"key":"SMITH"},{"floor":49,"key":"REST"},{"data":"Armaments","floor":52,"key":"SMITH"}],"neow_cost":"TEN_PERCENT_HP_LOSS","seed_source_timestamp":237180155659650,"circlet_count":0,"master_deck":["Strike_R","Strike_R","Strike_R","Strike_R","Defend_R","Defend_R","Defend_R","Defend_R","Bash","Dropkick","Flame Barrier","Feed+1","Shrug It Off","Inflame","Impervious","Feed","Headbutt","Armaments+1","Whirlwind+1","Double Tap+1","Demon Form+1","Shockwave+1","Uppercut+1","Impervious","Clothesline+1","Flame Barrier+1","Inflame+1","Shrug It Off","Shame","Flame Barrier","Juggernaut","Dual Wield+1","Shockwave+1","Parasite","Headbutt+1","Inflame","Blood for Blood+1","Sword Boomerang+1","Heavy Blade+1","Metallicize","Heavy Blade+1"],"relics":["Burning Blood","Molten Egg 2","Ancient Tea Set","Runic Pyramid","Lantern","Membership Card","Oddly Smooth Stone","Potion Belt","Philosopher\u0027s Stone","FossilizedHelix","Meat on the Bone","Toy Ornithopter","Du-Vu Doll"],"potions_floor_usage":[12,12,16,16,33,33,48,48,50,50,50,54,54,55,55],"damage_taken":[{"damage":5,"enemies":"Cultist","floor":1,"turns":4},{"damage":5,"enemies":"Jaw Worm","floor":2,"turns":4},{"damage":0,"enemies":"Small Slimes","floor":3,"turns":4},{"damage":31,"enemies":"Exordium Thugs","floor":4,"turns":8},{"damage":3,"enemies":"3 Louse","floor":7,"turns":3},{"damage":6,"enemies":"Red Slaver","floor":8,"turns":6},{"damage":9,"enemies":"Lots of Slimes","floor":10,"turns":7},{"damage":0,"enemies":"Large Slime","floor":11,"turns":7},{"damage":17,"enemies":"3 Sentries","floor":12,"turns":12},{"damage":5,"enemies":"2 Fungi Beasts","floor":14,"turns":7},{"damage":53,"enemies":"Hexaghost","floor":16,"turns":8},{"damage":20,"enemies":"Shell Parasite","floor":18,"turns":9},{"damage":3,"enemies":"3 Byrds","floor":19,"turns":3},{"damage":11,"enemies":"Snecko","floor":24,"turns":5},{"damage":43,"enemies":"Shelled Parasite and Fungi","floor":25,"turns":11},{"damage":13,"enemies":"Centurion and Healer","floor":28,"turns":5},{"damage":12,"enemies":"Sentry and Sphere","floor":29,"turns":7},{"damage":13,"enemies":"Shelled Parasite and Fungi","floor":31,"turns":11},{"damage":116,"enemies":"Collector","floor":33,"turns":12},{"damage":24,"enemies":"3 Shapes","floor":35,"turns":7},{"damage":13,"enemies":"Orb Walker","floor":36,"turns":5},{"damage":22,"enemies":"Writhing Mass","floor":37,"turns":8},{"damage":40,"enemies":"4 Shapes","floor":45,"turns":9},{"damage":23,"enemies":"Jaw Worm Horde","floor":46,"turns":5},{"damage":37,"enemies":"Spire Growth","floor":48,"turns":5},{"damage":59,"enemies":"Donu and Deca","floor":50,"turns":8},{"damage":59,"enemies":"Shield and Spear","floor":54,"turns":7},{"damage":160,"enemies":"The Heart","floor":55,"turns":8}],"seed_played":"2599935636951838942","potions_obtained":[{"floor":3,"key":"BloodPotion"},{"floor":4,"key":"SteroidPotion"},{"floor":8,"key":"SteroidPotion"},{"floor":14,"key":"SkillPotion"},{"floor":24,"key":"EssenceOfSteel"},{"floor":29,"key":"Energy Potion"},{"floor":33,"key":"Poison Potion"},{"floor":35,"key":"BloodPotion"},{"floor":36,"key":"Energy Potion"},{"floor":45,"key":"FearPotion"},{"floor":54,"key":"AttackPotion"}],"is_trial":false,"path_per_floor":["M","M","M","M","$","R","M","M","T","M","M","E","$","M","R","B",null,"M","M","$","?","$","R","M","M","T","?","M","M","R","M","R","B",null,"M","M","M","?","$","R","$","?","T","R","M","M","?","M","R","B",null,"R","$","E","B"],"character_chosen":"IRONCLAD","items_purchased":["Inflame","Impervious","Feed","Headbutt","Shockwave","Lantern","Membership Card","Oddly Smooth Stone","FossilizedHelix","BloodPotion","Inflame","SpeedPotion","Fire Potion","Fire Potion","Toy Ornithopter","Metallicize"],"campfire_rested":4,"item_purchase_floors":[5,5,5,5,13,20,22,22,39,39,39,53,53,53,53,53],"current_hp_per_floor":[72,72,72,50,50,50,60,63,63,67,80,76,76,84,84,48,113,99,102,102,58,58,91,86,53,53,53,50,51,89,89,129,19,135,124,120,107,107,107,107,107,107,107,107,89,91,91,72,119,96,159,159,159,109,0],"gold":34,"neow_bonus":"TWO_FIFTY_GOLD","is_prod":false,"is_daily":false,"chose_seed":false,"campfire_upgraded":4,"win_rate":0,"timestamp":1549147268,"path_taken":["M","M","M","M","$","R","M","M","T","M","M","E","?","M","R","BOSS","M","M","$","?","$","R","?","M","T","?","M","M","R","M","R","BOSS","M","M","M","?","$","R","?","?","T","R","?","?","?","?","R","BOSS","R","$","E","BOSS"],"build_version":"2019-01-23","purchased_purges":1,"victory":false,"max_hp_per_floor":[72,72,72,75,75,75,82,85,85,92,99,106,106,113,113,113,113,113,113,113,113,113,113,113,117,117,117,121,128,128,135,135,135,135,142,145,148,148,148,148,148,148,148,148,152,159,159,159,159,159,159,159,159,162,162],"card_choices":[{"not_picked":["Twin Strike","Anger"],"picked":"Dropkick","floor":1},{"not_picked":["Twin Strike","Thunderclap"],"picked":"Flame Barrier","floor":2},{"not_picked":["Power Through","Body Slam"],"picked":"Feed","floor":3},{"not_picked":["Ghostly Armor","Clash"],"picked":"Shrug It Off","floor":4},{"not_picked":["Clash","Havoc","Dropkick"],"picked":"SKIP","floor":7},{"not_picked":["Pommel Strike","Pummel"],"picked":"Armaments","floor":8},{"not_picked":["True Grit","Feel No Pain"],"picked":"Whirlwind+1","floor":10},{"not_picked":["Flex","Havoc"],"picked":"Double Tap","floor":11},{"not_picked":["Inflame","Berserk"],"picked":"Demon Form","floor":12},{"not_picked":["Twin Strike+1","True Grit"],"picked":"Uppercut+1","floor":14},{"not_picked":["Fiend Fire+1","Brutality"],"picked":"Impervious","floor":16},{"not_picked":["Intimidate","Rage+1"],"picked":"Clothesline+1","floor":18},{"not_picked":["Flex","Armaments+1"],"picked":"Flame Barrier+1","floor":19},{"not_picked":["Warcry","Intimidate"],"picked":"Inflame+1","floor":24},{"not_picked":["Heavy Blade+1","Iron Wave+1"],"picked":"Shrug It Off","floor":25},{"not_picked":["Anger+1","Thunderclap+1"],"picked":"Flame Barrier","floor":28},{"not_picked":["Second Wind","Warcry+1","Clash+1"],"picked":"SKIP","floor":29},{"not_picked":["Corruption","Searing Blow+1","Clothesline+1"],"picked":"SKIP","floor":31},{"not_picked":["Double Tap","Feed+1"],"picked":"Juggernaut","floor":33},{"not_picked":["Cleave+1","Wild Strike+1"],"picked":"Dual Wield","floor":35},{"not_picked":["Pummel+1","Warcry+1"],"picked":"Shockwave+1","floor":36},{"not_picked":["Clash+1","Body Slam+1"],"picked":"Headbutt+1","floor":37},{"not_picked":["Hemokinesis+1","Flex+1"],"picked":"Blood for Blood+1","floor":45},{"not_picked":["Flex+1","Thunderclap+1"],"picked":"Sword Boomerang+1","floor":46},{"not_picked":["Twin Strike+1","Hemokinesis+1"],"picked":"Heavy Blade+1","floor":48},{"not_picked":["Second Wind","Rage+1"],"picked":"Heavy Blade+1","floor":54}],"player_experience":165615,"relics_obtained":[{"floor":9,"key":"Molten Egg 2"},{"floor":12,"key":"Ancient Tea Set"},{"floor":43,"key":"Meat on the Bone"},{"floor":54,"key":"Du-Vu Doll"}],"event_choices":[{"damage_healed":0,"gold_gain":270,"player_choice":"GOLD GOLD GOLD ","damage_taken":44,"max_hp_gain":0,"max_hp_loss":0,"event_name":"Knowing Skull","floor":21,"potions_obtained":[],"gold_loss":0,"cards_obtained":[]},{"damage_healed":0,"gold_gain":0,"player_choice":"Stole Relic","damage_taken":0,"relics_obtained":["Potion Belt"],"max_hp_gain":0,"max_hp_loss":0,"event_name":"Addict","floor":27,"gold_loss":0,"cards_obtained":["Shame"]},{"damage_healed":0,"gold_gain":0,"player_choice":"Upgraded","damage_taken":0,"max_hp_gain":0,"max_hp_loss":0,"event_name":"Upgrade Shrine","floor":38,"gold_loss":0,"cards_upgraded":["Dual Wield"]},{"damage_healed":0,"gold_gain":0,"player_choice":"Forge","damage_taken":0,"max_hp_gain":0,"max_hp_loss":0,"event_name":"Accursed Blacksmith","floor":42,"gold_loss":0,"cards_upgraded":["Double Tap"]},{"damage_healed":0,"gold_gain":100,"player_choice":"Pray","damage_taken":0,"max_hp_gain":0,"max_hp_loss":0,"event_name":"Golden Shrine","floor":47,"gold_loss":0}],"is_beta":false,"boss_relics":[{"not_picked":["Eternal Feather","Mark of Pain"],"picked":"Runic Pyramid"},{"not_picked":["White Beast Statue","Astrolabe"],"picked":"Philosopher\u0027s Stone"}],"items_purged_floors":[39],"is_endless":false,"potions_floor_spawned":[3,4,8,11,14,24,29,33,35,36,45,54],"killed_by":"The Heart","ascension_level":0}