{"gold_per_floor":[119,136,136,136,150,150,163,177,177,177,206,131,160,160,160,260,260,246,246,262,262,262],"floor_reached":22,"playtime":588,"items_purged":["Defend_R"],"score":219,"play_id":"8cb1d0b2-f5a7-41ad-8d6a-23a6ca80ef12","local_time":"20190125215902","is_ascension_mode":false,"campfire_choices":[{"data":"Bash","floor":6,"key":"SMITH"},{"data":"Defend_R","floor":10,"key":"SMITH"},{"floor":15,"key":"REST"}],"neow_cost":"NONE","seed_source_timestamp":533635082037696,"circlet_count":0,"master_deck":["Strike_R","Strike_R","Strike_R","Defend_R+1","Defend_R","Bash+1"],"relics":["Burning Blood","NeowsBlessing","Frozen Egg 2","FossilizedHelix","Darkstone Periapt","Empty Cage"],"potions_floor_usage":[11,13,16,16,22,22],"damage_taken":[{"damage":0,"enemies":"Jaw Worm","floor":1,"turns":1},{"damage":0,"enemies":"Small Slimes","floor":2,"turns":1},{"damage":0,"enemies":"Cultist","floor":5,"turns":1},{"damage":6,"enemies":"Blue Slaver","floor":7,"turns":5},{"damage":27,"enemies":"Exordium Thugs","floor":8,"turns":5},{"damage":49,"enemies":"3 Sentries","floor":11,"turns":14},{"damage":0,"enemies":"Gremlin Nob","floor":13,"turns":3},{"damage":56,"enemies":"The Guardian","floor":16,"turns":14},{"damage":22,"enemies":"2 Thieves","floor":18,"turns":4},{"damage":50,"enemies":"Spheric Guardian","floor":20,"turns":6},{"damage":20,"enemies":"Shelled Parasite and Fungi","floor":22,"turns":4}],"seed_played":"6157536935590416498","potions_obtained":[{"floor":1,"key":"BloodPotion"},{"floor":4,"key":"AttackPotion"},{"floor":4,"key":"EssenceOfSteel"},{"floor":11,"key":"Poison Potion"},{"floor":13,"key":"BloodPotion"},{"floor":20,"key":"Dexterity Potion"}],"is_trial":false,"path_per_floor":["M","M","?","?","M","R","M","M","T","R","E","$","E","?","R","B",null,"M","?","M","?","M"],"character_chosen":"IRONCLAD","items_purchased":[],"campfire_rested":1,"item_purchase_floors":[],"current_hp_per_floor":[80,80,80,80,80,80,80,59,59,59,24,24,30,30,54,12,80,64,64,20,20,0],"gold":262,"neow_bonus":"THREE_ENEMY_KILL","is_prod":false,"is_daily":false,"chose_seed":false,"campfire_upgraded":2,"win_rate":0,"timestamp":1548466142,"path_taken":["M","M","?","?","?","R","M","M","T","R","E","$","E","?","R","BOSS","M","?","M","?","M"],"build_version":"2019-01-23","purchased_purges":1,"victory":false,"max_hp_per_floor":[80,80,80,80,80,80,80,80,80,80,80,80,80,80,80,80,80,80,80,80,80,80],"card_choices":[{"not_picked":["Power Through","Warcry","Iron Wave"],"picked":"SKIP","floor":1},{"not_picked":["Fire Breathing","Body Slam","Blood for Blood"],"picked":"SKIP","floor":2},{"not_picked":["Reckless Charge","Infernal Blade","Wild Strike"],"picked":"SKIP","floor":5},{"not_picked":["Warcry","Perfected Strike","Anger"],"picked":"SKIP","floor":7},{"not_picked":["Hemokinesis","Twin Strike","Heavy Blade"],"picked":"SKIP","floor":8},{"not_picked":["Rage","Body Slam","Seeing Red"],"picked":"SKIP","floor":11},{"not_picked":["True Grit","Carnage","Clothesline"],"picked":"SKIP","floor":13},{"not_picked":["Blood for Blood","Disarm","Iron Wave+1"],"picked":"SKIP","floor":18},{"not_picked":["Warcry","Rage","Headbutt"],"picked":"SKIP","floor":20}],"player_experience":215043,"relics_obtained":[{"floor":9,"key":"Frozen Egg 2"},{"floor":11,"key":"FossilizedHelix"},{"floor":13,"key":"Darkstone Periapt"}],"event_choices":[{"cards_removed":["Strike_R"],"damage_healed":0,"gold_gain":0,"player_choice":"Forget","damage_taken":0,"max_hp_gain":0,"max_hp_loss":0,"event_name":"Living Wall","floor":3,"gold_loss":0},{"damage_healed":0,"gold_gain":0,"player_choice":"Got Potions","damage_taken":0,"max_hp_gain":0,"max_hp_loss":0,"event_name":"Lab","floor":4,"gold_loss":0},{"damage_healed":0,"gold_gain":0,"player_choice":"0 cards matched","damage_taken":0,"max_hp_gain":0,"max_hp_loss":0,"event_name":"Match and Keep!","floor":14,"gold_loss":0,"cards_obtained":[]},{"damage_healed":0,"gold_gain":0,"player_choice":"Ignored","damage_taken":0,"max_hp_gain":0,"max_hp_loss":0,"event_name":"Vampires","floor":19,"gold_loss":0},{"damage_healed":0,"gold_gain":0,"player_choice":"Ignored","damage_taken":0,"max_hp_gain":0,"max_hp_loss":0,"event_name":"Ghosts","floor":21,"gold_loss":0}],"is_beta":false,"boss_relics":[{"not_picked":["White Beast Statue","Fusion Hammer"],"picked":"Empty Cage"}],"items_purged_floors":[12],"is_endless":false,"potions_floor_spawned":[1,8,11,13,20],"killed_by":"Shelled Parasite and Fungi","ascension_level":0}