{"gold_per_floor":[117,117,129,145,164,196,196,213,264,16,26,26,51,64,64,159,159,179,179,179,203,7,7],"floor_reached":23,"playtime":956,"items_purged":[],"score":231,"play_id":"a446b278-55c1-44f3-9d7b-d929fbfb2086","local_time":"20190111161048","is_ascension_mode":true,"campfire_choices":[{"data":"Armaments","floor":7,"key":"SMITH"},{"data":"Inflame","floor":15,"key":"SMITH"}],"neow_cost":"NONE","seed_source_timestamp":21433571661732,"circlet_count":0,"master_deck":["Strike_R","Strike_R","Strike_R","Defend_R","Defend_R","Defend_R","Defend_R","Bash","Deep Breath","Sword Boomerang+1","Iron Wave","Armaments+1","Inflame+1","Fire Breathing","Shrug It Off+1","Carnage+1","Reckless Charge+1","Barricade","Disarm+1","RitualDagger+1","Flame Barrier+1"],"relics":["Burning Blood","Pen Nib","Vajra","Toxic Egg 2","Molten Egg 2","Empty Cage","Lantern","Potion Belt"],"potions_floor_usage":[13,14,18,23],"damage_taken":[{"damage":7,"enemies":"Jaw Worm","floor":1,"turns":5},{"damage":0,"enemies":"Cultist","floor":3,"turns":3},{"damage":4,"enemies":"2 Louse","floor":4,"turns":2},{"damage":6,"enemies":"Large Slime","floor":5,"turns":7},{"damage":17,"enemies":"Lagavulin","floor":6,"turns":7},{"damage":11,"enemies":"Blue Slaver","floor":8,"turns":4},{"damage":13,"enemies":"Gremlin Gang","floor":11,"turns":5},{"damage":20,"enemies":"3 Sentries","floor":13,"turns":7},{"damage":1,"enemies":"Lots of Slimes","floor":14,"turns":4},{"damage":15,"enemies":"The Guardian","floor":16,"turns":8},{"damage":1,"enemies":"Shell Parasite","floor":18,"turns":3},{"damage":85,"enemies":"Gremlin Leader","floor":23,"turns":11}],"seed_played":"1821817972515079999","potions_obtained":[{"floor":1,"key":"Energy Potion"},{"floor":3,"key":"Regen Potion"},{"floor":5,"key":"Explosive Potion"},{"floor":13,"key":"Explosive Potion"}],"is_trial":false,"path_per_floor":["M","?","M","M","M","E","R","M","T","$","M","$","E","M","R","B",null,"M","?","?","T","$","E"],"character_chosen":"IRONCLAD","items_purchased":["Toxic Egg 2","Flame Barrier+1","Potion Belt"],"campfire_rested":0,"item_purchase_floors":[10,22,22],"current_hp_per_floor":[79,79,80,80,80,69,69,64,64,64,57,57,57,62,62,53,80,80,74,74,74,74,0],"gold":7,"neow_bonus":"RANDOM_COLORLESS","is_prod":false,"is_daily":false,"chose_seed":false,"campfire_upgraded":2,"win_rate":0,"timestamp":1547219448,"path_taken":["M","?","M","M","M","E","R","M","T","$","M","?","E","M","R","BOSS","M","?","?","?","$","E"],"build_version":"2019-01-10","purchased_purges":0,"victory":false,"max_hp_per_floor":[80,80,80,80,80,80,80,80,80,80,80,80,80,80,80,80,80,80,80,80,80,80,80],"card_choices":[{"not_picked":["Warcry","Wild Strike"],"picked":"Sword Boomerang","floor":1},{"not_picked":["True Grit","Corruption"],"picked":"Iron Wave","floor":3},{"not_picked":["Uppercut","Anger"],"picked":"Armaments","floor":4},{"not_picked":["Headbutt","Pummel"],"picked":"Inflame","floor":5},{"not_picked":["Heavy Blade","Entrench"],"picked":"Fire Breathing","floor":6},{"not_picked":["Anger","Fire Breathing","Wild Strike"],"picked":"SKIP","floor":8},{"not_picked":["Armaments+1","Double Tap+1"],"picked":"Shrug It Off+1","floor":11},{"not_picked":["Perfected Strike","Havoc+1"],"picked":"Carnage","floor":13},{"not_picked":["Iron Wave+1","Havoc+1"],"picked":"Reckless Charge+1","floor":14},{"not_picked":["Brutality","Offering+1"],"picked":"Barricade","floor":16},{"not_picked":["Reckless Charge+1","Sword Boomerang+1"],"picked":"Disarm+1","floor":18}],"player_experience":182529,"relics_obtained":[{"floor":6,"key":"Pen Nib"},{"floor":9,"key":"Vajra"},{"floor":13,"key":"Molten Egg 2"},{"floor":21,"key":"Lantern"}],"event_choices":[{"damage_healed":0,"gold_gain":0,"player_choice":"Forge","damage_taken":0,"max_hp_gain":0,"max_hp_loss":0,"event_name":"Accursed Blacksmith","floor":2,"gold_loss":0,"cards_upgraded":["Sword Boomerang"]},{"damage_healed":0,"gold_gain":0,"player_choice":"Joined the Cult","damage_taken":6,"max_hp_gain":0,"max_hp_loss":0,"event_name":"Nest","floor":19,"gold_loss":0,"cards_obtained":["RitualDagger"]},{"damage_healed":0,"gold_gain":0,"player_choice":"Ignored","damage_taken":0,"max_hp_gain":0,"max_hp_loss":0,"event_name":"The Mausoleum","floor":20,"gold_loss":0}],"is_beta":false,"boss_relics":[{"not_picked":["Snecko Eye","Busted Crown"],"picked":"Empty Cage"}],"items_purged_floors":[],"is_endless":false,"potions_floor_spawned":[1,3,5,11,13],"killed_by":"Gremlin Leader","ascension_level":3}