{"gold_per_floor":[119,134,134,134,149,149,179,104,128,128,28,48,82,94,94,193,193,206,186,108,123,140,140,174,174,174,193,210,210,241,186,186,186],"floor_reached":33,"playtime":976,"items_purged":["Strike_R","Defend_R"],"score":393,"play_id":"dd8bab06-60d1-475c-a866-69a9695ef0e5","local_time":"20190120130856","is_ascension_mode":true,"campfire_choices":[{"data":"Metallicize","floor":6.0,"key":"SMITH"},{"data":"Flex","floor":10.0,"key":"SMITH"},{"data":"Armaments","floor":15.0,"key":"SMITH"},{"data":"Feed","floor":23,"key":"SMITH"},{"data":"Heavy Blade","floor":25,"key":"SMITH"},{"data":"Rage","floor":32,"key":"SMITH"}],"neow_cost":"NONE","seed_source_timestamp":6861372872845,"circlet_count":0,"master_deck":["Strike_R","Strike_R","Strike_R","Strike_R","Defend_R","Defend_R","Defend_R","Bash","Metallicize+1","Flex+1","Clash","Cleave","Armaments+1","Heavy Blade+1","Feed+1","Pommel Strike+1","Ghostly Armor","Shockwave","Body Slam","Rage+1"],"special_seed":0,"relics":["Burning Blood","Lantern","Vajra","Red Skull","Boot","Coffee Dripper","Pocketwatch","Bag of Marbles","Dead Branch","Tiny Chest"],"potions_floor_usage":[22,24,24,24,33],"damage_taken":[{"damage":1.0,"enemies":"Cultist","floor":1.0,"turns":4.0},{"damage":1.0,"enemies":"2 Louse","floor":2.0,"turns":4.0},{"damage":0.0,"enemies":"Jaw Worm","floor":5.0,"turns":4.0},{"damage":0.0,"enemies":"Gremlin Nob","floor":7.0,"turns":3.0},{"damage":11.0,"enemies":"Exordium Wildlife","floor":12.0,"turns":3.0},{"damage":13.0,"enemies":"3 Sentries","floor":13.0,"turns":7.0},{"damage":11.0,"enemies":"Gremlin Gang","floor":14.0,"turns":4.0},{"damage":25.0,"enemies":"Slime Boss","floor":16.0,"turns":11.0},{"damage":7.0,"enemies":"Shell Parasite","floor":18.0,"turns":3.0},{"damage":0.0,"enemies":"Spheric Guardian","floor":21.0,"turns":3.0},{"damage":22,"enemies":"Snake Plant","floor":22,"turns":4},{"damage":71,"enemies":"Gremlin Leader","floor":24,"turns":6},{"damage":0,"enemies":"Cultist and Chosen","floor":27,"turns":3},{"damage":0,"enemies":"Snecko","floor":28,"turns":2},{"damage":6,"enemies":"Book of Stabbing","floor":30,"turns":3},{"damage":47,"enemies":"Automaton","floor":33,"turns":6}],"seed_played":"4323445989303888615","potions_obtained":[{"floor":1.0,"key":"AttackPotion"},{"floor":2.0,"key":"AttackPotion"},{"floor":13.0,"key":"Dexterity Potion"},{"floor":18.0,"key":"PowerPotion"},{"floor":19.0,"key":"GamblersBrew"},{"floor":22,"key":"Poison Potion"},{"floor":27,"key":"AttackPotion"}],"is_trial":false,"path_per_floor":["M","M","?","?","M","R","E","$","T","R","$","M","E","M","R","B",null,"M","?","$","M","M","R","E","R","T","M","M","?","E","?","R","B"],"character_chosen":"IRONCLAD","items_purchased":["BloodPotion"],"campfire_rested":0,"item_purchase_floors":[20],"current_hp_per_floor":[88,88,85,85,88,88,88,88,88,88,88,83,76,71,71,52,88,87,87,87,88,76,76,20,20,20,30,40,40,44,44,44,0],"gold":186,"neow_bonus":"TEN_PERCENT_HP_BONUS","is_prod":false,"is_daily":false,"chose_seed":false,"campfire_upgraded":6,"win_rate":0,"timestamp":1547986136,"path_taken":["M","M","?","?","M","R","E","$","T","R","?","?","E","M","R","BOSS","M","?","$","M","?","R","E","R","T","M","M","?","E","?","R","BOSS"],"build_version":"2019-01-17v2","purchased_purges":2,"victory":false,"max_hp_per_floor":[88,88,88,88,88,88,88,88,88,88,88,88,88,88,88,88,88,88,88,88,88,92,92,92,92,92,96,100,100,104,104,104,104],"card_choices":[{"not_picked":["Ghostly Armor","Warcry"],"picked":"Metallicize","floor":1.0},{"not_picked":["Thunderclap","Iron Wave"],"picked":"Flex","floor":2.0},{"not_picked":["Second Wind","Evolve"],"picked":"Clash","floor":5.0},{"not_picked":["Perfected Strike","Anger"],"picked":"Cleave","floor":7.0},{"not_picked":["Evolve","Shockwave"],"picked":"Armaments","floor":12.0},{"not_picked":["Clothesline","Brutality"],"picked":"Heavy Blade","floor":13.0},{"not_picked":["Sword Boomerang","Entrench","Perfected Strike"],"picked":"SKIP","floor":14.0},{"not_picked":["Limit Break","Immolate"],"picked":"Feed","floor":16.0},{"not_picked":["Twin Strike","Carnage"],"picked":"Pommel Strike+1","floor":18.0},{"not_picked":["Feel No Pain","Pommel Strike+1","Reckless Charge"],"picked":"SKIP","floor":21.0},{"not_picked":["Dark Embrace","Shockwave"],"picked":"Ghostly Armor","floor":22},{"not_picked":["Perfected Strike","Flex","Pommel Strike+1"],"picked":"SKIP","floor":24},{"not_picked":["Pommel Strike","Havoc+1"],"picked":"Shockwave","floor":27},{"not_picked":["Infernal Blade","Hemokinesis"],"picked":"Body Slam","floor":28},{"not_picked":["Hemokinesis","Flex+1"],"picked":"Rage","floor":30}],"player_experience":230753,"relics_obtained":[{"floor":7.0,"key":"Vajra"},{"floor":9.0,"key":"Red Skull"},{"floor":13.0,"key":"Boot"},{"floor":24,"key":"Pocketwatch"},{"floor":26,"key":"Bag of Marbles"},{"floor":30,"key":"Dead Branch"}],"event_choices":[{"damage_healed":0.0,"max_hp_gain":0.0,"max_hp_loss":0.0,"gold_gain":0.0,"event_name":"Scrap Ooze","player_choice":"Success","floor":3.0,"gold_loss":0.0,"damage_taken":3.0,"relics_obtained":["Lantern"]},{"damage_healed":0.0,"max_hp_gain":0.0,"max_hp_loss":0.0,"gold_gain":0.0,"event_name":"Golden Idol","player_choice":"Ignored","floor":4.0,"gold_loss":0.0,"damage_taken":0.0},{"damage_healed":0.0,"max_hp_gain":0.0,"max_hp_loss":0.0,"gold_gain":0.0,"event_name":"The Woman in Blue","player_choice":"Bought 1 Potion","floor":19.0,"gold_loss":0.0,"damage_taken":0.0},{"damage_healed":0,"gold_gain":0,"player_choice":"Ignored","damage_taken":0,"max_hp_gain":0,"max_hp_loss":0,"event_name":"The Mausoleum","floor":29,"gold_loss":0},{"damage_healed":0,"gold_gain":0,"player_choice":"Obtained Relic","damage_taken":0,"relics_obtained":["Tiny Chest"],"max_hp_gain":0,"max_hp_loss":0,"event_name":"Addict","floor":31,"gold_loss":85}],"is_beta":false,"boss_relics":[{"not_picked":["Black Blood","Pandora\u0027s Box"],"picked":"Coffee Dripper"}],"items_purged_floors":[8,11],"is_endless":false,"potions_floor_spawned":[1,2,13,18,22,27],"killed_by":"Automaton","ascension_level":3}