{"gold_per_floor":[116,116,216,216,229,260,260,295,322,343,364,383,99,114,114,242,242,265,265,280,280,298,298,319,319,319,357,372,372,372,272,272,400,400,418,442,442,458,76,76],"floor_reached":40,"playtime":2046,"items_purged":["Injury","Strike_B+1","Lockon"],"score":418,"play_id":"c82583e4-b60b-40d8-931e-9a1710b373b3","local_time":"20180713222229","is_ascension_mode":false,"campfire_choices":[{"data":"Defragment","floor":7,"key":"SMITH"},{"floor":15,"key":"REST"},{"floor":23,"key":"REST"},{"floor":25,"key":"REST"},{"data":"Zap","floor":29,"key":"SMITH"},{"data":"Zap","floor":32,"key":"SMITH"}],"neow_cost":"NONE","seed_source_timestamp":92658528680517,"circlet_count":0,"master_deck":["Strike_B+1","Strike_B+1","Defend_B+1","Defend_B+1","Defend_B+1","Zap+1","Dualcast","Defragment+1","Zap+1","BootSequence","Conserve Battery","Storm","Electrodynamics","Hologram+1","Ball Lightning","Echo Form","Creative AI+1","Redo+1","Reprogram+1","Go for the Eyes+1"],"relics":["Cracked Core","Bag of Preparation","Golden Idol","Vajra","Pear","Boot","Sling","Inserter","Mercury Hourglass","Art of War","Astrolabe","Pantograph"],"potions_floor_usage":[6,16,22,27,28,38],"damage_taken":[{"damage":1,"enemies":"Jaw Worm","floor":1,"turns":3},{"damage":1,"enemies":"Cultist","floor":5,"turns":3},{"damage":19,"enemies":"3 Sentries","floor":6,"turns":6},{"damage":32,"enemies":"Gremlin Nob","floor":8,"turns":5},{"damage":0,"enemies":"Small Slimes","floor":10,"turns":3},{"damage":0,"enemies":"Blue Slaver","floor":11,"turns":3},{"damage":3,"enemies":"Gremlin Gang","floor":12,"turns":4},{"damage":8,"enemies":"3 Louse","floor":14,"turns":3},{"damage":33,"enemies":"Slime Boss","floor":16,"turns":9},{"damage":36,"enemies":"2 Thieves","floor":18,"turns":4},{"damage":10,"enemies":"Chosen","floor":20,"turns":4},{"damage":4,"enemies":"3 Cultists","floor":22,"turns":3},{"damage":21,"enemies":"Snake Plant","floor":24,"turns":4},{"damage":21,"enemies":"Book of Stabbing","floor":27,"turns":5},{"damage":10,"enemies":"Chosen and Byrds","floor":28,"turns":4},{"damage":50,"enemies":"Automaton","floor":33,"turns":7},{"damage":7,"enemies":"3 Shapes","floor":35,"turns":3},{"damage":24,"enemies":"Flame Bruiser 1 Orb","floor":36,"turns":5},{"damage":18,"enemies":"Transient","floor":38,"turns":5},{"damage":59,"enemies":"Giant Head","floor":40,"turns":7}],"seed_played":"-4218293117685651783","potions_obtained":[{"floor":5,"key":"AttackPotion"},{"floor":6,"key":"FearPotion"},{"floor":10,"key":"Block Potion"},{"floor":14,"key":"LiquidBronze"},{"floor":18,"key":"SkillPotion"},{"floor":20,"key":"Energy Potion"},{"floor":22,"key":"PowerPotion"},{"floor":27,"key":"Strength Potion"},{"floor":36,"key":"Regen Potion"}],"is_trial":false,"path_per_floor":["M","?","?","?","M","E","R","E","T","M","M","M","$","M","R","B",null,"M","?","M","?","M","R","M","R","T","E","M","R","?","$","R","B",null,"M","M","?","M","$"],"character_chosen":"DEFECT","items_purchased":["Sling","Pantograph"],"campfire_rested":3,"item_purchase_floors":[13,39],"current_hp_per_floor":[74,74,74,74,73,54,54,32,32,32,32,29,29,21,46,13,85,49,49,39,39,35,60,39,64,64,43,33,33,61,61,61,11,85,78,54,54,50,50,0],"gold":76,"neow_bonus":"RANDOM_COMMON_RELIC","is_prod":false,"is_daily":false,"chose_seed":false,"campfire_upgraded":3,"win_rate":0,"timestamp":1531513349,"path_taken":["M","?","?","?","?","E","R","E","T","M","M","M","$","M","R","BOSS","M","?","M","?","?","R","M","R","T","E","M","R","?","$","R","BOSS","M","?","?","?","$","E"],"build_version":"2018-07-12","purchased_purges":3,"victory":false,"max_hp_per_floor":[75,75,75,75,75,75,75,85,85,85,85,85,85,85,85,85,85,85,85,85,85,85,85,85,85,85,85,85,85,85,85,85,85,85,85,85,85,85,85,85],"card_choices":[{"not_picked":["Go for the Eyes","Streamline"],"picked":"Defragment","floor":1},{"not_picked":["Go for the Eyes","Beam Cell"],"picked":"BootSequence","floor":5},{"not_picked":["Stack","Sweeping Beam"],"picked":"Fusion","floor":6},{"not_picked":["Streamline","Core Surge"],"picked":"Lockon","floor":8},{"not_picked":["Hello World","Sweeping Beam","Barrage"],"picked":"SKIP","floor":10},{"not_picked":["Sweeping Beam","Coolheaded"],"picked":"Conserve Battery","floor":11},{"not_picked":["Redo","Leap","Beam Cell"],"picked":"SKIP","floor":12},{"not_picked":["Barrage","Scrape"],"picked":"Storm","floor":14},{"not_picked":["Echo Form","Amplify"],"picked":"Electrodynamics","floor":16},{"not_picked":["Leap","Sweeping Beam","Barrage"],"picked":"SKIP","floor":18},{"not_picked":["Coolheaded","Storm"],"picked":"Hologram+1","floor":20},{"not_picked":["Leap","Darkness","Barrage"],"picked":"SKIP","floor":22},{"not_picked":["Steam","Stack"],"picked":"Ball Lightning","floor":24},{"not_picked":["Heatsinks+1","Compile Driver"],"picked":"Echo Form","floor":27},{"not_picked":["Reprogram+1","Chill+1","Redo"],"picked":"SKIP","floor":28},{"not_picked":["Biased Cognition","Meteor Strike"],"picked":"Creative AI","floor":33},{"not_picked":["Go for the Eyes","Sweeping Beam","Scrape+1"],"picked":"SKIP","floor":35},{"not_picked":["Doom and Gloom","Go for the Eyes+1","Steam"],"picked":"SKIP","floor":36},{"not_picked":["Hologram+1","Coolheaded","Meteor Strike"],"picked":"SKIP","floor":38}],"player_experience":469379,"relics_obtained":[{"floor":6,"key":"Vajra"},{"floor":8,"key":"Pear"},{"floor":9,"key":"Boot"},{"floor":26,"key":"Mercury Hourglass"},{"floor":27,"key":"Art of War"}],"event_choices":[{"event_name":"Match and Keep!","player_choice":"1 cards matched","floor":2,"damage_taken":0},{"event_name":"Golden Shrine","player_choice":"Pray","floor":3,"damage_taken":0},{"event_name":"Golden Idol","player_choice":"Take Wound","floor":4,"damage_taken":0},{"event_name":"Drug Dealer","player_choice":"Ignored","floor":19,"damage_taken":0},{"event_name":"Back to Basics","player_choice":"Simplicity","floor":21,"damage_taken":0},{"event_name":"The Library","player_choice":"Heal","floor":30,"damage_taken":0},{"event_name":"Upgrade Shrine","player_choice":"Upgraded","floor":37,"damage_taken":0}],"boss_relics":[{"not_picked":["Cursed Key","Velvet Choker"],"picked":"Inserter"},{"not_picked":["Snecko Eye","Calling Bell"],"picked":"Astrolabe"}],"items_purged_floors":[13,31,39],"is_endless":false,"potions_floor_spawned":[5,6,10,14,18,20,22,27,36],"killed_by":"Giant Head","ascension_level":0}