{"gold_per_floor":[115,115,115,115,35,35,64,64,113,113,130,155,190,222,234,346,358,381,393,424,436,460,500,512,524],"floor_reached":25,"playtime":1576,"items_purged":[],"score":263,"play_id":"75a7a446-0f08-4b23-b063-28014d4316a5","local_time":"20181226182616","is_ascension_mode":true,"campfire_choices":[{"data":"Electrodynamics","floor":6,"key":"SMITH"},{"data":"Zap","floor":8,"key":"SMITH"},{"floor":10,"key":"RECALL"},{"data":"Hello World","floor":15,"key":"SMITH"}],"neow_cost":"CURSE","seed_source_timestamp":416205147954787,"circlet_count":0,"master_deck":["Strike_B","Strike_B","Strike_B+1","Strike_B","Defend_B","Defend_B","Defend_B","Defend_B","Zap+1","Dualcast","Electrodynamics+1","Gash+1","Gash","Compile Driver","Gash","Loop","Hello World+1","FTL","Echo Form","Biased Cognition","Gash","All For One","Capacitor","Streamline+1","FTL"],"relics":["Cracked Core","Smiling Mask","Lantern","PreservedInsect","MawBank","Odd Mushroom","Orrery","Blood Vial","Bronze Scales"],"potions_floor_usage":[12,16,18,22],"damage_taken":[{"damage":1,"enemies":"Small Slimes","floor":1,"turns":3},{"damage":4,"enemies":"3 Sentries","floor":7,"turns":2},{"damage":0,"enemies":"2 Louse","floor":11,"turns":1},{"damage":7,"enemies":"Gremlin Nob","floor":12,"turns":3},{"damage":2,"enemies":"The Mushroom Lair","floor":13,"turns":3},{"damage":0,"enemies":"Cultist","floor":14,"turns":2},{"damage":27,"enemies":"Hexaghost","floor":16,"turns":7},{"damage":15,"enemies":"2 Thieves","floor":18,"turns":4},{"damage":15,"enemies":"3 Byrds","floor":20,"turns":2},{"damage":12,"enemies":"3 Cultists","floor":22,"turns":3},{"damage":17,"enemies":"Gremlin Leader","floor":23,"turns":5},{"damage":27,"enemies":"Slavers","floor":25,"turns":1}],"seed_played":"2303019680665632486","potions_obtained":[{"floor":11,"key":"EssenceOfSteel"},{"floor":13,"key":"Poison Potion"},{"floor":16,"key":"Swift Potion"},{"floor":20,"key":"FocusPotion"}],"is_trial":false,"path_per_floor":["M","?","?","?","$","R","E","R","T","R","M","E","?","M","R","B",null,"M","?","M","?","M","E","?","E"],"character_chosen":"DEFECT","items_purchased":["Gash","Compile Driver"],"campfire_rested":0,"item_purchase_floors":[5,5],"current_hp_per_floor":[74,59,47,47,47,47,43,43,43,43,43,36,34,34,34,7,75,60,60,45,45,33,16,16,0],"gold":524,"neow_bonus":"THREE_RARE_CARDS","is_prod":false,"is_daily":false,"chose_seed":false,"campfire_upgraded":3,"win_rate":0,"timestamp":1545861376,"path_taken":["M","?","?","?","$","R","E","R","T","R","?","E","?","M","R","BOSS","M","?","M","?","M","E","?","E"],"build_version":"2018-12-20","purchased_purges":0,"victory":false,"max_hp_per_floor":[75,75,75,75,75,75,75,75,75,75,75,75,75,75,75,75,75,75,75,75,75,75,75,75,75],"card_choices":[{"not_picked":["Amplify","Meteor Strike"],"picked":"Electrodynamics","floor":0},{"not_picked":["Auto Shields","Rip and Tear"],"picked":"Gash","floor":1},{"not_picked":["Rebound","Streamline"],"picked":"Gash","floor":7},{"not_picked":["Genetic Algorithm","Redo"],"picked":"Loop","floor":11},{"not_picked":["Sunder","Recycle"],"picked":"Hello World","floor":12},{"not_picked":["Leap","Coolheaded"],"picked":"FTL","floor":13},{"not_picked":["Turbo","Beam Cell"],"picked":"Echo Form","floor":14},{"not_picked":["Machine Learning","Reboot"],"picked":"Biased Cognition","floor":16},{"not_picked":["Coolheaded","Melter"],"picked":"Gash","floor":17},{"not_picked":["Compile Driver","Sweeping Beam"],"picked":"All For One","floor":17},{"not_picked":["Coolheaded","Chaos"],"picked":"Capacitor","floor":17},{"not_picked":["Heatsinks","Double Energy"],"picked":"Streamline+1","floor":18},{"not_picked":["Genetic Algorithm","Streamline","Barrage"],"picked":"SKIP","floor":20},{"not_picked":["Double Energy","Compile Driver+1","Core Surge"],"picked":"SKIP","floor":22},{"not_picked":["Streamline+1","Ball Lightning","Core Surge"],"picked":"SKIP","floor":23}],"player_experience":45464,"relics_obtained":[{"floor":7,"key":"Lantern"},{"floor":9,"key":"PreservedInsect"},{"floor":12,"key":"MawBank"},{"floor":13,"key":"Odd Mushroom"},{"floor":23,"key":"Blood Vial"}],"event_choices":[{"damage_healed":0,"gold_gain":0,"player_choice":"Entered Light","damage_taken":15,"max_hp_gain":0,"max_hp_loss":0,"event_name":"Shining Light","floor":2,"gold_loss":0,"cards_upgraded":["Gash","Strike_B"]},{"damage_healed":0,"gold_gain":0,"player_choice":"Success","damage_taken":12,"relics_obtained":["Smiling Mask"],"max_hp_gain":0,"max_hp_loss":0,"event_name":"Scrap Ooze","floor":3,"gold_loss":0},{"cards_removed":["Normality"],"damage_healed":0,"gold_gain":0,"player_choice":"Card Removal","damage_taken":0,"max_hp_gain":0,"max_hp_loss":0,"event_name":"Wheel of Change","floor":4,"gold_loss":0},{"damage_healed":0,"gold_gain":0,"player_choice":"Fought Mushrooms","damage_taken":0,"max_hp_gain":0,"max_hp_loss":0,"event_name":"Mushrooms","floor":13,"gold_loss":0},{"damage_healed":0,"gold_gain":0,"player_choice":"Read","damage_taken":0,"max_hp_gain":0,"max_hp_loss":0,"event_name":"The Library","floor":19,"gold_loss":0,"cards_obtained":["FTL"]},{"damage_healed":0,"gold_gain":0,"player_choice":"Ignored","damage_taken":0,"max_hp_gain":0,"max_hp_loss":0,"event_name":"Cursed Tome","floor":21,"gold_loss":0},{"damage_healed":0,"gold_gain":0,"player_choice":"Opened","damage_taken":0,"relics_obtained":["Bronze Scales"],"max_hp_gain":0,"max_hp_loss":0,"event_name":"The Mausoleum","floor":24,"gold_loss":0}],"is_beta":false,"boss_relics":[{"not_picked":["Fusion Hammer","Black Star"],"picked":"Orrery"}],"items_purged_floors":[],"is_endless":false,"potions_floor_spawned":[11,13,16,20],"killed_by":"Slavers","ascension_level":1}