{"gold_per_floor":[111,126,146,49,49,81,97,97,179,199,199,199,219,233,233,312,312,324,324,324],"floor_reached":20,"playtime":751,"items_purged":["Strike_R"],"score":308,"play_id":"9d6b70d2-f304-4529-9fd1-25d16b236626","local_time":"20190120132018","is_ascension_mode":true,"campfire_choices":[{"data":"Rage","floor":8,"key":"SMITH"},{"data":"Limit Break","floor":11,"key":"SMITH"},{"data":"Sword Boomerang","floor":15,"key":"SMITH"}],"neow_cost":"PERCENT_DAMAGE","seed_source_timestamp":8758493569855,"circlet_count":0,"master_deck":["AscendersBane","Strike_R","Defend_R","Defend_R","Defend_R","Defend_R","Bash","Metallicize","Rage+1","Spot Weakness","Twin Strike","Thunderclap","Headbutt","Spot Weakness","Limit Break+1","Regret","Sword Boomerang+1","Limit Break"],"relics":["Burning Blood","Du-Vu Doll","Paper Frog","Pen Nib","Eternal Feather"],"potions_floor_usage":[6,7,16],"damage_taken":[{"damage":0,"enemies":"Cultist","floor":1,"turns":4},{"damage":1,"enemies":"Jaw Worm","floor":2,"turns":5},{"damage":0,"enemies":"Small Slimes","floor":3,"turns":3},{"damage":24,"enemies":"Gremlin Nob","floor":6,"turns":4},{"damage":7,"enemies":"Exordium Wildlife","floor":7,"turns":3},{"damage":7,"enemies":"2 Fungi Beasts","floor":10,"turns":3},{"damage":16,"enemies":"Exordium Thugs","floor":13,"turns":5},{"damage":8,"enemies":"Red Slaver","floor":14,"turns":5},{"damage":14,"enemies":"Hexaghost","floor":16,"turns":5},{"damage":28,"enemies":"2 Thieves","floor":18,"turns":3},{"damage":50,"enemies":"Masked Bandits","floor":20,"turns":3}],"seed_played":"-5387367551850988874","potions_obtained":[{"floor":2,"key":"AttackPotion"},{"floor":6,"key":"Explosive Potion"},{"floor":10,"key":"Dexterity Potion"}],"is_trial":false,"path_per_floor":["M","M","M","$","?","E","M","R","T","M","R","?","M","M","R","B",null,"M","?","?"],"character_chosen":"IRONCLAD","items_purchased":["Headbutt"],"campfire_rested":0,"item_purchase_floors":[4],"current_hp_per_floor":[56,61,67,67,67,49,48,48,48,47,47,47,37,35,35,27,63,41,41,0],"gold":324,"neow_bonus":"TRANSFORM_TWO_CARDS","is_prod":false,"is_daily":false,"chose_seed":false,"campfire_upgraded":3,"win_rate":0,"timestamp":1547950818,"path_taken":["M","?","M","$","?","E","M","R","T","?","R","?","M","M","R","BOSS","M","?","?"],"build_version":"2019-01-17v2","purchased_purges":1,"victory":false,"max_hp_per_floor":[75,75,75,75,75,75,75,75,75,75,75,75,75,75,75,75,75,75,75,75],"card_choices":[{"not_picked":["Thunderclap","Sword Boomerang"],"picked":"Spot Weakness","floor":1},{"not_picked":["Havoc","Clothesline"],"picked":"Twin Strike","floor":2},{"not_picked":["Iron Wave","Evolve"],"picked":"Thunderclap","floor":3},{"not_picked":["Burning Pact","True Grit"],"picked":"Spot Weakness","floor":6},{"not_picked":["Intimidate","Sever Soul","Perfected Strike"],"picked":"SKIP","floor":7},{"not_picked":["Anger","Spot Weakness"],"picked":"Limit Break","floor":10},{"not_picked":["Carnage","Bloodletting","Anger"],"picked":"SKIP","floor":13},{"not_picked":["Cleave","Flame Barrier"],"picked":"Sword Boomerang","floor":14},{"not_picked":["Demon Form","Brutality"],"picked":"Limit Break","floor":16},{"not_picked":["Carnage","Reckless Charge","Clash"],"picked":"SKIP","floor":18}],"player_experience":670128,"relics_obtained":[{"floor":6,"key":"Du-Vu Doll"},{"floor":9,"key":"Paper Frog"}],"event_choices":[{"cards_removed":["Strike_R"],"damage_healed":0,"gold_gain":0,"player_choice":"Offered Basic","damage_taken":0,"max_hp_gain":0,"max_hp_loss":0,"event_name":"Bonfire Elementals","floor":5,"gold_loss":0},{"damage_healed":0,"gold_gain":0,"player_choice":"Box","damage_taken":0,"relics_obtained":["Pen Nib"],"max_hp_gain":0,"max_hp_loss":0,"event_name":"Big Fish","floor":12,"gold_loss":0,"cards_obtained":["Regret"]},{"damage_healed":0,"gold_gain":0,"player_choice":"Ignored","damage_taken":0,"max_hp_gain":0,"max_hp_loss":0,"event_name":"Vampires","floor":19,"gold_loss":0},{"damage_healed":0,"gold_gain":0,"player_choice":"Fought Bandits","damage_taken":0,"max_hp_gain":0,"max_hp_loss":0,"event_name":"Masked Bandits","floor":20,"gold_loss":0}],"is_beta":false,"boss_relics":[{"not_picked":["Runic Cube","Empty Cage"],"picked":"Eternal Feather"}],"items_purged_floors":[4],"is_endless":false,"potions_floor_spawned":[2,6,10],"killed_by":"Masked Bandits","ascension_level":15}