{"gold_per_floor":[109,41,54,54,72,104,104,104,129,129,151,166,201,224,224,319,319,335,42,57,76,86,112,112,130,130,145,45,62,62,161,161,266,266,276,100,100,114,114,140,140,140,140,140,140,173,190,60,60,60],"floor_reached":51,"playtime":3910,"items_purged":["Injury","Strike_G"],"score":796,"play_id":"75acba02-30ab-4050-982b-28f4f18d6e27","local_time":"20190129190526","is_ascension_mode":true,"campfire_choices":[{"floor":8.0,"key":"REST"},{"data":"After Image","floor":10.0,"key":"SMITH"},{"floor":15.0,"key":"REST"},{"floor":24,"key":"REST"},{"floor":30,"key":"REST"},{"floor":32,"key":"REST"},{"floor":41,"key":"REST"},{"data":"Apotheosis","floor":44,"key":"SMITH"},{"floor":49,"key":"REST"}],"neow_cost":"CURSE","seed_source_timestamp":0,"circlet_count":0,"master_deck":["Defend_G","Defend_G","Defend_G+1","Defend_G","Defend_G+1","Strike_G","Survivor","Neutralize","PiercingWail","Infinite Blades","Footwork","After Image+1","Backstab","Dagger Spray","Dagger Throw","Envenom","Apotheosis+1","Cloak And Dagger","Flying Knee","Well Laid Plans+1","Outmaneuver","Noxious Fumes","Distraction","Acrobatics","Footwork+1","Corpse Explosion","Underhanded Strike","Accuracy","Finisher","Leg Sweep","Predator+1","Infinite Blades"],"special_seed":0,"relics":["Ring of the Serpent","Calipers","PreservedInsect","Ancient Tea Set","Odd Mushroom","Art of War","Potion Belt","Empty Cage","Orichalcum","Boot","Meat on the Bone","Kunai","Bag of Preparation"],"potions_floor_usage":[29,40,50,50,50,50],"damage_taken":[{"damage":0.0,"enemies":"Small Slimes","floor":1.0,"turns":5.0},{"damage":5.0,"enemies":"Jaw Worm","floor":3.0,"turns":4.0},{"damage":0.0,"enemies":"2 Louse","floor":5.0,"turns":5.0},{"damage":22.0,"enemies":"3 Sentries","floor":6.0,"turns":12.0},{"damage":21.0,"enemies":"The Mushroom Lair","floor":11.0,"turns":7.0},{"damage":0.0,"enemies":"Gremlin Gang","floor":12.0,"turns":5.0},{"damage":0.0,"enemies":"Lagavulin","floor":13.0,"turns":7.0},{"damage":46,"enemies":"Hexaghost","floor":16,"turns":19},{"damage":1,"enemies":"Shell Parasite","floor":18,"turns":12},{"damage":9,"enemies":"Spheric Guardian","floor":20,"turns":7},{"damage":3,"enemies":"Centurion and Healer","floor":21,"turns":8},{"damage":16,"enemies":"3 Cultists","floor":22,"turns":7},{"damage":6,"enemies":"Book of Stabbing","floor":23,"turns":6},{"damage":10,"enemies":"Snecko","floor":25,"turns":6},{"damage":14,"enemies":"Shelled Parasite and Fungi","floor":27,"turns":7},{"damage":7,"enemies":"Snake Plant","floor":29,"turns":6},{"damage":7,"enemies":"Champ","floor":33,"turns":13},{"damage":1,"enemies":"Orb Walker","floor":35,"turns":6},{"damage":6,"enemies":"3 Shapes","floor":38,"turns":7},{"damage":25,"enemies":"Nemesis","floor":40,"turns":7},{"damage":0,"enemies":"Giant Head","floor":46,"turns":8},{"damage":31,"enemies":"Spire Growth","floor":47,"turns":7},{"damage":42,"enemies":"Donu and Deca","floor":50,"turns":7}],"seed_played":"5069454659561375358","potions_obtained":[{"floor":1.0,"key":"EssenceOfSteel"},{"floor":6.0,"key":"Dexterity Potion"},{"floor":11.0,"key":"Fire Potion"},{"floor":13.0,"key":"GhostInAJar"},{"floor":21,"key":"Strength Potion"},{"floor":25,"key":"Explosive Potion"},{"floor":29,"key":"Ancient Potion"},{"floor":33,"key":"GhostInAJar"},{"floor":35,"key":"SkillPotion"},{"floor":40,"key":"SneckoOil"}],"is_trial":false,"path_per_floor":["M","$","M","?","M","E","?","R","T","R","?","M","E","T","R","B",null,"M","$","M","M","M","E","R","M","T","M","$","M","R","?","R","B",null,"M","$","?","M","?","E","R","?","T","R","$","E","M","$","R","B",null],"character_chosen":"THE_SILENT","items_purchased":["Infinite Blades","Apotheosis","Cloak And Dagger","Accuracy","Finisher","Leg Sweep","Infinite Blades","Strength Potion"],"campfire_rested":7,"item_purchase_floors":[2,19,19,36,36,36,48,48],"current_hp_per_floor":[70,70,65,51,51,29,34,56,56,56,35,35,35,35,57,11,75,74,74,65,62,46,40,62,52,52,38,38,31,53,53,75,68,75,74,74,74,68,68,43,65,65,65,65,65,65,46,46,68,38],"gold":60,"neow_bonus":"ONE_RARE_RELIC","is_prod":false,"is_daily":false,"chose_seed":false,"campfire_upgraded":2,"win_rate":0,"timestamp":1548810326,"path_taken":["M","$","M","?","M","E","?","R","T","R","?","M","E","?","R","BOSS","M","$","M","M","M","E","R","?","T","M","$","M","R","?","R","BOSS","M","$","?","M","?","E","R","?","T","R","?","E","M","?","R","BOSS"],"build_version":"2019-01-23","purchased_purges":2,"victory":true,"max_hp_per_floor":[70,70,70,70,70,70,75,75,75,75,75,75,75,75,75,75,75,75,75,75,75,75,75,75,75,75,75,75,75,75,75,75,75,75,75,75,75,75,75,75,75,75,75,75,75,75,75,75,75,75],"card_choices":[{"not_picked":["Outmaneuver","Dagger Throw"],"picked":"PiercingWail","floor":1.0},{"not_picked":["Dagger Spray","Dagger Throw"],"picked":"Footwork","floor":3.0},{"not_picked":["Dodge and Roll","Slice","Endless Agony"],"picked":"SKIP","floor":5.0},{"not_picked":["Expertise","Dagger Spray"],"picked":"After Image","floor":6.0},{"not_picked":["All Out Attack","Blade Dance"],"picked":"Backstab","floor":11.0},{"not_picked":["Slice","Reflex"],"picked":"Dagger Spray","floor":12.0},{"not_picked":["Bane","Prepared"],"picked":"Dagger Throw","floor":13.0},{"not_picked":["After Image","Night Terror"],"picked":"Envenom","floor":16},{"not_picked":["Choke","All Out Attack","PiercingWail"],"picked":"SKIP","floor":18},{"not_picked":["Deadly Poison","Footwork"],"picked":"Flying Knee","floor":20},{"not_picked":["Blade Dance+1","Sucker Punch"],"picked":"Well Laid Plans+1","floor":21},{"not_picked":["Dagger Throw","Slice"],"picked":"Outmaneuver","floor":22},{"not_picked":["Terror+1","Outmaneuver"],"picked":"Noxious Fumes","floor":23},{"not_picked":["Quick Slash","Dagger Spray"],"picked":"Distraction","floor":25},{"not_picked":["Sucker Punch","Calculated Gamble"],"picked":"Acrobatics","floor":27},{"not_picked":["Bane+1","Sucker Punch"],"picked":"Footwork+1","floor":29},{"not_picked":["Venomology","Envenom"],"picked":"Corpse Explosion","floor":33},{"not_picked":["Setup","Concentrate+1"],"picked":"Underhanded Strike","floor":35},{"not_picked":["Dagger Spray","Dodge and Roll+1","Quick Slash"],"picked":"SKIP","floor":38},{"not_picked":["Cloak And Dagger","Eviscerate+1","Acrobatics"],"picked":"SKIP","floor":40},{"not_picked":["Deadly Poison+1","Backstab+1"],"picked":"Predator+1","floor":46},{"not_picked":["Underhanded Strike+1","Backflip","Poisoned Stab"],"picked":"SKIP","floor":47}],"player_experience":343298,"relics_obtained":[{"floor":6.0,"key":"PreservedInsect"},{"floor":9.0,"key":"Ancient Tea Set"},{"floor":11.0,"key":"Odd Mushroom"},{"floor":13.0,"key":"Art of War"},{"floor":14.0,"key":"Potion Belt"},{"floor":23,"key":"Orichalcum"},{"floor":26,"key":"Boot"},{"floor":40,"key":"Meat on the Bone"},{"floor":43,"key":"Kunai"},{"floor":46,"key":"Bag of Preparation"}],"event_choices":[{"damage_healed":0.0,"max_hp_gain":0.0,"max_hp_loss":0.0,"gold_gain":0.0,"event_name":"Shining Light","player_choice":"Entered Light","floor":4.0,"gold_loss":0.0,"damage_taken":14.0,"cards_upgraded":["Defend_G","Defend_G"]},{"damage_healed":0.0,"max_hp_gain":5.0,"max_hp_loss":0.0,"gold_gain":0.0,"event_name":"Big Fish","player_choice":"Donut","floor":7.0,"gold_loss":0.0,"damage_taken":0.0},{"damage_healed":0.0,"max_hp_gain":0.0,"max_hp_loss":0.0,"gold_gain":0.0,"event_name":"Mushrooms","player_choice":"Fought Mushrooms","floor":11.0,"gold_loss":0.0,"damage_taken":0.0},{"damage_healed":0,"gold_gain":99,"player_choice":"Stole From Cult","damage_taken":0,"max_hp_gain":0,"max_hp_loss":0,"event_name":"Nest","floor":31,"gold_loss":0},{"damage_healed":0,"gold_gain":0,"player_choice":"Ignored","damage_taken":0,"max_hp_gain":0,"max_hp_loss":0,"event_name":"Mysterious Sphere","floor":37,"gold_loss":0},{"cards_removed":["Strike_G"],"damage_healed":0,"gold_gain":0,"player_choice":"Removed Attack","damage_taken":0,"max_hp_gain":0,"max_hp_loss":0,"event_name":"Falling","floor":39,"gold_loss":0},{"damage_healed":0,"gold_gain":0,"player_choice":"Ignored","damage_taken":0,"max_hp_gain":0,"max_hp_loss":0,"event_name":"Tomb of Lord Red Mask","floor":42,"gold_loss":0}],"is_beta":false,"boss_relics":[{"not_picked":["White Beast Statue","Philosopher\u0027s Stone"],"picked":"Empty Cage"},{"not_picked":["Eternal Feather","Runic Dome"],"picked":"Ring of the Serpent"}],"items_purged_floors":[19,28],"is_endless":false,"potions_floor_spawned":[1,6,11,13,21,25,29,33,35,40],"ascension_level":1}