{"path_per_floor":["M","M","M","M","M","?","M","E","T","R","?","$","E","M","R","B",null,"M","$","M","?","$","R"],"character_chosen":"IRONCLAD","items_purchased":["Inflame","Anchor","Oddly Smooth Stone","Twin Strike"],"gold_per_floor":[117,130,149,167,187,187,212,255,255,255,212,29,60,78,78,204,204,222,22,46,0,0,0,0],"floor_reached":24,"campfire_rested":0,"playtime":1673,"item_purchase_floors":[12,12,19,19],"current_hp_per_floor":[88,88,88,82,88,81,78,70,70,70,70,70,53,56,56,41,81,78,78,55,55,55,55,0],"items_purged":[],"gold":0,"score":208,"play_id":"5aff6be5-c0c0-4b81-9daf-c2cfac271ddf","local_time":"20180616142811","is_prod":false,"is_daily":false,"chose_seed":false,"is_ascension_mode":false,"campfire_upgraded":3,"win_rate":0,"timestamp":1529152091,"campfire_choices":[{"data":"Flame Barrier","floor":10,"key":"SMITH"},{"data":"Armaments","floor":15,"key":"SMITH"},{"data":"Barricade","floor":23,"key":"SMITH"}],"path_taken":["M","?","?","M","M","?","M","E","T","R","?","?","E","M","R","BOSS","M","$","?","?","?","R","M"],"build_version":"2018-06-14v2","seed_source_timestamp":737668584322693,"purchased_purges":0,"victory":false,"master_deck":["Strike_R","Strike_R","Strike_R","Strike_R","Strike_R","Defend_R","Defend_R","Defend_R","Defend_R","Bash","Iron Wave","Twin Strike","Flame Barrier+1","Shrug It Off","Heavy Blade","Armaments+1","Inflame","Clash","Infernal Blade","Barricade+1","Metallicize","Twin Strike","Heavy Blade"],"max_hp_per_floor":[88,88,88,88,88,81,81,81,81,81,81,81,81,81,81,81,81,81,81,81,81,81,81,81],"relics":["Burning Blood","Golden Idol","Bottled Lightning","Bag of Preparation","Anchor","Bag of Marbles","Sozu","Oddly Smooth Stone"],"card_choices":[{"not_picked":["Disarm","Cleave"],"picked":"Iron Wave","floor":1},{"not_picked":["Pommel Strike","Sword Boomerang"],"picked":"Twin Strike","floor":2},{"not_picked":["Second Wind","Pummel"],"picked":"Flame Barrier","floor":3},{"not_picked":["Wild Strike","Reckless Charge","Sever Soul"],"picked":"SKIP","floor":4},{"not_picked":["Anger","Warcry"],"picked":"Shrug It Off","floor":5},{"not_picked":["Searing Blow","Anger"],"picked":"Heavy Blade","floor":7},{"not_picked":["Pummel","Bloodletting"],"picked":"Armaments","floor":8},{"not_picked":["Whirlwind","Headbutt"],"picked":"Clash","floor":13},{"not_picked":["Armaments","Immolate"],"picked":"Infernal Blade","floor":14},{"not_picked":["Dark Embrace","Impervious"],"picked":"Barricade","floor":16},{"not_picked":["Armaments+1","Cleave"],"picked":"Metallicize","floor":18},{"not_picked":["Sever Soul","Burning Pact"],"picked":"Heavy Blade","floor":20}],"player_experience":32899,"potions_floor_usage":[8,16,16,24,24],"damage_taken":[{"damage":3,"enemies":"Cultist","floor":1,"turns":6},{"damage":0,"enemies":"Small Slimes","floor":2,"turns":3},{"damage":2,"enemies":"2 Louse","floor":3,"turns":5},{"damage":12,"enemies":"Exordium Thugs","floor":4,"turns":7},{"damage":0,"enemies":"3 Louse","floor":5,"turns":5},{"damage":9,"enemies":"2 Fungi Beasts","floor":7,"turns":4},{"damage":14,"enemies":"3 Sentries","floor":8,"turns":8},{"damage":23,"enemies":"Gremlin Nob","floor":13,"turns":4},{"damage":3,"enemies":"Exordium Wildlife","floor":14,"turns":4},{"damage":25,"enemies":"Hexaghost","floor":16,"turns":10},{"damage":9,"enemies":"Spheric Guardian","floor":18,"turns":4},{"damage":29,"enemies":"3 Byrds","floor":20,"turns":5},{"damage":60,"enemies":"Cultist and Chosen","floor":24,"turns":7}],"relics_obtained":[{"floor":8,"key":"Bottled Lightning"},{"floor":9,"key":"Bag of Preparation"},{"floor":13,"key":"Bag of Marbles"}],"event_choices":[{"event_name":"Golden Idol","player_choice":"Lose Max HP","floor":6,"damage_taken":0},{"event_name":"World of Goop","player_choice":"Left","floor":11,"damage_taken":0},{"event_name":"Masked Bandits","player_choice":"Paid Bandits 46 gold","floor":21,"damage_taken":0}],"boss_relics":[{"not_picked":["Busted Crown","Eternal Feather"],"picked":"Sozu"}],"items_purged_floors":[],"is_endless":false,"potions_floor_spawned":[1,5,13,14,16,20],"seed_played":"7849510674353998856","killed_by":"Cultist and Chosen","ascension_level":0,"potions_obtained":[{"floor":1,"key":"PowerPotion"},{"floor":5,"key":"SteroidPotion"},{"floor":13,"key":"Dexterity Potion"},{"floor":14,"key":"Fire Potion"},{"floor":16,"key":"EssenceOfSteel"}],"is_trial":false}