{"gold_per_floor":[116,116,131,91,16,16,28,28,28,54,69,87,87,120,120,120],"floor_reached":16,"playtime":664,"items_purged":["Defend_R"],"score":110,"play_id":"345d8704-e396-4c5b-9e16-1d6908197bf6","local_time":"20181230021731","is_ascension_mode":false,"campfire_choices":[{"data":"Anger","floor":6,"key":"SMITH"},{"data":"Bash","floor":8,"key":"SMITH"},{"data":"Clash","floor":13,"key":"SMITH"},{"data":"Strike_R","floor":15,"key":"SMITH"}],"neow_cost":"TEN_PERCENT_HP_LOSS","seed_source_timestamp":704595590658460,"circlet_count":0,"master_deck":["Strike_R","Strike_R","Strike_R+1","Strike_R+1","Strike_R+1","Defend_R","Defend_R","Defend_R","Bash+1","Anger+1","Clash+1"],"relics":["Burning Blood","Incense Burner","Potion Belt","Bottled Flame","Lantern","Whetstone"],"potions_floor_usage":[10,14,16,16],"damage_taken":[{"damage":5,"enemies":"Small Slimes","floor":1,"turns":3},{"damage":0,"enemies":"2 Louse","floor":3,"turns":2},{"damage":0,"enemies":"Cultist","floor":7,"turns":2},{"damage":14,"enemies":"Gremlin Nob","floor":10,"turns":3},{"damage":6,"enemies":"Gremlin Gang","floor":11,"turns":5},{"damage":9,"enemies":"Exordium Thugs","floor":12,"turns":3},{"damage":31,"enemies":"3 Sentries","floor":14,"turns":8},{"damage":40,"enemies":"The Guardian","floor":16,"turns":5}],"seed_played":"4847179823907895165","potions_obtained":[{"floor":4,"key":"SpeedPotion"},{"floor":4,"key":"SkillPotion"},{"floor":4,"key":"AttackPotion"},{"floor":11,"key":"AttackPotion"},{"floor":12,"key":"Fire Potion"}],"is_trial":false,"path_per_floor":["M","?","M","?","$","R","M","R","T","E","M","M","R","E","R","B"],"character_chosen":"IRONCLAD","items_purchased":[],"campfire_rested":0,"item_purchase_floors":[],"current_hp_per_floor":[72,60,66,66,66,66,72,72,72,64,64,61,61,36,36,0],"gold":120,"neow_bonus":"ONE_RARE_RELIC","is_prod":false,"is_daily":false,"chose_seed":false,"campfire_upgraded":4,"win_rate":0,"timestamp":1546148851,"path_taken":["M","?","M","?","$","R","M","R","T","E","M","?","R","E","R","BOSS"],"build_version":"2018-12-20","purchased_purges":1,"victory":false,"max_hp_per_floor":[72,72,72,72,72,72,72,72,72,72,72,72,72,72,72,72],"card_choices":[{"not_picked":["Body Slam","Iron Wave"],"picked":"Anger","floor":1},{"not_picked":["Shockwave","Clothesline","Twin Strike"],"picked":"SKIP","floor":3},{"not_picked":["Thunderclap","Shrug It Off","Bloodletting"],"picked":"SKIP","floor":7},{"not_picked":["Dual Wield","Flex","Hemokinesis"],"picked":"SKIP","floor":10},{"not_picked":["Flex","Entrench"],"picked":"Clash","floor":11},{"not_picked":["Anger","Inflame","Havoc"],"picked":"SKIP","floor":12},{"not_picked":["Disarm","Barricade","Power Through"],"picked":"SKIP","floor":14}],"player_experience":123285,"relics_obtained":[{"floor":9,"key":"Bottled Flame"},{"floor":10,"key":"Lantern"},{"floor":14,"key":"Whetstone"}],"event_choices":[{"damage_healed":0,"gold_gain":0,"player_choice":"Success","damage_taken":12,"relics_obtained":["Potion Belt"],"max_hp_gain":0,"max_hp_loss":0,"event_name":"Scrap Ooze","floor":2,"gold_loss":0},{"damage_healed":0,"gold_gain":0,"player_choice":"Bought 3 Potions","damage_taken":0,"max_hp_gain":0,"max_hp_loss":0,"event_name":"The Woman in Blue","floor":4,"gold_loss":0}],"is_beta":false,"boss_relics":[],"items_purged_floors":[5],"is_endless":false,"potions_floor_spawned":[11,12],"killed_by":"The Guardian","ascension_level":0}