{"gold_per_floor":[360,371,390,410,67,67,86,86,86,121,121,121],"floor_reached":12,"playtime":418,"items_purged":["Doubt"],"score":152,"play_id":"29cfa497-9a4a-47dd-82a4-c7691c1f2f3e","local_time":"20190110154931","is_ascension_mode":true,"campfire_choices":[{"floor":6,"key":"REST"},{"data":"Apotheosis","floor":8,"key":"SMITH"}],"neow_cost":"CURSE","seed_source_timestamp":2909619685646465,"circlet_count":0,"master_deck":["AscendersBane","Strike_R","Strike_R","Strike_R","Strike_R","Strike_R","Defend_R","Defend_R","Defend_R","Defend_R","Bash","Pommel Strike","Perfected Strike","Spot Weakness","Apotheosis+1","Spot Weakness"],"relics":["Burning Blood","Letter Opener","Question Card"],"potions_floor_usage":[4],"damage_taken":[{"damage":18,"enemies":"Jaw Worm","floor":1,"turns":6},{"damage":13,"enemies":"Small Slimes","floor":2,"turns":4},{"damage":6,"enemies":"2 Louse","floor":3,"turns":3},{"damage":28,"enemies":"Gremlin Gang","floor":4,"turns":6},{"damage":16,"enemies":"Lots of Slimes","floor":7,"turns":5},{"damage":30,"enemies":"Lagavulin","floor":10,"turns":7},{"damage":19,"enemies":"Exordium Wildlife","floor":12,"turns":1}],"seed_played":"7923828500712660160","potions_obtained":[{"floor":1,"key":"Poison Potion"},{"floor":2,"key":"FearPotion"},{"floor":10,"key":"Ancient Potion"}],"is_trial":false,"path_per_floor":["M","M","M","M","$","R","M","R","T","E","?","M"],"character_chosen":"IRONCLAD","items_purchased":["Spot Weakness","Apotheosis"],"campfire_rested":1,"item_purchase_floors":[5,5],"current_hp_per_floor":[56,49,49,27,27,49,39,39,39,15,15,0],"gold":121,"neow_bonus":"TWO_FIFTY_GOLD","is_prod":false,"is_daily":false,"chose_seed":false,"campfire_upgraded":1,"win_rate":0,"timestamp":1547131771,"path_taken":["M","M","M","M","$","R","M","R","T","E","?","M"],"build_version":"2019-01-03v4","purchased_purges":1,"victory":false,"max_hp_per_floor":[75,75,75,75,75,75,75,75,75,75,75,75],"card_choices":[{"not_picked":["Rage","Warcry"],"picked":"Pommel Strike","floor":1},{"not_picked":["Headbutt","Reaper","Entrench"],"picked":"SKIP","floor":2},{"not_picked":["Warcry","Cleave","Heavy Blade"],"picked":"SKIP","floor":3},{"not_picked":["Pommel Strike","Sentinel"],"picked":"Perfected Strike","floor":4},{"not_picked":["Heavy Blade","Thunderclap","Havoc"],"picked":"SKIP","floor":7},{"not_picked":["Flex","Headbutt"],"picked":"Spot Weakness","floor":10}],"player_experience":713081,"relics_obtained":[{"floor":9,"key":"Letter Opener"},{"floor":10,"key":"Question Card"}],"event_choices":[{"damage_healed":0,"gold_gain":0,"player_choice":"Fled","damage_taken":0,"max_hp_gain":0,"max_hp_loss":0,"event_name":"Scrap Ooze","floor":11,"gold_loss":0}],"is_beta":false,"boss_relics":[],"items_purged_floors":[5],"is_endless":false,"potions_floor_spawned":[1,2,10],"killed_by":"Exordium Wildlife","ascension_level":18}