{"gold_per_floor":[110,124,124,141,157,157,186,186,236,248,198,216,64,82,82,179,179,152,152,152,172,172,172,192,204,204,204,224,242,90,104,104,104],"floor_reached":33,"playtime":1500,"items_purged":["Strike_R"],"score":328,"play_id":"288dd934-4ab1-435c-a7fa-2deb9cd98e77","local_time":"20181221181819","is_ascension_mode":true,"campfire_choices":[{"data":"Feed","floor":6,"key":"SMITH"},{"floor":8,"key":"REST"},{"data":"Disarm","floor":15,"key":"SMITH"},{"data":"Clothesline","floor":23,"key":"SMITH"},{"floor":27,"key":"REST"},{"floor":32,"key":"REST"}],"neow_cost":"PERCENT_DAMAGE","seed_source_timestamp":25403074101736,"circlet_count":0,"master_deck":["Strike_R","Strike_R","Strike_R","Strike_R","Defend_R","Defend_R","Defend_R","Bash","Feed+1","Shrug It Off","Clothesline+1","Pummel+1","Disarm+1","Perfected Strike+1","Feed+1","Reaper+1","Inflame","Wild Strike+1","Perfected Strike+1","Perfected Strike+1"],"relics":["Burning Blood","Molten Egg 2","Blood Vial","Lizard Tail","CultistMask","Art of War","Sundial","Vajra"],"potions_floor_usage":[5,7,16,33,33],"damage_taken":[{"damage":2,"enemies":"2 Louse","floor":1,"turns":5},{"damage":1,"enemies":"Small Slimes","floor":2,"turns":4},{"damage":0,"enemies":"Cultist","floor":4,"turns":2},{"damage":17,"enemies":"Exordium Wildlife","floor":5,"turns":6},{"damage":52,"enemies":"Gremlin Nob","floor":7,"turns":7},{"damage":8,"enemies":"Red Slaver","floor":10,"turns":4},{"damage":10,"enemies":"Blue Slaver","floor":12,"turns":4},{"damage":13,"enemies":"2 Fungi Beasts","floor":14,"turns":3},{"damage":39,"enemies":"The Guardian","floor":16,"turns":15},{"damage":51,"enemies":"2 Thieves","floor":18,"turns":5},{"damage":29,"enemies":"Shell Parasite","floor":21,"turns":6},{"damage":71,"enemies":"Shelled Parasite and Fungi","floor":24,"turns":8},{"damage":30,"enemies":"Snake Plant","floor":25,"turns":5},{"damage":19,"enemies":"Snecko","floor":28,"turns":4},{"damage":40,"enemies":"Centurion and Healer","floor":29,"turns":8},{"damage":49,"enemies":"Chosen and Byrds","floor":31,"turns":5},{"damage":154,"enemies":"Collector","floor":33,"turns":11}],"seed_played":"-2095936766712403260","potions_obtained":[{"floor":1,"key":"BloodPotion"},{"floor":4,"key":"Poison Potion"},{"floor":12,"key":"Dexterity Potion"},{"floor":28,"key":"Dexterity Potion"},{"floor":31,"key":"Swift Potion"}],"is_trial":false,"path_per_floor":["M","M","?","M","M","R","E","R","T","M","?","M","$","M","R","B",null,"M","?","?","M","T","R","M","M","T","R","M","M","$","M","R","B"],"character_chosen":"IRONCLAD","items_purchased":["Feed+1","Vajra"],"campfire_rested":3,"item_purchase_floors":[13,30],"current_hp_per_floor":[63,71,76,85,77,77,44,74,74,78,78,80,80,83,83,56,121,90,90,90,80,80,80,30,17,17,59,58,26,26,82,126,0],"gold":104,"neow_bonus":"THREE_RARE_CARDS","is_prod":false,"is_daily":false,"chose_seed":false,"campfire_upgraded":3,"win_rate":0,"timestamp":1545412699,"path_taken":["M","M","?","M","M","R","E","R","T","M","?","M","$","M","R","BOSS","M","?","?","?","?","R","M","M","T","R","?","M","$","M","R","BOSS"],"build_version":"2018-12-20","purchased_purges":1,"victory":false,"max_hp_per_floor":[83,86,91,94,97,97,101,101,101,105,105,109,109,117,117,121,121,125,125,125,129,129,129,137,141,141,141,141,141,141,149,149,149],"card_choices":[{"not_picked":["Berserk","Demon Form"],"picked":"Feed","floor":0},{"not_picked":["Seeing Red","Anger"],"picked":"Shrug It Off","floor":1},{"not_picked":["Carnage","Havoc"],"picked":"Clothesline","floor":2},{"not_picked":["Armaments","Clash","Body Slam"],"picked":"SKIP","floor":4},{"not_picked":["Clothesline","Headbutt","Havoc"],"picked":"SKIP","floor":5},{"not_picked":["True Grit","Iron Wave"],"picked":"Pummel","floor":7},{"not_picked":["Warcry","Corruption"],"picked":"Disarm","floor":10},{"not_picked":["Heavy Blade+1","Blood for Blood+1"],"picked":"Perfected Strike+1","floor":12},{"not_picked":["Armaments","Barricade","Searing Blow+1"],"picked":"SKIP","floor":14},{"not_picked":["Fiend Fire+1","Feed+1"],"picked":"Reaper+1","floor":16},{"not_picked":["Combust","Rupture"],"picked":"Inflame","floor":18},{"not_picked":["Dropkick+1","Wild Strike+1","Twin Strike+1"],"picked":"SKIP","floor":21},{"not_picked":["Entrench","Armaments+1","Clash+1"],"picked":"SKIP","floor":24},{"not_picked":["Reckless Charge+1","Flame Barrier","Warcry"],"picked":"SKIP","floor":25},{"not_picked":["Uppercut+1","Hemokinesis+1"],"picked":"Perfected Strike+1","floor":28},{"not_picked":["Heavy Blade+1","Shrug It Off"],"picked":"Perfected Strike+1","floor":29},{"not_picked":["Feel No Pain","Sword Boomerang+1","Combust+1"],"picked":"SKIP","floor":31}],"player_experience":207852,"relics_obtained":[{"floor":7,"key":"Molten Egg 2"},{"floor":9,"key":"Blood Vial"},{"floor":22,"key":"Art of War"},{"floor":26,"key":"Sundial"}],"event_choices":[{"damage_healed":0,"gold_gain":0,"player_choice":"Donut","damage_taken":0,"max_hp_gain":5,"max_hp_loss":0,"event_name":"Big Fish","floor":3,"gold_loss":0},{"cards_removed":["Defend_R"],"damage_healed":0,"gold_gain":0,"player_choice":"Card Removal","damage_taken":0,"max_hp_gain":0,"max_hp_loss":0,"event_name":"The Cleric","floor":11,"gold_loss":50},{"damage_healed":0,"gold_gain":0,"player_choice":"Read","damage_taken":0,"max_hp_gain":0,"max_hp_loss":0,"event_name":"The Library","floor":19,"gold_loss":0,"cards_obtained":["Wild Strike"]},{"damage_healed":0,"gold_gain":0,"player_choice":"Trade","damage_taken":0,"relics_obtained":["CultistMask"],"max_hp_gain":0,"max_hp_loss":0,"event_name":"FaceTrader","floor":20,"gold_loss":0}],"is_beta":false,"boss_relics":[{"not_picked":["Runic Cube","Philosopher\u0027s Stone"],"picked":"Lizard Tail"}],"items_purged_floors":[13],"is_endless":false,"potions_floor_spawned":[1,4,12,28,31],"killed_by":"Collector","ascension_level":2}