{"gold_per_floor":[118,82,82,82,157,157,185,202,251,251,24,65,137,149,161,275,287,309,236,258,270,297,309,321],"floor_reached":24,"playtime":978,"items_purged":[],"score":225,"play_id":"73f775b1-ef5f-424d-8fa4-0b0a1305c14b","local_time":"20181210145103","is_ascension_mode":false,"campfire_choices":[{"floor":6,"key":"RECALL"},{"data":"Defragment","floor":10,"key":"SMITH"},{"data":"Coolheaded","floor":15,"key":"SMITH"},{"data":"White Noise","floor":23,"key":"SMITH"}],"neow_cost":"NONE","seed_source_timestamp":227165674176756,"circlet_count":0,"master_deck":["Strike_B","Strike_B","Strike_B","Defend_B","Defend_B","Defend_B","Defend_B","Zap","Dualcast","Sweeping Beam","White Noise+1","Doom and Gloom","Defragment+1","Self Repair","Coolheaded+1","Conserve Battery","Echo Form","White Noise+1","Redo+1","Defragment+1"],"relics":["Cracked Core","NeowsBlessing","Orichalcum","MawBank","Oddly Smooth Stone","Matryoshka","Eternal Feather","Ornamental Fan"],"potions_floor_usage":[12,13,24],"damage_taken":[{"damage":0,"enemies":"2 Louse","floor":1,"turns":1},{"damage":0,"enemies":"Lagavulin","floor":7,"turns":1},{"damage":0,"enemies":"Jaw Worm","floor":8,"turns":1},{"damage":29,"enemies":"3 Sentries","floor":12,"turns":6},{"damage":11,"enemies":"Gremlin Nob","floor":13,"turns":4},{"damage":13,"enemies":"Slime Boss","floor":16,"turns":6},{"damage":11,"enemies":"3 Byrds","floor":18,"turns":5},{"damage":10,"enemies":"Spheric Guardian","floor":20,"turns":4},{"damage":18,"enemies":"Snecko","floor":22,"turns":5},{"damage":36,"enemies":"Colosseum Slavers","floor":24,"turns":5},{"damage":32,"enemies":"Colosseum Nobs","floor":24,"turns":3}],"seed_played":"2240068870339371166","potions_obtained":[{"floor":7,"key":"SkillPotion"},{"floor":12,"key":"PowerPotion"},{"floor":20,"key":"GamblersBrew"}],"is_trial":false,"path_per_floor":["M","$","?","?","?","R","E","M","T","R","$","E","?","$","R","B",null,"M","?","M","$","M","R","?"],"character_chosen":"DEFECT","items_purchased":["White Noise","Self Repair","MawBank"],"campfire_rested":0,"item_purchase_floors":[2,11,11],"current_hp_per_floor":[75,75,68,68,57,57,57,57,57,57,57,35,31,31,31,25,75,64,64,54,54,50,62,0],"gold":321,"neow_bonus":"THREE_ENEMY_KILL","is_prod":false,"is_daily":false,"chose_seed":false,"campfire_upgraded":3,"win_rate":0,"timestamp":1544449863,"path_taken":["M","$","?","?","?","R","E","?","T","R","$","E","?","?","R","BOSS","M","?","M","?","M","R","?"],"build_version":"2018-12-06","purchased_purges":0,"victory":false,"max_hp_per_floor":[75,75,75,75,75,75,75,75,75,75,75,75,75,75,75,75,75,75,75,75,75,75,75,75],"card_choices":[{"not_picked":["Redo","Aggregate"],"picked":"Sweeping Beam","floor":1},{"not_picked":["Hologram","Sweeping Beam"],"picked":"Doom and Gloom","floor":7},{"not_picked":["Scrape","Conserve Battery"],"picked":"Defragment","floor":8},{"not_picked":["BootSequence","Chaos"],"picked":"Coolheaded","floor":12},{"not_picked":["Beam Cell","Cold Snap"],"picked":"Conserve Battery","floor":13},{"not_picked":["Seek","Creative AI"],"picked":"Echo Form","floor":16},{"not_picked":["Chaos+1","Sunder"],"picked":"White Noise","floor":18},{"not_picked":["Melter","Turbo"],"picked":"Redo+1","floor":20},{"not_picked":["Lockon","Gash+1"],"picked":"Defragment+1","floor":22}],"player_experience":580426,"relics_obtained":[{"floor":7,"key":"Orichalcum"},{"floor":12,"key":"Oddly Smooth Stone"},{"floor":13,"key":"Matryoshka"}],"event_choices":[{"cards_removed":["Strike_B"],"damage_healed":0,"gold_gain":0,"player_choice":"Card Removal","damage_taken":7,"max_hp_gain":0,"max_hp_loss":0,"event_name":"Golden Wing","floor":3,"gold_loss":0},{"damage_healed":0,"gold_gain":0,"player_choice":"Grow","damage_taken":0,"max_hp_gain":0,"max_hp_loss":0,"event_name":"Living Wall","floor":4,"gold_loss":0,"cards_upgraded":["White Noise"]},{"damage_healed":0,"gold_gain":75,"player_choice":"Gather Gold","damage_taken":11,"max_hp_gain":0,"max_hp_loss":0,"event_name":"World of Goop","floor":5,"gold_loss":0},{"damage_healed":0,"gold_gain":0,"player_choice":"Searched \u00272\u0027 times","damage_taken":0,"max_hp_gain":0,"max_hp_loss":0,"event_name":"Dead Adventurer","floor":13,"gold_loss":0},{"damage_healed":0,"gold_gain":0,"player_choice":"Obtained Relic","damage_taken":0,"relics_obtained":["Ornamental Fan"],"max_hp_gain":0,"max_hp_loss":0,"event_name":"Addict","floor":19,"gold_loss":85},{"damage_healed":0,"gold_gain":0,"player_choice":"Fight","damage_taken":0,"max_hp_gain":0,"max_hp_loss":0,"event_name":"Colosseum","floor":24,"gold_loss":0},{"damage_healed":0,"gold_gain":0,"player_choice":"Fought Nobs","damage_taken":0,"max_hp_gain":0,"max_hp_loss":0,"event_name":"Colosseum","floor":24,"gold_loss":0}],"is_beta":false,"boss_relics":[{"not_picked":["FrozenCore","Lizard Tail"],"picked":"Eternal Feather"}],"items_purged_floors":[],"is_endless":false,"potions_floor_spawned":[7,12,20],"killed_by":"Colosseum Nobs","ascension_level":0}