{"gold_per_floor":[110,126,126,144,163,195,195,195,195,195,195,207,157,169,169,272,272,254,204,214,40,240,240,259,259,286,305,320,336,336],"floor_reached":30,"playtime":1860,"items_purged":[],"score":234,"play_id":"4a83bb09-f6e4-4221-a301-669dfb78dc38","local_time":"20190105211803","is_ascension_mode":false,"campfire_choices":[{"data":"Infinite Blades","floor":7,"key":"SMITH"},{"floor":10,"key":"REST"},{"floor":15,"key":"REST"},{"floor":23,"key":"REST"},{"floor":25,"key":"REST"}],"neow_cost":"NONE","seed_source_timestamp":31784605546303,"circlet_count":0,"master_deck":["Defend_G","Defend_G","Defend_G","Defend_G","Strike_G","Strike_G","Strike_G","Strike_G","Survivor","Neutralize","Deep Breath","Flying Knee","Infinite Blades+1","Finisher","Footwork","Regret","Backflip","Storm of Steel","Cloak And Dagger","Cloak And Dagger","Cloak And Dagger+1","Choke"],"relics":["Ring of the Snake","Calipers","Frozen Egg 2","Gambling Chip","Philosopher\u0027s Stone","Bronze Scales","Pen Nib"],"potions_floor_usage":[14,16,24,28,29,29],"damage_taken":[{"damage":0,"enemies":"Small Slimes","floor":1,"turns":3},{"damage":1,"enemies":"Jaw Worm","floor":2,"turns":4},{"damage":0,"enemies":"Cultist","floor":4,"turns":5},{"damage":2,"enemies":"Looter","floor":5,"turns":5},{"damage":30,"enemies":"Lagavulin","floor":6,"turns":7},{"damage":0,"enemies":"Blue Slaver","floor":12,"turns":4},{"damage":13,"enemies":"Lots of Slimes","floor":14,"turns":5},{"damage":54,"enemies":"Hexaghost","floor":16,"turns":15},{"damage":18,"enemies":"2 Thieves","floor":18,"turns":4},{"damage":10,"enemies":"Shell Parasite","floor":20,"turns":9},{"damage":33,"enemies":"3 Cultists","floor":24,"turns":7},{"damage":32,"enemies":"Snake Plant","floor":27,"turns":6},{"damage":3,"enemies":"Snecko","floor":28,"turns":4},{"damage":7,"enemies":"Cultist and Chosen","floor":29,"turns":7},{"damage":22,"enemies":"Sentry and Sphere","floor":30,"turns":3}],"seed_played":"4424993668222595528","potions_obtained":[{"floor":4,"key":"Dexterity Potion"},{"floor":14,"key":"Swift Potion"},{"floor":16,"key":"SkillPotion"},{"floor":18,"key":"PowerPotion"},{"floor":27,"key":"Block Potion"},{"floor":28,"key":"Fruit Juice"},{"floor":29,"key":"Poison Potion"}],"is_trial":false,"path_per_floor":["M","M","?","M","M","E","R","?","T","R","?","M","?","M","R","B",null,"M","?","M","$","?","R","M","R","T","M","M","M","M"],"character_chosen":"THE_SILENT","items_purchased":["Cloak And Dagger","Bronze Scales"],"campfire_rested":4,"item_purchase_floors":[21,21],"current_hp_per_floor":[70,69,62,62,60,30,30,30,30,51,51,51,51,38,59,5,70,52,52,42,42,42,63,30,51,51,19,21,14,0],"gold":336,"neow_bonus":"RANDOM_COLORLESS","is_prod":false,"is_daily":false,"chose_seed":false,"campfire_upgraded":1,"win_rate":0,"timestamp":1546715883,"path_taken":["M","M","?","M","M","E","R","?","T","R","?","?","?","M","R","BOSS","M","?","?","$","?","R","M","R","T","?","M","M","M"],"build_version":"2019-01-03v4","purchased_purges":0,"victory":false,"max_hp_per_floor":[70,70,70,70,70,70,70,70,70,70,70,70,70,70,70,70,70,70,70,70,70,70,70,70,70,70,70,75,75,75],"card_choices":[{"not_picked":["Dodge and Roll","Quick Slash"],"picked":"Flying Knee","floor":1},{"not_picked":["Deadly Poison","Expertise","Flying Knee"],"picked":"SKIP","floor":2},{"not_picked":["Deadly Poison","Bouncing Flask"],"picked":"Infinite Blades","floor":4},{"not_picked":["Reflex","Dodge and Roll"],"picked":"Finisher","floor":5},{"not_picked":["Deflect","Backflip"],"picked":"Footwork","floor":6},{"not_picked":["Acrobatics","Underhanded Strike","PiercingWail"],"picked":"SKIP","floor":12},{"not_picked":["Prepared","Sucker Punch"],"picked":"Backflip","floor":14},{"not_picked":["Night Terror","Tools of the Trade+1"],"picked":"Storm of Steel","floor":16},{"not_picked":["Backflip","Bane","Flechettes"],"picked":"SKIP","floor":18},{"not_picked":["Slice","Dagger Throw","Backflip"],"picked":"SKIP","floor":20},{"not_picked":["Reflex","Setup","Dagger Spray"],"picked":"SKIP","floor":24},{"not_picked":["Dagger Spray+1","Slice"],"picked":"Cloak And Dagger","floor":27},{"not_picked":["Quick Slash+1","Deflect"],"picked":"Cloak And Dagger+1","floor":28},{"not_picked":["Prepared","Unload"],"picked":"Choke","floor":29}],"player_experience":140445,"relics_obtained":[{"floor":6,"key":"Calipers"},{"floor":9,"key":"Gambling Chip"},{"floor":26,"key":"Pen Nib"}],"event_choices":[{"cards_removed":["Strike_G"],"damage_healed":0,"gold_gain":0,"player_choice":"Card Removal","damage_taken":7,"max_hp_gain":0,"max_hp_loss":0,"event_name":"Golden Wing","floor":3,"gold_loss":0},{"damage_healed":0,"gold_gain":0,"player_choice":"Box","damage_taken":0,"relics_obtained":["Frozen Egg 2"],"max_hp_gain":0,"max_hp_loss":0,"event_name":"Big Fish","floor":8,"gold_loss":0,"cards_obtained":["Regret"]},{"damage_healed":0,"gold_gain":0,"player_choice":"Ignored","damage_taken":0,"max_hp_gain":0,"max_hp_loss":0,"event_name":"Transmorgrifier","floor":11,"gold_loss":0},{"cards_removed":["Defend_G"],"damage_healed":0,"gold_gain":0,"player_choice":"Card Removal","damage_taken":0,"max_hp_gain":0,"max_hp_loss":0,"event_name":"The Cleric","floor":13,"gold_loss":50},{"damage_healed":0,"gold_gain":0,"player_choice":"Bet on Owner","damage_taken":0,"max_hp_gain":0,"max_hp_loss":0,"event_name":"The Joust","floor":19,"gold_loss":50},{"damage_healed":0,"gold_gain":200,"player_choice":"Gold","damage_taken":0,"max_hp_gain":0,"max_hp_loss":0,"event_name":"Wheel of Change","floor":22,"gold_loss":0}],"is_beta":false,"boss_relics":[{"not_picked":["Velvet Choker","HoveringKite"],"picked":"Philosopher\u0027s Stone"}],"items_purged_floors":[],"is_endless":false,"potions_floor_spawned":[4,14,16,18,27,28,29],"killed_by":"Sentry and Sphere","ascension_level":0}