{"gold_per_floor":[114,129,144,159,9,39,69,99,124,124,27,27,42,57,57,157,157,172,97,97,112,142,172,172,172,197,197,227,227,242,42,42,142,142,157,257,257,7,7,7,7,7,82,97,47,47,47,62,62,62],"floor_reached":51,"playtime":3048,"items_purged":["Strike_R"],"score":719,"play_id":"bf5d7cb8-3299-4d35-a7ba-93c0ed13b0fb","local_time":"20190129142918","daily_mods":["Allstar","Flight","DeadlyEvents"],"is_ascension_mode":false,"campfire_choices":[{"data":"Metamorphosis","floor":10,"key":"SMITH"},{"data":"Corruption","floor":12,"key":"SMITH"},{"data":"Master of Strategy","floor":15,"key":"SMITH"},{"floor":24,"key":"REST"},{"data":"Double Tap","floor":25,"key":"SMITH"},{"data":"True Grit","floor":27,"key":"SMITH"},{"floor":29,"key":"REST"},{"data":"Flame Barrier","floor":32,"key":"SMITH"},{"floor":40,"key":"DIG"},{"floor":41,"key":"DIG"},{"floor":42,"key":"DIG"},{"floor":46,"key":"DIG"},{"floor":47,"key":"DIG"},{"floor":49,"key":"DIG"}],"neow_cost":"","seed_source_timestamp":0,"circlet_count":0,"master_deck":["Strike_R","Defend_R","Defend_R","Defend_R","Defend_R","Bash","Finesse","Madness","Master of Strategy+1","Enlightenment","Metamorphosis+1","Corruption+1","Body Slam","Dropkick+1","Carnage","True Grit+1","Clothesline","Spot Weakness","Dramatic Entrance+1","Clothesline","Flame Barrier","Impervious","Flame Barrier+1","Perfected Strike","Double Tap+1","Shrug It Off","Metamorphosis+1","Demon Form","Madness","Shrug It Off","Power Through"],"special_seed":17925,"relics":["Burning Blood","Strawberry","Oddly Smooth Stone","Turnip","Letter Opener","Boot","Mark of Pain","Unceasing Top","Pen Nib","Centennial Puzzle","Vajra","Mummified Hand","DollysMirror","Empty Cage","Shovel","Self Forming Clay","Smiling Mask","Bag of Preparation","Regal Pillow","Pantograph","Whetstone","Ancient Tea Set","Blood Vial"],"potions_floor_usage":[7,7,18,23,36,50,50,50],"damage_taken":[{"damage":11,"enemies":"Jaw Worm","floor":1,"turns":3},{"damage":0,"enemies":"Small Slimes","floor":2,"turns":3},{"damage":5,"enemies":"2 Louse","floor":3,"turns":3},{"damage":6,"enemies":"Red Slaver","floor":4,"turns":3},{"damage":0,"enemies":"Lagavulin","floor":6,"turns":4},{"damage":11,"enemies":"Gremlin Nob","floor":7,"turns":3},{"damage":12,"enemies":"3 Sentries","floor":8,"turns":5},{"damage":4,"enemies":"Gremlin Gang","floor":13,"turns":2},{"damage":0,"enemies":"Blue Slaver","floor":14,"turns":2},{"damage":33,"enemies":"Hexaghost","floor":16,"turns":7},{"damage":0,"enemies":"Shell Parasite","floor":18,"turns":3},{"damage":14,"enemies":"Spheric Guardian","floor":21,"turns":4},{"damage":33,"enemies":"Book of Stabbing","floor":22,"turns":5},{"damage":12,"enemies":"Gremlin Leader","floor":23,"turns":5},{"damage":36,"enemies":"Slavers","floor":28,"turns":4},{"damage":11,"enemies":"Snake Plant","floor":30,"turns":2},{"damage":39,"enemies":"Collector","floor":33,"turns":7},{"damage":1,"enemies":"3 Shapes","floor":35,"turns":3},{"damage":18,"enemies":"Mind Bloom Boss Battle","floor":36,"turns":5},{"damage":31,"enemies":"3 Darklings","floor":44,"turns":4},{"damage":0,"enemies":"Writhing Mass","floor":48,"turns":3},{"damage":78,"enemies":"Awakened One","floor":50,"turns":10}],"seed_played":"-7783971571703722258","potions_obtained":[{"floor":1,"key":"SpeedPotion"},{"floor":4,"key":"Ancient Potion"},{"floor":6,"key":"GamblersBrew"},{"floor":8,"key":"Ancient Potion"},{"floor":16,"key":"GamblersBrew"},{"floor":21,"key":"Energy Potion"},{"floor":22,"key":"FearPotion"},{"floor":35,"key":"Fire Potion"},{"floor":36,"key":"PowerPotion"}],"is_trial":false,"path_per_floor":["M","M","M","M","$","E","E","E","T","R","$","R","M","M","R","B",null,"M","?","?","M","E","E","R","R","T","R","E","R","M","$","R","B",null,"M","?","?","$","$","R","R","R","T","M","$","R","R","M","R","B",null],"character_chosen":"IRONCLAD","items_purchased":["Strawberry","Dramatic Entrance","DollysMirror","Self Forming Clay"],"campfire_rested":2,"item_purchase_floors":[5,11,31,38],"current_hp_per_floor":[75,80,80,80,87,87,82,76,76,76,76,76,78,84,84,57,87,87,87,87,79,52,46,72,72,72,72,42,68,63,63,63,30,87,87,75,75,75,75,75,75,75,75,50,50,50,50,56,56,11],"gold":62,"neow_bonus":"","is_prod":false,"is_daily":true,"chose_seed":false,"campfire_upgraded":6,"win_rate":0,"timestamp":1548739758,"path_taken":["M","M","M","M","$","E","E","E","T","R","$","R","M","M","R","BOSS","M","?","?","?","?","E","R","R","T","R","?","R","?","$","R","BOSS","M","?","?","?","$","R","R","R","T","M","$","R","R","M","R","BOSS"],"build_version":"2019-01-23","purchased_purges":1,"victory":true,"max_hp_per_floor":[80,80,80,80,87,87,87,87,87,87,87,87,87,87,87,87,87,87,87,87,87,87,87,87,87,87,87,87,87,87,87,87,87,87,87,87,87,87,87,87,87,87,87,87,87,87,87,87,87,87],"card_choices":[{"not_picked":["Uppercut","Sentinel"],"picked":"Corruption","floor":1},{"not_picked":["True Grit","Havoc"],"picked":"Body Slam","floor":2},{"not_picked":["Cleave","Rampage"],"picked":"Dropkick","floor":3},{"not_picked":["Dual Wield","Whirlwind"],"picked":"Carnage","floor":4},{"not_picked":["Warcry","Sword Boomerang"],"picked":"True Grit","floor":6},{"not_picked":["Twin Strike","Rampage"],"picked":"Clothesline","floor":7},{"not_picked":["Pommel Strike","Dual Wield"],"picked":"Spot Weakness","floor":8},{"not_picked":["Twin Strike","Flex"],"picked":"Clothesline","floor":13},{"not_picked":["Pommel Strike","Dual Wield"],"picked":"Flame Barrier","floor":14},{"not_picked":["Exhume","Barricade"],"picked":"Impervious","floor":16},{"not_picked":["Body Slam","Shrug It Off"],"picked":"Flame Barrier","floor":18},{"not_picked":["Heavy Blade","Twin Strike"],"picked":"Perfected Strike","floor":21},{"not_picked":["Inflame","Blood for Blood"],"picked":"Double Tap","floor":22},{"not_picked":["Headbutt","Dropkick","Iron Wave"],"picked":"SKIP","floor":23},{"not_picked":["Rupture","Havoc"],"picked":"Shrug It Off","floor":28},{"not_picked":["Headbutt","Sword Boomerang","Havoc"],"picked":"SKIP","floor":30},{"not_picked":["Impervious","Exhume"],"picked":"Demon Form","floor":33},{"not_picked":["Second Wind","Havoc+1","Sword Boomerang+1"],"picked":"SKIP","floor":35},{"not_picked":["Swift Strike","Impatience"],"picked":"Madness","floor":37},{"not_picked":["Ghostly Armor+1","Infernal Blade+1"],"picked":"Shrug It Off","floor":44},{"not_picked":["Headbutt","Evolve+1"],"picked":"Power Through","floor":48}],"player_experience":100576,"relics_obtained":[{"floor":6,"key":"Oddly Smooth Stone"},{"floor":7,"key":"Turnip"},{"floor":8,"key":"Letter Opener"},{"floor":9,"key":"Boot"},{"floor":22,"key":"Pen Nib"},{"floor":23,"key":"Centennial Puzzle"},{"floor":26,"key":"Vajra"},{"floor":28,"key":"Mummified Hand"},{"floor":36,"key":"Shovel"},{"floor":40,"key":"Smiling Mask"},{"floor":41,"key":"Bag of Preparation"},{"floor":42,"key":"Regal Pillow"},{"floor":43,"key":"Pantograph"},{"floor":46,"key":"Whetstone"},{"floor":47,"key":"Ancient Tea Set"},{"floor":49,"key":"Blood Vial"}],"event_choices":[{"cards_removed":["Strike_R"],"damage_healed":0,"gold_gain":0,"player_choice":"Gave Gold","damage_taken":0,"max_hp_gain":0,"max_hp_loss":0,"event_name":"Beggar","floor":19,"gold_loss":75},{"damage_healed":0,"gold_gain":0,"player_choice":"Opened","damage_taken":0,"relics_obtained":["Unceasing Top"],"max_hp_gain":0,"max_hp_loss":0,"event_name":"The Mausoleum","floor":20,"gold_loss":0},{"damage_healed":0,"gold_gain":0,"player_choice":"Fight","damage_taken":0,"max_hp_gain":0,"max_hp_loss":0,"event_name":"MindBloom","floor":36,"gold_loss":0},{"damage_healed":0,"gold_gain":0,"player_choice":"Memory 1","damage_taken":0,"max_hp_gain":0,"max_hp_loss":0,"event_name":"SensoryStone","floor":37,"gold_loss":0}],"is_beta":false,"boss_relics":[{"not_picked":["Orrery","Busted Crown"],"picked":"Mark of Pain"},{"not_picked":["Lizard Tail","Tiny House"],"picked":"Empty Cage"}],"items_purged_floors":[45],"is_endless":false,"potions_floor_spawned":[1,4,6,8,16,21,22,35,36,48],"ascension_level":0}