{"gold_per_floor":[118,132,132,151,163,197,49,49,74,74,106,106,132,145,145,244,244,257,70,84,113,124,124,134,150,150,166,166,182,257,273,273,377,377,393,393,57,76,76,102,102,134,179,191,209,238,238,256,256,256],"floor_reached":51,"playtime":4133,"items_purged":["Regret","Regret"],"score":890,"play_id":"51b398b5-7f54-44b2-a67a-4e4f77de83f7","local_time":"20190129162944","is_ascension_mode":true,"campfire_choices":[{"floor":12,"key":"REST"},{"data":"Creative AI","floor":15,"key":"SMITH"},{"data":"Redo","floor":23,"key":"SMITH"},{"floor":28,"key":"REST"},{"floor":32,"key":"REST"},{"data":"1","floor":47,"key":"LIFT"},{"floor":49,"key":"REST"}],"neow_cost":"CURSE","seed_source_timestamp":125948192407480,"circlet_count":0,"master_deck":["Strike_B","Strike_B","Strike_B","Strike_B","Defend_B","Defend_B","Defend_B","Defend_B","Zap+1","Dualcast","Conserve Battery","BootSequence","Coolheaded","Doom and Gloom","Conserve Battery","Creative AI+1","Redo+1","Reinforced Body","Reinforced Body","Echo Form","Heatsinks","Loop","Leap","Go for the Eyes+1","Steam","Steam Power+1","Defragment","Biased Cognition","Conserve Battery+1","Fission+1","Mayhem","Skim+1","Buffer","Storm","Leap+1"],"relics":["Cracked Core","FossilizedHelix","Blood Vial","Juzu Bracelet","Potion Belt","StoneCalendar","Orichalcum","Cables","Nuclear Battery","Red Mask","Toxic Egg 2","Snecko Eye","DataDisk","Girya","Smiling Mask","Pen Nib","Boot"],"potions_floor_usage":[6,6,6,11,16,21,21,25,27,31,33,33,48,50,50],"damage_taken":[{"damage":0,"enemies":"2 Louse","floor":1,"turns":2},{"damage":0,"enemies":"Cultist","floor":2,"turns":3},{"damage":0,"enemies":"Jaw Worm","floor":4,"turns":3},{"damage":0,"enemies":"Blue Slaver","floor":5,"turns":4},{"damage":12,"enemies":"3 Sentries","floor":6,"turns":5},{"damage":35,"enemies":"Gremlin Nob","floor":11,"turns":4},{"damage":14,"enemies":"3 Sentries","floor":13,"turns":7},{"damage":2,"enemies":"Lots of Slimes","floor":14,"turns":4},{"damage":14,"enemies":"The Guardian","floor":16,"turns":8},{"damage":26,"enemies":"3 Byrds","floor":18,"turns":5},{"damage":0,"enemies":"Chosen","floor":20,"turns":6},{"damage":0,"enemies":"Masked Bandits","floor":21,"turns":5},{"damage":6,"enemies":"Snake Plant","floor":22,"turns":5},{"damage":0,"enemies":"Centurion and Healer","floor":24,"turns":7},{"damage":11,"enemies":"Chosen and Byrds","floor":25,"turns":6},{"damage":10,"enemies":"Sentry and Sphere","floor":27,"turns":7},{"damage":0,"enemies":"3 Cultists","floor":29,"turns":5},{"damage":6,"enemies":"Snake Plant","floor":31,"turns":3},{"damage":24,"enemies":"Automaton","floor":33,"turns":10},{"damage":0,"enemies":"3 Darklings","floor":35,"turns":6},{"damage":0,"enemies":"Orb Walker","floor":38,"turns":5},{"damage":0,"enemies":"Giant Head","floor":40,"turns":8},{"damage":0,"enemies":"Nemesis","floor":42,"turns":7},{"damage":15,"enemies":"3 Darklings","floor":44,"turns":7},{"damage":0,"enemies":"Spire Growth","floor":45,"turns":4},{"damage":0,"enemies":"Reptomancer","floor":46,"turns":4},{"damage":10,"enemies":"Transient","floor":48,"turns":5},{"damage":73,"enemies":"Time Eater","floor":50,"turns":9}],"seed_played":"3290058110482512976","potions_obtained":[{"floor":4,"key":"EntropicBrew"},{"floor":6,"key":"PowerPotion"},{"floor":13,"key":"Strength Potion"},{"floor":16,"key":"PowerPotion"},{"floor":21,"key":"AttackPotion"},{"floor":24,"key":"Explosive Potion"},{"floor":25,"key":"Energy Potion"},{"floor":27,"key":"Weak Potion"},{"floor":29,"key":"Explosive Potion"},{"floor":40,"key":"Poison Potion"},{"floor":42,"key":"FocusPotion"},{"floor":46,"key":"Explosive Potion"}],"is_trial":false,"path_per_floor":["M","M","?","M","M","E","$","?","T","T","E","R","E","M","R","B",null,"M","$","M","?","M","R","M","M","T","M","R","M","?","M","R","B",null,"M","?","$","M","?","E","?","E","T","M","M","E","R","M","R","B",null],"character_chosen":"DEFECT","items_purchased":["Creative AI","Loop","Leap","Mayhem","DataDisk"],"campfire_rested":4,"item_purchase_floors":[7,19,19,37,37],"current_hp_per_floor":[75,75,75,75,75,63,63,63,63,63,30,52,40,40,40,28,75,49,49,51,53,49,49,51,42,42,34,56,58,51,47,69,47,75,75,68,68,70,70,72,72,74,74,60,62,64,64,56,75,2],"gold":256,"neow_bonus":"ONE_RARE_RELIC","is_prod":false,"is_daily":false,"chose_seed":false,"campfire_upgraded":2,"win_rate":0,"timestamp":1548746984,"path_taken":["M","M","?","M","?","E","?","?","T","?","E","R","E","M","R","BOSS","M","?","M","?","M","R","M","M","T","M","R","M","?","M","R","BOSS","M","?","$","M","?","E","?","E","T","M","M","E","R","M","R","BOSS"],"build_version":"2019-01-23","purchased_purges":2,"victory":true,"max_hp_per_floor":[75,75,75,75,75,75,75,75,75,75,75,75,75,75,75,75,75,75,75,75,75,75,75,75,75,75,75,75,75,75,75,75,75,75,75,75,75,75,75,75,75,75,75,75,75,75,75,75,75,75],"card_choices":[{"not_picked":["Go for the Eyes","Hologram"],"picked":"Conserve Battery","floor":1},{"not_picked":["Hologram","Redo"],"picked":"BootSequence","floor":2},{"not_picked":["Rebound","Turbo"],"picked":"Coolheaded","floor":4},{"not_picked":["Beam Cell","Barrage"],"picked":"Doom and Gloom","floor":5},{"not_picked":["Beam Cell","Cold Snap"],"picked":"Conserve Battery","floor":6},{"not_picked":["Go for the Eyes","Sunder"],"picked":"Redo","floor":11},{"not_picked":["Rebound","All For One"],"picked":"Reinforced Body","floor":13},{"not_picked":["Barrage","Sweeping Beam"],"picked":"Reinforced Body","floor":14},{"not_picked":["Biased Cognition","Machine Learning"],"picked":"Echo Form","floor":16},{"not_picked":["Conserve Battery","Coolheaded"],"picked":"Heatsinks","floor":18},{"not_picked":["Rebound","Gash"],"picked":"Go for the Eyes+1","floor":20},{"not_picked":["Barrage","Beam Cell"],"picked":"Steam","floor":22},{"not_picked":["Hello World","Scrape","Hologram"],"picked":"SKIP","floor":24},{"not_picked":["Rebound","Undo"],"picked":"Steam Power+1","floor":25},{"not_picked":["Redo+1","Leap+1"],"picked":"Defragment","floor":27},{"not_picked":["Hologram+1","Darkness+1"],"picked":"Biased Cognition","floor":29},{"not_picked":["Streamline","Gash"],"picked":"Conserve Battery+1","floor":31},{"not_picked":["All For One","Rainbow+1"],"picked":"Fission+1","floor":33},{"not_picked":["Hologram+1","Turbo+1","Stack+1"],"picked":"SKIP","floor":35},{"not_picked":["Steam Power+1","Streamline+1"],"picked":"Doom and Gloom","floor":38},{"not_picked":["Steam+1","Capacitor+1"],"picked":"Skim+1","floor":40},{"not_picked":["All For One","Reinforced Body+1"],"picked":"Buffer","floor":42},{"not_picked":["Beam Cell","Barrage"],"picked":"Storm","floor":44},{"not_picked":["Lockon","Genetic Algorithm+1"],"picked":"Leap+1","floor":45},{"not_picked":["Streamline+1","Auto Shields+1","Sunder+1"],"picked":"SKIP","floor":46},{"not_picked":["Sweeping Beam","Conserve Battery+1","Steam+1"],"picked":"SKIP","floor":48}],"player_experience":103624,"relics_obtained":[{"floor":6,"key":"Blood Vial"},{"floor":9,"key":"Potion Belt"},{"floor":10,"key":"StoneCalendar"},{"floor":11,"key":"Orichalcum"},{"floor":13,"key":"Cables"},{"floor":21,"key":"Red Mask"},{"floor":26,"key":"Toxic Egg 2"},{"floor":40,"key":"Girya"},{"floor":42,"key":"Smiling Mask"},{"floor":43,"key":"Pen Nib"},{"floor":46,"key":"Boot"}],"event_choices":[{"damage_healed":0,"gold_gain":0,"player_choice":"Upgraded","damage_taken":0,"max_hp_gain":0,"max_hp_loss":0,"event_name":"Upgrade Shrine","floor":3,"gold_loss":0,"cards_upgraded":["Zap"]},{"damage_healed":0,"gold_gain":0,"player_choice":"Box","damage_taken":0,"relics_obtained":["Juzu Bracelet"],"max_hp_gain":0,"max_hp_loss":0,"event_name":"Big Fish","floor":8,"gold_loss":0,"cards_obtained":["Regret"]},{"damage_healed":0,"gold_gain":0,"player_choice":"Fought Bandits","damage_taken":0,"max_hp_gain":0,"max_hp_loss":0,"event_name":"Masked Bandits","floor":21,"gold_loss":0},{"damage_healed":0,"gold_gain":75,"player_choice":"Touch","damage_taken":7,"max_hp_gain":0,"max_hp_loss":0,"event_name":"FaceTrader","floor":30,"gold_loss":0},{"damage_healed":0,"gold_gain":0,"player_choice":"Damaged","damage_taken":7,"max_hp_gain":0,"max_hp_loss":0,"event_name":"Wheel of Change","floor":36,"gold_loss":0},{"damage_healed":0,"gold_gain":0,"player_choice":"Memory 1","damage_taken":0,"max_hp_gain":0,"max_hp_loss":0,"event_name":"SensoryStone","floor":39,"gold_loss":0},{"cards_removed":["Doom and Gloom"],"damage_healed":0,"gold_gain":0,"player_choice":"Removed Attack","damage_taken":0,"max_hp_gain":0,"max_hp_loss":0,"event_name":"Falling","floor":41,"gold_loss":0}],"is_beta":false,"boss_relics":[{"not_picked":["Busted Crown","Inserter"],"picked":"Nuclear Battery"},{"not_picked":["Tiny House","Empty Cage"],"picked":"Snecko Eye"}],"items_purged_floors":[7,19],"is_endless":false,"potions_floor_spawned":[4,6,13,16,21,24,25,27,29,40,42,46],"ascension_level":2}