{"gold_per_floor":[119,68,68,81,100,127,127,153,153,133,133,24,24,24,24,24],"floor_reached":16,"playtime":578,"items_purged":["Strike_G+1"],"score":127,"play_id":"a30da412-60bb-4425-8bce-bfe78564117a","local_time":"20190201032306","is_ascension_mode":true,"campfire_choices":[{"floor":7,"key":"REST"},{"floor":11,"key":"REST"},{"floor":15,"key":"REST"}],"neow_cost":"NONE","seed_source_timestamp":365871637541546,"circlet_count":0,"master_deck":["Defend_G","Defend_G","Defend_G","Defend_G+1","Defend_G","Strike_G","Strike_G","Strike_G","Strike_G","Survivor","Neutralize","Catalyst","Deadly Poison","Acrobatics","Well Laid Plans"],"relics":["Ring of the Snake","Art of War","Gremlin Horn","Centennial Puzzle","Golden Idol"],"potions_floor_usage":[16],"damage_taken":[{"damage":0,"enemies":"Small Slimes","floor":1,"turns":5},{"damage":4,"enemies":"Jaw Worm","floor":4,"turns":4},{"damage":0,"enemies":"2 Louse","floor":5,"turns":3},{"damage":33,"enemies":"Gremlin Nob","floor":6,"turns":5},{"damage":42,"enemies":"3 Sentries","floor":8,"turns":11},{"damage":52,"enemies":"Hexaghost","floor":16,"turns":16}],"seed_played":"2115453470535882667","potions_obtained":[{"floor":8,"key":"Block Potion"}],"is_trial":false,"path_per_floor":["M","$","?","M","M","E","R","E","T","?","R","$","$","?","R","B"],"character_chosen":"THE_SILENT","items_purchased":["Deadly Poison","Well Laid Plans"],"campfire_rested":3,"item_purchase_floors":[2,12],"current_hp_per_floor":[77,77,62,58,58,25,48,6,6,6,29,29,29,29,50,0],"gold":24,"neow_bonus":"TEN_PERCENT_HP_BONUS","is_prod":false,"is_daily":false,"chose_seed":false,"campfire_upgraded":0,"win_rate":0,"timestamp":1549012986,"path_taken":["M","$","?","M","M","E","R","E","T","?","R","?","$","?","R","BOSS"],"build_version":"2019-01-23","purchased_purges":1,"victory":false,"max_hp_per_floor":[77,77,77,77,77,77,77,77,77,77,77,77,77,71,71,71],"card_choices":[{"not_picked":["Blade Dance","Poisoned Stab"],"picked":"Catalyst","floor":1},{"not_picked":["Bouncing Flask","Masterful Stab"],"picked":"Acrobatics","floor":4},{"not_picked":["Quick Slash","Flying Knee","Dodge and Roll"],"picked":"SKIP","floor":5},{"not_picked":["Slice","Bane","Storm of Steel"],"picked":"SKIP","floor":6},{"not_picked":["Underhanded Strike","Dagger Throw","Blade Dance"],"picked":"SKIP","floor":8}],"player_experience":279176,"relics_obtained":[{"floor":6,"key":"Art of War"},{"floor":8,"key":"Gremlin Horn"},{"floor":9,"key":"Centennial Puzzle"}],"event_choices":[{"damage_healed":0,"gold_gain":0,"player_choice":"Entered Light","damage_taken":15,"max_hp_gain":0,"max_hp_loss":0,"event_name":"Shining Light","floor":3,"gold_loss":0,"cards_upgraded":["Strike_G","Defend_G"]},{"damage_healed":0,"gold_gain":0,"player_choice":"Left Gold","damage_taken":0,"max_hp_gain":0,"max_hp_loss":0,"event_name":"World of Goop","floor":10,"gold_loss":20},{"damage_healed":0,"gold_gain":0,"player_choice":"Lose Max HP","damage_taken":0,"relics_obtained":["Golden Idol"],"max_hp_gain":0,"max_hp_loss":6,"event_name":"Golden Idol","floor":14,"gold_loss":0}],"is_beta":false,"boss_relics":[],"items_purged_floors":[12],"is_endless":false,"potions_floor_spawned":[8],"killed_by":"Hexaghost","ascension_level":4}