{"gold_per_floor":[114,39,59,9,22,22,32,32,32,67,67,67,85,97,97,195,195,208,208,218,218,118,118,148,148,173,187,216,226,226,244,244,244],"floor_reached":33,"playtime":2102,"items_purged":["Strike_R","Corruption"],"score":312,"play_id":"2e051da5-dc28-4c76-a177-af53df9b66b5","local_time":"20190124170023","is_ascension_mode":false,"campfire_choices":[{"data":"Armaments","floor":6,"key":"SMITH"},{"data":"Iron Wave","floor":8,"key":"SMITH"},{"data":"Headbutt","floor":11,"key":"SMITH"},{"data":"Bash","floor":15,"key":"SMITH"},{"data":"Defend_R","floor":23,"key":"SMITH"},{"floor":25,"key":"REST"},{"floor":32,"key":"REST"}],"neow_cost":"NONE","seed_source_timestamp":78835504083300,"circlet_count":0,"master_deck":["Strike_R","Strike_R","Defend_R+1","Defend_R+1","Defend_R","Defend_R","Bash+1","Headbutt+1","Armaments+1","Iron Wave+1","Whirlwind+1","Whirlwind+1","RitualDagger+1","Headbutt+1","Feed+1"],"relics":["Burning Blood","Molten Egg 2","Centennial Puzzle","Runic Pyramid","Bronze Scales","Pen Nib","Strawberry"],"potions_floor_usage":[16,16,24,27,28,28],"damage_taken":[{"damage":10,"enemies":"Small Slimes","floor":1,"turns":6},{"damage":0,"enemies":"Cultist","floor":3,"turns":5},{"damage":2,"enemies":"2 Louse","floor":5,"turns":4},{"damage":17,"enemies":"Red Slaver","floor":7,"turns":5},{"damage":15,"enemies":"Gremlin Nob","floor":10,"turns":4},{"damage":0,"enemies":"2 Fungi Beasts","floor":13,"turns":2},{"damage":0,"enemies":"Lots of Slimes","floor":14,"turns":1},{"damage":27,"enemies":"Hexaghost","floor":16,"turns":8},{"damage":3,"enemies":"Chosen","floor":18,"turns":7},{"damage":3,"enemies":"Shell Parasite","floor":20,"turns":12},{"damage":52,"enemies":"Gremlin Leader","floor":24,"turns":10},{"damage":10,"enemies":"Centurion and Healer","floor":27,"turns":6},{"damage":39,"enemies":"Slavers","floor":28,"turns":2},{"damage":5,"enemies":"Chosen and Byrds","floor":29,"turns":6},{"damage":17,"enemies":"Snake Plant","floor":31,"turns":3},{"damage":58,"enemies":"Automaton","floor":33,"turns":6}],"seed_played":"8631083475030073318","potions_obtained":[{"floor":3,"key":"LiquidBronze"},{"floor":5,"key":"Ancient Potion"},{"floor":13,"key":"SkillPotion"},{"floor":14,"key":"PowerPotion"},{"floor":18,"key":"SteroidPotion"},{"floor":20,"key":"Weak Potion"},{"floor":27,"key":"LiquidBronze"},{"floor":31,"key":"Dexterity Potion"}],"is_trial":false,"path_per_floor":["M","$","M","?","M","R","M","R","T","E","R","?","M","M","R","B",null,"M","?","M","?","$","R","E","R","T","M","E","M","?","M","R","B"],"character_chosen":"IRONCLAD","items_purchased":[],"campfire_rested":2,"item_purchase_floors":[],"current_hp_per_floor":[76,76,80,80,80,80,69,69,69,60,60,60,66,72,72,51,80,80,74,77,77,77,77,31,55,55,55,29,34,34,23,51,0],"gold":244,"neow_bonus":"UPGRADE_CARD","is_prod":false,"is_daily":false,"chose_seed":false,"campfire_upgraded":5,"win_rate":0,"timestamp":1548378023,"path_taken":["M","$","M","?","M","R","M","R","T","E","R","?","?","M","R","BOSS","M","?","M","?","$","R","E","R","T","M","E","?","?","M","R","BOSS"],"build_version":"2019-01-23","purchased_purges":2,"victory":false,"max_hp_per_floor":[80,80,80,80,80,80,80,80,80,80,80,80,80,80,80,80,80,80,80,80,80,80,80,80,80,80,84,91,95,95,95,95,95],"card_choices":[{"not_picked":["Clothesline","Anger"],"picked":"Headbutt","floor":1},{"not_picked":["Havoc","Combust","Perfected Strike"],"picked":"SKIP","floor":3},{"not_picked":["Intimidate","Inflame"],"picked":"Armaments","floor":5},{"not_picked":["Limit Break","Rupture"],"picked":"Iron Wave","floor":7},{"not_picked":["Heavy Blade+1","Impervious"],"picked":"Whirlwind+1","floor":10},{"not_picked":["Iron Wave+1","Perfected Strike+1"],"picked":"Whirlwind+1","floor":13},{"not_picked":["Armaments","Battle Trance","Pommel Strike+1"],"picked":"SKIP","floor":14},{"not_picked":["Uppercut+1","True Grit","Second Wind"],"picked":"SKIP","floor":18},{"not_picked":["Armaments","Thunderclap+1"],"picked":"Headbutt+1","floor":20},{"not_picked":["Whirlwind+1","Corruption","Immolate+1"],"picked":"SKIP","floor":24},{"not_picked":["Heavy Blade+1","Iron Wave+1","Cleave+1"],"picked":"SKIP","floor":27},{"not_picked":["Clash+1","Thunderclap+1","Rupture"],"picked":"SKIP","floor":28},{"not_picked":["Rupture","Evolve","Clash+1"],"picked":"SKIP","floor":29},{"not_picked":["Twin Strike+1","Armaments","Warcry"],"picked":"SKIP","floor":31}],"player_experience":59842,"relics_obtained":[{"floor":9,"key":"Molten Egg 2"},{"floor":10,"key":"Centennial Puzzle"},{"floor":24,"key":"Bronze Scales"},{"floor":26,"key":"Pen Nib"},{"floor":28,"key":"Strawberry"}],"event_choices":[{"cards_removed":["Strike_R"],"damage_healed":0,"gold_gain":0,"player_choice":"Card Removal","damage_taken":0,"max_hp_gain":0,"max_hp_loss":0,"event_name":"The Cleric","floor":4,"gold_loss":50},{"damage_healed":0,"gold_gain":0,"cards_transformed":["Strike_R"],"player_choice":"Transformed","damage_taken":0,"max_hp_gain":0,"max_hp_loss":0,"event_name":"Transmorgrifier","floor":12,"gold_loss":0,"cards_obtained":["Corruption"]},{"damage_healed":0,"gold_gain":0,"player_choice":"Joined the Cult","damage_taken":6,"max_hp_gain":0,"max_hp_loss":0,"event_name":"Nest","floor":19,"gold_loss":0,"cards_obtained":["RitualDagger"]},{"damage_healed":0,"gold_gain":0,"player_choice":"1 cards matched","damage_taken":0,"max_hp_gain":0,"max_hp_loss":0,"event_name":"Match and Keep!","floor":21,"gold_loss":0,"cards_obtained":["Feed"]},{"damage_healed":0,"gold_gain":0,"player_choice":"Ignored","damage_taken":0,"max_hp_gain":0,"max_hp_loss":0,"event_name":"The Mausoleum","floor":30,"gold_loss":0}],"is_beta":false,"boss_relics":[{"not_picked":["Eternal Feather","Mark of Pain"],"picked":"Runic Pyramid"}],"items_purged_floors":[2,22],"is_endless":false,"potions_floor_spawned":[3,5,13,14,18,20,27,31],"killed_by":"Automaton","ascension_level":0}