{"gold_per_floor":[115,190,190,210,228,255,269,269,320,320,350,350,64,64,64,165,165,175,175,90,109,208,208,123,123,123,123,123,137,137],"floor_reached":30,"playtime":1074,"items_purged":["Strike_R","Injury"],"score":269,"play_id":"329ef5dd-32e9-4666-a814-97e0fe72955d","local_time":"20181225144045","is_ascension_mode":true,"campfire_choices":[{"floor":8,"key":"REST"},{"floor":10,"key":"REST"},{"data":"Inflame","floor":15,"key":"SMITH"},{"data":"Metallicize","floor":23,"key":"SMITH"}],"neow_cost":"NONE","seed_source_timestamp":358388670908265,"circlet_count":0,"master_deck":["Strike_R","Strike_R","Strike_R","Strike_R","Defend_R","Defend_R","Defend_R","Defend_R","Bash","Infernal Blade","Heavy Blade","Corruption","Metallicize","Inflame+1","Fiend Fire","Parasite","Perfected Strike+1","Metallicize+1","Pummel","Demon Form"],"relics":["Burning Blood","Matryoshka","Smiling Mask","Lantern","Vajra","Happy Flower","Pocketwatch","Membership Card","Calling Bell","Art of War","Darkstone Periapt","StoneCalendar","Ice Cream","Letter Opener"],"potions_floor_usage":[6,7,16,21],"damage_taken":[{"damage":0,"enemies":"Cultist","floor":1,"turns":2},{"damage":8,"enemies":"2 Louse","floor":4,"turns":3},{"damage":7,"enemies":"Jaw Worm","floor":5,"turns":2},{"damage":46,"enemies":"Gremlin Nob","floor":6,"turns":5},{"damage":9,"enemies":"3 Louse","floor":7,"turns":3},{"damage":26,"enemies":"3 Sentries","floor":11,"turns":12},{"damage":14,"enemies":"Slime Boss","floor":16,"turns":6},{"damage":9,"enemies":"Shell Parasite","floor":18,"turns":2},{"damage":16,"enemies":"3 Byrds","floor":21,"turns":6},{"damage":26,"enemies":"Centurion and Healer","floor":29,"turns":8},{"damage":52,"enemies":"Gremlin Leader","floor":30,"turns":2}],"seed_played":"-2660471902114750563","potions_obtained":[{"floor":1,"key":"EssenceOfSteel"},{"floor":6,"key":"Fire Potion"},{"floor":7,"key":"SkillPotion"},{"floor":11,"key":"AttackPotion"},{"floor":29,"key":"SteroidPotion"}],"is_trial":false,"path_per_floor":["M","?","?","M","M","E","M","R","T","R","E","T","$","?","R","B",null,"M","?","$","M","?","R","?","?","T","$","$","M","E"],"character_chosen":"IRONCLAD","items_purchased":["Membership Card","Inflame","Metallicize"],"campfire_rested":2,"item_purchase_floors":[13,13,20],"current_hp_per_floor":[80,69,69,67,66,26,23,47,47,71,51,51,51,51,51,43,80,77,77,77,67,67,67,67,67,67,67,67,47,0],"gold":137,"neow_bonus":"THREE_CARDS","is_prod":false,"is_daily":false,"chose_seed":false,"campfire_upgraded":2,"win_rate":0,"timestamp":1545745245,"path_taken":["M","?","?","M","M","E","M","R","T","R","E","?","$","?","R","BOSS","M","?","$","?","?","R","?","?","T","?","$","?","E"],"build_version":"2018-12-20","purchased_purges":2,"victory":false,"max_hp_per_floor":[80,80,80,80,80,80,80,80,80,80,80,80,80,80,80,80,80,80,80,80,80,80,80,80,80,80,80,80,80,80],"card_choices":[{"not_picked":["Sword Boomerang","Wild Strike"],"picked":"Infernal Blade","floor":0},{"not_picked":["Dropkick","Warcry"],"picked":"Heavy Blade","floor":1},{"not_picked":["Wild Strike","Pommel Strike","Flex"],"picked":"SKIP","floor":4},{"not_picked":["Cleave","Warcry"],"picked":"Corruption","floor":5},{"not_picked":["Entrench","Dark Embrace","Clothesline"],"picked":"SKIP","floor":6},{"not_picked":["Hemokinesis","Warcry"],"picked":"Metallicize","floor":7},{"not_picked":["Hemokinesis","Clothesline","Havoc"],"picked":"SKIP","floor":11},{"not_picked":["Limit Break","Bludgeon"],"picked":"Fiend Fire","floor":16},{"not_picked":["Sentinel+1","Uppercut+1"],"picked":"Perfected Strike+1","floor":18},{"not_picked":["Anger","Evolve"],"picked":"Pummel","floor":21},{"not_picked":["Hemokinesis","Body Slam","Entrench+1"],"picked":"SKIP","floor":29}],"player_experience":224589,"relics_obtained":[{"floor":6,"key":"Matryoshka"},{"floor":9,"key":"Smiling Mask"},{"floor":9,"key":"Lantern"},{"floor":11,"key":"Vajra"},{"floor":12,"key":"Happy Flower"},{"floor":12,"key":"Pocketwatch"},{"floor":17,"key":"Art of War"},{"floor":17,"key":"Darkstone Periapt"},{"floor":17,"key":"StoneCalendar"},{"floor":26,"key":"Letter Opener"}],"event_choices":[{"damage_healed":0,"gold_gain":75,"player_choice":"Gather Gold","damage_taken":11,"max_hp_gain":0,"max_hp_loss":0,"event_name":"World of Goop","floor":2,"gold_loss":0},{"damage_healed":0,"gold_gain":0,"player_choice":"Ignored","damage_taken":0,"max_hp_gain":0,"max_hp_loss":0,"event_name":"Golden Idol","floor":3,"gold_loss":0},{"damage_healed":0,"gold_gain":0,"player_choice":"Ignored","damage_taken":0,"max_hp_gain":0,"max_hp_loss":0,"event_name":"Liars Game","floor":14,"gold_loss":0},{"cards_removed":["Normality"],"damage_healed":0,"gold_gain":0,"player_choice":"Purged","damage_taken":0,"max_hp_gain":0,"max_hp_loss":0,"event_name":"Purifier","floor":19,"gold_loss":0},{"damage_healed":0,"gold_gain":99,"player_choice":"Stole From Cult","damage_taken":0,"max_hp_gain":0,"max_hp_loss":0,"event_name":"Nest","floor":22,"gold_loss":0},{"damage_healed":0,"gold_gain":0,"player_choice":"Obtained Relic","damage_taken":0,"relics_obtained":["Ice Cream"],"max_hp_gain":0,"max_hp_loss":0,"event_name":"Addict","floor":24,"gold_loss":85},{"damage_healed":0,"gold_gain":0,"player_choice":"Read","damage_taken":0,"max_hp_gain":0,"max_hp_loss":0,"event_name":"The Library","floor":25,"gold_loss":0,"cards_obtained":["Demon Form"]}],"is_beta":false,"boss_relics":[{"not_picked":["Tiny House","Coffee Dripper"],"picked":"Calling Bell"}],"items_purged_floors":[13,20],"is_endless":false,"potions_floor_spawned":[1,6,7,11,29],"killed_by":"Gremlin Leader","ascension_level":3}