{"gold_per_floor":[116,127,54,54,68,97,97,125,149,183,200,200,200,215,215,320,320,334,15,15,28,40,73,89,116,116,116,116,116,131,162,162,264,264,274,75,75,95,95,95,113,126,172,172,207,107,107,135,135,135],"floor_reached":51,"playtime":4867,"items_purged":["Strike_B","Self Repair+1"],"score":1475,"play_id":"fa7a9076-6e2e-4abf-ab27-64e0d933053f","local_time":"20190129001412","is_ascension_mode":true,"campfire_choices":[{"data":"Defragment","floor":7.0,"key":"SMITH"},{"floor":15.0,"key":"REST"},{"floor":28,"key":"REST"},{"floor":32,"key":"REST"},{"floor":40,"key":"REST"},{"floor":44,"key":"REST"},{"floor":47,"key":"REST"},{"floor":49,"key":"REST"}],"neow_cost":"NONE","seed_source_timestamp":0,"circlet_count":0,"master_deck":["AscendersBane","Strike_B+1","Strike_B+1","Strike_B+1","Defend_B+1","Defend_B+1","Defend_B+1","Defend_B+1","Zap+1","Dualcast+1","Ball Lightning+1","Defragment+1","Sweeping Beam+1","Redo+1","Redo+1","Steam+1","Glacier+1","Stack+1","Electrodynamics+1","Multi-Cast+1","Chill+1","Redo+1","Cold Snap+1","Hello World+1","Cold Snap+1","Loop+1","Turbo+1","Creative AI+1","Loop+1","Loop+1","Reprogram+1","Loop+1","Buffer+1","Amplify+1","Hello World+1","Steam Power+1","Creative AI"],"special_seed":0,"relics":["Cracked Core","Kunai","Darkstone Periapt","Happy Flower","Dream Catcher","DataDisk","Toxic Egg 2","Orrery","Mummified Hand","Omamori","Bottled Lightning","Anchor","Ancient Tea Set","War Paint","Inserter","Mark of the Bloom","Bottled Flame","Bag of Marbles","Cables","Pear"],"potions_floor_usage":[31,33,41,42,42,50],"damage_taken":[{"damage":6.0,"enemies":"Cultist","floor":1.0,"turns":3.0},{"damage":12.0,"enemies":"2 Louse","floor":2.0,"turns":3.0},{"damage":0.0,"enemies":"Jaw Worm","floor":5.0,"turns":2.0},{"damage":0.0,"enemies":"3 Sentries","floor":6.0,"turns":2.0},{"damage":10.0,"enemies":"Lagavulin","floor":8.0,"turns":5.0},{"damage":25.0,"enemies":"3 Sentries","floor":10.0,"turns":5.0},{"damage":0.0,"enemies":"Looter","floor":11.0,"turns":2.0},{"damage":0.0,"enemies":"3 Louse","floor":14.0,"turns":4.0},{"damage":0.0,"enemies":"Slime Boss","floor":16.0,"turns":6.0},{"damage":1.0,"enemies":"Shell Parasite","floor":18.0,"turns":7.0},{"damage":0.0,"enemies":"3 Byrds","floor":21.0,"turns":3.0},{"damage":25.0,"enemies":"Snake Plant","floor":22.0,"turns":4.0},{"damage":0.0,"enemies":"Slavers","floor":23.0,"turns":5.0},{"damage":0.0,"enemies":"Centurion and Healer","floor":24.0,"turns":6.0},{"damage":42.0,"enemies":"Gremlin Leader","floor":25.0,"turns":9.0},{"damage":0.0,"enemies":"Colosseum Slavers","floor":27.0,"turns":6.0},{"damage":8,"enemies":"3 Cultists","floor":30,"turns":5},{"damage":0,"enemies":"Slavers","floor":31,"turns":5},{"damage":33,"enemies":"Automaton","floor":33,"turns":9},{"damage":5,"enemies":"3 Darklings","floor":35,"turns":4},{"damage":2,"enemies":"Orb Walker","floor":38,"turns":3},{"damage":0,"enemies":"4 Shapes","floor":41,"turns":4},{"damage":1,"enemies":"Sphere and 2 Shapes","floor":42,"turns":5},{"damage":14,"enemies":"Nemesis","floor":45,"turns":5},{"damage":0,"enemies":"Giant Head","floor":48,"turns":6},{"damage":0,"enemies":"Time Eater","floor":50,"turns":9}],"seed_played":"-1978542090465532040","potions_obtained":[{"floor":0.0,"key":"Weak Potion"},{"floor":0.0,"key":"Block Potion"},{"floor":0.0,"key":"AttackPotion"},{"floor":5.0,"key":"AttackPotion"},{"floor":6.0,"key":"Energy Potion"},{"floor":8.0,"key":"Strength Potion"},{"floor":21.0,"key":"Dexterity Potion"},{"floor":23.0,"key":"Fire Potion"},{"floor":30,"key":"Explosive Potion"},{"floor":31,"key":"EssenceOfSteel"},{"floor":35,"key":"Dexterity Potion"},{"floor":41,"key":"AttackPotion"}],"is_trial":false,"path_per_floor":["M","M","$","T","M","E","R","E","T","E","M","T","?","M","R","B",null,"M","$","?","M","M","E","M","E","T","?","R","?","M","E","R","B",null,"M","$","?","M","T","R","M","M","T","R","E","$","R","E","R","B",null],"character_chosen":"DEFECT","items_purchased":["Defragment","Mummified Hand","Loop","PowerPotion","FocusPotion"],"campfire_rested":7,"item_purchase_floors":[3,19,19,36,36],"current_hp_per_floor":[62,50,50,50,50,50,50,40,40,15,15,15,15,15,37,37,66,65,65,71,71,46,46,46,11,11,18,42,42,41,48,72,46,72,67,67,67,65,65,65,65,64,64,64,50,50,50,50,50,50],"gold":135,"neow_bonus":"THREE_SMALL_POTIONS","is_prod":false,"is_daily":false,"chose_seed":false,"campfire_upgraded":1,"win_rate":0,"timestamp":1548720852,"path_taken":["M","M","$","?","M","E","R","E","T","E","?","?","?","M","R","BOSS","M","$","?","M","M","E","M","E","T","?","R","?","?","E","R","BOSS","M","$","?","M","?","R","M","M","T","R","E","?","R","E","R","BOSS"],"build_version":"2019-01-23","purchased_purges":2,"victory":true,"max_hp_per_floor":[75,75,75,75,75,75,75,75,75,75,75,75,75,75,75,75,75,75,75,81,81,81,81,81,81,81,81,81,81,81,81,81,81,81,81,81,81,81,81,81,81,81,81,81,81,81,81,91,91,91],"card_choices":[{"not_picked":["Coolheaded","Rebound"],"picked":"Ball Lightning","floor":1.0},{"not_picked":["Storm","Barrage","Rebound"],"picked":"SKIP","floor":2.0},{"not_picked":["Beam Cell","Reprogram"],"picked":"Sweeping Beam","floor":5.0},{"not_picked":["Biased Cognition","Sweeping Beam"],"picked":"Redo","floor":6.0},{"not_picked":["Cold Snap","Chaos"],"picked":"Redo","floor":8.0},{"not_picked":["Beam Cell","Undo"],"picked":"Steam","floor":10.0},{"not_picked":["Cold Snap","Skim"],"picked":"Glacier","floor":11.0},{"not_picked":["BootSequence+1","Sweeping Beam"],"picked":"Stack+1","floor":14.0},{"not_picked":["Chaos+1","Stack+1"],"picked":"Electrodynamics","floor":15.0},{"not_picked":["Thunder Strike","Echo Form"],"picked":"Multi-Cast+1","floor":16.0},{"not_picked":["Melter","Heatsinks"],"picked":"Chill+1","floor":17.0},{"not_picked":["Ball Lightning","Go for the Eyes"],"picked":"Redo+1","floor":17.0},{"not_picked":["Leap+1","Auto Shields+1"],"picked":"Cold Snap","floor":17.0},{"not_picked":["Static Discharge","Steam+1"],"picked":"Hello World","floor":17.0},{"not_picked":["Sweeping Beam","Chill+1"],"picked":"Cold Snap","floor":17.0},{"not_picked":["Steam+1","Static Discharge+1","Heatsinks"],"picked":"SKIP","floor":18.0},{"not_picked":["Sweeping Beam","Steam+1"],"picked":"Turbo+1","floor":21.0},{"not_picked":["Compile Driver","Coolheaded+1"],"picked":"Creative AI","floor":22.0},{"not_picked":["Gash","Barrage"],"picked":"Loop+1","floor":23.0},{"not_picked":["Cold Snap","Leap+1"],"picked":"Self Repair","floor":24.0},{"not_picked":["FTL","Recycle+1"],"picked":"Loop+1","floor":25.0},{"not_picked":["Rebound+1","Streamline"],"picked":"Reprogram+1","floor":28},{"not_picked":["Cold Snap+1","Fission+1"],"picked":"Loop","floor":30},{"not_picked":["Steam+1","Doom and Gloom"],"picked":"Buffer","floor":31},{"not_picked":["Reboot+1","Hyperbeam"],"picked":"Amplify+1","floor":33},{"not_picked":["Double Energy+1","Ball Lightning+1","Force Field+1"],"picked":"SKIP","floor":35},{"not_picked":["Doom and Gloom","Rebound","Hologram+1"],"picked":"SKIP","floor":38},{"not_picked":["Ball Lightning+1","Fusion+1"],"picked":"Hello World+1","floor":41},{"not_picked":["Compile Driver+1","Gash+1","Go for the Eyes"],"picked":"SKIP","floor":42},{"not_picked":["Stack+1","Reprogram+1"],"picked":"Steam Power+1","floor":44},{"not_picked":["Loop+1","Cold Snap+1"],"picked":"Creative AI","floor":45},{"not_picked":["Go for the Eyes+1","Steam Power+1","Coolheaded+1"],"picked":"SKIP","floor":48}],"player_experience":204655,"relics_obtained":[{"floor":4.0,"key":"Kunai"},{"floor":6.0,"key":"Darkstone Periapt"},{"floor":8.0,"key":"Happy Flower"},{"floor":9.0,"key":"Dream Catcher"},{"floor":10.0,"key":"DataDisk"},{"floor":12.0,"key":"Toxic Egg 2"},{"floor":23.0,"key":"Bottled Lightning"},{"floor":25.0,"key":"Anchor"},{"floor":26.0,"key":"Ancient Tea Set"},{"floor":31,"key":"War Paint"},{"floor":39,"key":"Bottled Flame"},{"floor":43,"key":"Bag of Marbles"},{"floor":45,"key":"Cables"},{"floor":48,"key":"Pear"}],"event_choices":[{"damage_healed":0.0,"max_hp_gain":0.0,"max_hp_loss":0.0,"gold_gain":0.0,"event_name":"Golden Wing","player_choice":"Ignored","floor":13.0,"gold_loss":0.0,"damage_taken":0.0},{"damage_healed":0.0,"max_hp_gain":0.0,"max_hp_loss":0.0,"gold_gain":0.0,"event_name":"The Mausoleum","player_choice":"Opened","floor":20.0,"gold_loss":0.0,"damage_taken":0.0,"relics_obtained":["Omamori"],"cards_obtained":["Writhe"]},{"damage_healed":0.0,"max_hp_gain":0.0,"max_hp_loss":0.0,"gold_gain":0.0,"event_name":"Colosseum","player_choice":"Fight","floor":27.0,"gold_loss":0.0,"damage_taken":0.0},{"damage_healed":0.0,"max_hp_gain":0.0,"max_hp_loss":0.0,"gold_gain":0.0,"event_name":"Colosseum","player_choice":"Fled From Nobs","floor":27.0,"gold_loss":0.0,"damage_taken":0.0},{"cards_removed":["Writhe"],"damage_healed":0,"gold_gain":0,"player_choice":"Purged","damage_taken":0,"max_hp_gain":0,"max_hp_loss":0,"event_name":"Purifier","floor":29,"gold_loss":0},{"damage_healed":0,"gold_gain":0,"player_choice":"Upgrade","damage_taken":0,"relics_obtained":["Mark of the Bloom"],"max_hp_gain":0,"max_hp_loss":0,"event_name":"MindBloom","floor":37,"gold_loss":0,"cards_upgraded":["Strike_B","Strike_B","Strike_B","Defend_B","Defend_B","Defend_B","Zap","Dualcast","Ball Lightning","Sweeping Beam","Redo","Steam","Glacier","Electrodynamics","Cold Snap","Hello World","Cold Snap","Loop","Creative AI","Self Repair","Loop","Buffer"]}],"is_beta":false,"boss_relics":[{"not_picked":["Pandora\u0027s Box","White Beast Statue"],"picked":"Orrery"},{"not_picked":["Nuclear Battery","Calling Bell"],"picked":"Inserter"}],"items_purged_floors":[36,46],"is_endless":false,"potions_floor_spawned":[5,6,8,21,23,30,31,35,38,41],"ascension_level":10}