{"gold_per_floor":[113,113,127,28,28,59,79,79,79,99,99,112,141,152,152,254,254,269,284,296,311,236,236,247,259,259,259,102,135,135,170,170,272,272,282,282],"floor_reached":36,"playtime":1624,"items_purged":["Defend_R"],"score":416,"play_id":"f2ff980e-872d-4061-b13f-50d52ef01a9c","local_time":"20181229014017","is_ascension_mode":false,"campfire_choices":[{"data":"Shrug It Off","floor":8,"key":"SMITH"},{"floor":11,"key":"REST"},{"data":"Flex","floor":15,"key":"SMITH"},{"floor":23,"key":"REST"},{"floor":27,"key":"REST"},{"floor":30,"key":"REST"},{"floor":32,"key":"REST"}],"neow_cost":"NONE","seed_source_timestamp":53542200969429,"circlet_count":0,"master_deck":["Strike_R","Strike_R","Strike_R","Strike_R","Strike_R","Defend_R","Defend_R","Bash+1","Pommel Strike","Inflame","Perfected Strike","Double Tap","Shrug It Off+1","Cleave","Thunderclap","Flex+1","Body Slam","Impervious","Iron Wave","Twin Strike+1","Combust","True Grit+1","Reckless Charge+1"],"relics":["Burning Blood","Matryoshka","Bronze Scales","StoneCalendar","Pocketwatch","Busted Crown","Bag of Marbles","Shuriken","Blood Vial","Prayer Wheel","Happy Flower","Mark of Pain"],"potions_floor_usage":[16,33,33,36],"damage_taken":[{"damage":10,"enemies":"Jaw Worm","floor":1,"turns":4},{"damage":5,"enemies":"Cultist","floor":3,"turns":4},{"damage":31,"enemies":"Gremlin Nob","floor":6,"turns":5},{"damage":0,"enemies":"2 Louse","floor":7,"turns":2},{"damage":10,"enemies":"Looter","floor":10,"turns":3},{"damage":3,"enemies":"Blue Slaver","floor":12,"turns":3},{"damage":20,"enemies":"Lagavulin","floor":13,"turns":5},{"damage":0,"enemies":"2 Fungi Beasts","floor":14,"turns":3},{"damage":55,"enemies":"The Guardian","floor":16,"turns":8},{"damage":10,"enemies":"Chosen","floor":18,"turns":3},{"damage":0,"enemies":"3 Byrds","floor":19,"turns":3},{"damage":18,"enemies":"Snake Plant","floor":20,"turns":4},{"damage":37,"enemies":"Centurion and Healer","floor":21,"turns":4},{"damage":16,"enemies":"3 Cultists","floor":24,"turns":5},{"damage":16,"enemies":"Shelled Parasite and Fungi","floor":25,"turns":4},{"damage":30,"enemies":"Book of Stabbing","floor":29,"turns":4},{"damage":36,"enemies":"Slavers","floor":31,"turns":3},{"damage":64,"enemies":"Collector","floor":33,"turns":6},{"damage":16,"enemies":"3 Darklings","floor":35,"turns":5},{"damage":72,"enemies":"2 Orb Walkers","floor":36,"turns":4}],"seed_played":"8447603455821557515","potions_obtained":[{"floor":1,"key":"BloodPotion"},{"floor":10,"key":"Dexterity Potion"},{"floor":12,"key":"SkillPotion"},{"floor":19,"key":"GamblersBrew"},{"floor":25,"key":"EssenceOfSteel"},{"floor":29,"key":"Poison Potion"},{"floor":35,"key":"Block Potion"}],"is_trial":false,"path_per_floor":["M","?","M","$","?","E","M","R","T","M","R","M","E","M","R","B",null,"M","M","M","M","?","R","M","M","T","R","$","E","R","E","R","B",null,"M","?"],"character_chosen":"IRONCLAD","items_purchased":["Perfected Strike","Blood Vial"],"campfire_rested":5,"item_purchase_floors":[4,28],"current_hp_per_floor":[76,76,77,77,77,52,58,58,58,54,78,80,66,72,72,31,80,76,80,68,37,37,61,51,41,41,65,65,43,67,39,63,7,80,70,0],"gold":282,"neow_bonus":"UPGRADE_CARD","is_prod":false,"is_daily":false,"chose_seed":false,"campfire_upgraded":2,"win_rate":0,"timestamp":1546044017,"path_taken":["M","?","?","?","?","E","M","R","T","M","R","M","E","M","R","BOSS","M","M","M","?","?","R","M","M","T","R","$","E","R","E","R","BOSS","M","?"],"build_version":"2018-12-20","purchased_purges":1,"victory":false,"max_hp_per_floor":[80,80,80,80,80,80,80,80,80,80,80,80,80,80,80,80,80,80,80,80,80,80,80,80,80,80,80,80,80,80,80,80,80,80,80,80],"card_choices":[{"not_picked":["Seeing Red","Sword Boomerang"],"picked":"Pommel Strike","floor":1},{"not_picked":["Thunderclap","Shrug It Off"],"picked":"Inflame","floor":3},{"not_picked":["Pummel","Clothesline"],"picked":"Double Tap","floor":6},{"not_picked":["Anger","Havoc"],"picked":"Shrug It Off","floor":7},{"not_picked":["Havoc","Iron Wave"],"picked":"Cleave","floor":10},{"not_picked":["Juggernaut","Clash"],"picked":"Thunderclap","floor":12},{"not_picked":["Heavy Blade","Clothesline"],"picked":"Flex","floor":13},{"not_picked":["Havoc","Berserk"],"picked":"Body Slam","floor":14},{"not_picked":["Demon Form","Fiend Fire"],"picked":"Impervious","floor":16},{"not_picked":[],"picked":"Iron Wave","floor":18},{"not_picked":["Rupture"],"picked":"SKIP","floor":19},{"not_picked":["Havoc"],"picked":"SKIP","floor":20},{"not_picked":["Rupture"],"picked":"SKIP","floor":21},{"not_picked":[],"picked":"Twin Strike+1","floor":24},{"not_picked":["Body Slam"],"picked":"SKIP","floor":25},{"not_picked":[],"picked":"Combust","floor":29},{"not_picked":["Thunderclap"],"picked":"SKIP","floor":31},{"not_picked":[],"picked":"True Grit+1","floor":35},{"not_picked":[],"picked":"Reckless Charge+1","floor":35}],"player_experience":54112,"relics_obtained":[{"floor":6,"key":"Matryoshka"},{"floor":9,"key":"Bronze Scales"},{"floor":9,"key":"StoneCalendar"},{"floor":13,"key":"Pocketwatch"},{"floor":26,"key":"Bag of Marbles"},{"floor":26,"key":"Shuriken"},{"floor":29,"key":"Prayer Wheel"},{"floor":31,"key":"Happy Flower"}],"event_choices":[{"damage_healed":0,"gold_gain":0,"player_choice":"1 cards matched","damage_taken":0,"max_hp_gain":0,"max_hp_loss":0,"event_name":"Match and Keep!","floor":2,"gold_loss":0,"cards_obtained":["Bash"]},{"cards_removed":["Defend_R"],"damage_healed":0,"gold_gain":0,"player_choice":"Offered Basic","damage_taken":0,"max_hp_gain":0,"max_hp_loss":0,"event_name":"Bonfire Elementals","floor":5,"gold_loss":0},{"cards_removed":["Bash"],"damage_healed":0,"gold_gain":0,"player_choice":"Gave Gold","damage_taken":0,"max_hp_gain":0,"max_hp_loss":0,"event_name":"Beggar","floor":22,"gold_loss":75},{"damage_healed":0,"gold_gain":0,"player_choice":"Fight","damage_taken":0,"max_hp_gain":0,"max_hp_loss":0,"event_name":"Mysterious Sphere","floor":36,"gold_loss":0}],"is_beta":false,"boss_relics":[{"not_picked":["Runic Dome","Tiny House"],"picked":"Busted Crown"},{"not_picked":["Empty Cage","Eternal Feather"],"picked":"Mark of Pain"}],"items_purged_floors":[4],"is_endless":false,"potions_floor_spawned":[1,10,12,14,19,24,25,29,35],"killed_by":"2 Orb Walkers","ascension_level":0}