{"gold_per_floor":[113,113,113,113,36,68,79,98,98,98,108,126,137,148,148,148],"floor_reached":16,"playtime":730,"items_purged":[],"score":104,"play_id":"588c3d2a-7db5-45b8-bc0e-dc96be4a6152","local_time":"20190105163909","is_ascension_mode":false,"campfire_choices":[{"data":"Self Repair","floor":10,"key":"SMITH"},{"data":"Reboot","floor":15,"key":"SMITH"}],"neow_cost":"TEN_PERCENT_HP_LOSS","seed_source_timestamp":674245260980536,"circlet_count":0,"master_deck":["Strike_B","Strike_B","Strike_B","Strike_B","Defend_B","Defend_B","Defend_B","Zap","Dualcast","Rebound","Self Repair+1","FTL+1","FTL+1","Gash+1","Steam Power","Streamline+1","Reboot+1","Streamline+1"],"relics":["Cracked Core","Nunchaku","Shuriken","Bag of Marbles","Molten Egg 2","Mango"],"potions_floor_usage":[16],"damage_taken":[{"damage":1,"enemies":"Cultist","floor":1,"turns":3},{"damage":34,"enemies":"Gremlin Nob","floor":6,"turns":5},{"damage":6,"enemies":"Jaw Worm","floor":7,"turns":2},{"damage":0,"enemies":"2 Louse","floor":8,"turns":1},{"damage":17,"enemies":"Exordium Thugs","floor":11,"turns":3},{"damage":6,"enemies":"Large Slime","floor":12,"turns":3},{"damage":0,"enemies":"2 Fungi Beasts","floor":13,"turns":2},{"damage":0,"enemies":"Looter","floor":14,"turns":1},{"damage":44,"enemies":"The Guardian","floor":16,"turns":7}],"seed_played":"-8096004238347773","potions_obtained":[{"floor":6,"key":"Explosive Potion"},{"floor":13,"key":"EssenceOfSteel"}],"is_trial":false,"path_per_floor":["M","T","?","?","$","E","M","M","T","R","M","M","M","M","R","B"],"character_chosen":"DEFECT","items_purchased":["Self Repair"],"campfire_rested":0,"item_purchase_floors":[5],"current_hp_per_floor":[67,67,49,49,49,22,23,23,37,37,30,34,44,44,44,0],"gold":148,"neow_bonus":"ONE_RARE_RELIC","is_prod":false,"is_daily":false,"chose_seed":false,"campfire_upgraded":2,"win_rate":0,"timestamp":1546724349,"path_taken":["M","?","?","?","$","E","M","M","T","R","M","M","?","M","R","BOSS"],"build_version":"2019-01-03v4","purchased_purges":0,"victory":false,"max_hp_per_floor":[68,68,68,68,68,68,68,68,82,82,82,82,82,82,82,82],"card_choices":[{"not_picked":["Cold Snap","Rip and Tear"],"picked":"Rebound","floor":1},{"not_picked":["Turbo","Force Field"],"picked":"FTL","floor":6},{"not_picked":["Cold Snap+1","Leap"],"picked":"FTL+1","floor":7},{"not_picked":["Loop","Sweeping Beam+1"],"picked":"Gash+1","floor":8},{"not_picked":["Coolheaded","Rebound+1"],"picked":"Steam Power","floor":11},{"not_picked":["Lockon+1","Fusion"],"picked":"Streamline+1","floor":12},{"not_picked":["Barrage+1","Stack"],"picked":"Reboot","floor":13},{"not_picked":["Hologram","Turbo"],"picked":"Streamline+1","floor":14}],"player_experience":36071,"relics_obtained":[{"floor":2,"key":"Shuriken"},{"floor":6,"key":"Molten Egg 2"},{"floor":9,"key":"Mango"}],"event_choices":[{"damage_healed":0,"gold_gain":0,"player_choice":"Success","damage_taken":18,"relics_obtained":["Bag of Marbles"],"max_hp_gain":0,"max_hp_loss":0,"event_name":"Scrap Ooze","floor":3,"gold_loss":0},{"cards_removed":["Defend_B"],"damage_healed":0,"gold_gain":0,"player_choice":"Purged","damage_taken":0,"max_hp_gain":0,"max_hp_loss":0,"event_name":"Purifier","floor":4,"gold_loss":0}],"is_beta":false,"boss_relics":[],"items_purged_floors":[],"is_endless":false,"potions_floor_spawned":[6,13],"killed_by":"The Guardian","ascension_level":0}