{"gold_per_floor":[109,59,78,78,95,95,122,122,122,122,156,186,186,204,204,299,299,317,118,130,150,163,183,91,91,160,185,185,196,196],"floor_reached":30,"playtime":4169,"items_purged":["Strike_G"],"score":335,"play_id":"5891b612-ac04-4c38-b220-c6ef0aae86b1","local_time":"20190105000829","is_ascension_mode":false,"campfire_choices":[{"data":"Deadly Poison","floor":6,"key":"SMITH"},{"data":"Neutralize","floor":8,"key":"SMITH"},{"data":"Backflip","floor":10,"key":"SMITH"},{"data":"Night Terror","floor":15,"key":"SMITH"},{"data":"Noxious Fumes","floor":25,"key":"SMITH"}],"neow_cost":"PERCENT_DAMAGE","seed_source_timestamp":611365899726166,"circlet_count":0,"master_deck":["Defend_G","Defend_G","Defend_G","Defend_G","Defend_G","Survivor","Neutralize+1","Deadly Poison+1","Well Laid Plans","Night Terror+1","Backflip+1","Prepared","PiercingWail","PiercingWail","Bullet Time","Eviscerate+1","Escape Plan","Backflip","Underhanded Strike","Prepared","Noxious Fumes+1","Outmaneuver","Dark Shackles","Acrobatics+1"],"relics":["Ring of the Snake","FossilizedHelix","The Specimen","Nunchaku","Potion Belt","HoveringKite","Matryoshka","Orichalcum","Enchiridion"],"potions_floor_usage":[16,21,22,27],"damage_taken":[{"damage":0,"enemies":"Small Slimes","floor":1,"turns":4},{"damage":0,"enemies":"Jaw Worm","floor":3,"turns":5},{"damage":0,"enemies":"Cultist","floor":5,"turns":5},{"damage":4,"enemies":"3 Sentries","floor":7,"turns":12},{"damage":13,"enemies":"Gremlin Nob","floor":11,"turns":4},{"damage":0,"enemies":"2 Fungi Beasts","floor":14,"turns":5},{"damage":0,"enemies":"The Guardian","floor":16,"turns":9},{"damage":0,"enemies":"3 Byrds","floor":18,"turns":6},{"damage":0,"enemies":"Shell Parasite","floor":20,"turns":7},{"damage":0,"enemies":"Cultist and Chosen","floor":21,"turns":8},{"damage":0,"enemies":"Centurion and Healer","floor":22,"turns":7},{"damage":0,"enemies":"Chosen and Byrds","floor":23,"turns":5},{"damage":0,"enemies":"Gremlin Leader","floor":27,"turns":7},{"damage":0,"enemies":"Snecko","floor":29,"turns":5},{"damage":0,"enemies":"Colosseum Slavers","floor":30,"turns":5},{"damage":59,"enemies":"Colosseum Nobs","floor":30,"turns":4}],"seed_played":"-2046741258562674128","potions_obtained":[{"floor":5,"key":"GamblersBrew"},{"floor":11,"key":"Regen Potion"},{"floor":18,"key":"Poison Potion"},{"floor":23,"key":"Swift Potion"},{"floor":27,"key":"SteroidPotion"}],"is_trial":false,"path_per_floor":["M","?","M","?","M","R","E","R","T","R","E","?","?","M","R","B",null,"M","$","M","M","M","M","$","R","T","E","?","M","?"],"character_chosen":"THE_SILENT","items_purchased":["Escape Plan","Backflip","Dark Shackles"],"campfire_rested":0,"item_purchase_floors":[19,19,24],"current_hp_per_floor":[49,49,49,49,49,49,45,45,45,45,32,32,32,32,32,47,70,70,70,70,70,70,70,70,70,70,70,54,54,0],"gold":196,"neow_bonus":"REMOVE_TWO","is_prod":false,"is_daily":false,"chose_seed":false,"campfire_upgraded":5,"win_rate":0.0,"timestamp":1546664909,"path_taken":["M","?","M","?","?","R","E","R","T","R","E","?","?","M","R","BOSS","M","$","M","?","M","M","$","R","T","E","?","M","?"],"build_version":"2019-01-03v4","purchased_purges":1,"victory":false,"max_hp_per_floor":[70,70,70,70,70,70,70,70,70,70,70,70,70,70,70,70,70,70,70,70,70,70,70,70,70,70,70,70,70,70],"card_choices":[{"not_picked":["Choke","Slice"],"picked":"Deadly Poison","floor":1},{"not_picked":["Poisoned Stab","Sucker Punch"],"picked":"Well Laid Plans","floor":3},{"not_picked":["Infinite Blades","Dash"],"picked":"Backflip","floor":5},{"not_picked":["Reflex","Dagger Spray"],"picked":"Prepared","floor":7},{"not_picked":["Deflect","Expertise"],"picked":"PiercingWail","floor":11},{"not_picked":["Dagger Spray","Deflect"],"picked":"PiercingWail","floor":14},{"not_picked":["Doppelganger","Phantasmal Killer"],"picked":"Bullet Time","floor":16},{"not_picked":["Riddle With Holes+1","Poisoned Stab"],"picked":"Eviscerate+1","floor":18},{"not_picked":["PiercingWail","Riddle With Holes+1"],"picked":"Underhanded Strike","floor":20},{"not_picked":["Slice","Poisoned Stab"],"picked":"Prepared","floor":21},{"not_picked":["Dagger Spray","Caltrops"],"picked":"Noxious Fumes","floor":22},{"not_picked":["Masterful Stab+1","Dagger Throw+1"],"picked":"Outmaneuver","floor":23},{"not_picked":["Flying Knee+1","Doppelganger","Finisher"],"picked":"SKIP","floor":27},{"not_picked":["Outmaneuver","Finisher"],"picked":"Acrobatics+1","floor":29}],"player_experience":15628,"relics_obtained":[{"floor":7,"key":"FossilizedHelix"},{"floor":9,"key":"The Specimen"},{"floor":11,"key":"Nunchaku"},{"floor":26,"key":"Matryoshka"},{"floor":27,"key":"Orichalcum"},{"floor":28,"key":"Enchiridion"}],"event_choices":[{"cards_removed":["Strike_G"],"damage_healed":0,"gold_gain":0,"player_choice":"Card Removal","damage_taken":0,"max_hp_gain":0,"max_hp_loss":0,"event_name":"The Cleric","floor":2,"gold_loss":50},{"damage_healed":0,"gold_gain":0,"cards_transformed":["Strike_G"],"player_choice":"Transformed","damage_taken":0,"max_hp_gain":0,"max_hp_loss":0,"event_name":"Transmorgrifier","floor":4,"gold_loss":0,"cards_obtained":["Night Terror"]},{"damage_healed":0,"gold_gain":30,"player_choice":"Searched \u00273\u0027 times","damage_taken":0,"relics_obtained":["Potion Belt"],"max_hp_gain":0,"max_hp_loss":0,"event_name":"Dead Adventurer","floor":12,"gold_loss":0},{"damage_healed":0,"gold_gain":0,"player_choice":"Ignored","damage_taken":0,"max_hp_gain":0,"max_hp_loss":0,"event_name":"NoteForYourself","floor":13,"gold_loss":0},{"damage_healed":0,"gold_gain":0,"player_choice":"Obtained Book","damage_taken":16,"max_hp_gain":0,"max_hp_loss":0,"event_name":"Cursed Tome","floor":28,"gold_loss":0},{"damage_healed":0,"gold_gain":0,"player_choice":"Fight","damage_taken":0,"max_hp_gain":0,"max_hp_loss":0,"event_name":"Colosseum","floor":30,"gold_loss":0},{"damage_healed":0,"gold_gain":0,"player_choice":"Fought Nobs","damage_taken":0,"max_hp_gain":0,"max_hp_loss":0,"event_name":"Colosseum","floor":30,"gold_loss":0}],"is_beta":false,"boss_relics":[{"not_picked":["Astrolabe","Ring of the Serpent"],"picked":"HoveringKite"}],"items_purged_floors":[19],"is_endless":false,"potions_floor_spawned":[5,11,18,23,27],"killed_by":"Colosseum Nobs","ascension_level":0}