{"gold_per_floor":[109,109,109,34,109,139,152,179,179,198,209,209,209,174,174,294,294,313,338,338,124,148,148,166,166,217,240,240],"floor_reached":28,"playtime":1647,"items_purged":["Regret","Pain"],"score":291,"play_id":"e3cd73cf-c649-499c-a962-e966d6b8d6fe","local_time":"20190130182201","is_ascension_mode":true,"campfire_choices":[{"floor":12,"key":"REST"},{"data":"After Image","floor":15,"key":"SMITH"},{"floor":23,"key":"REST"},{"data":"Neutralize","floor":25,"key":"SMITH"}],"neow_cost":"NONE","seed_source_timestamp":917383350497769,"circlet_count":0,"master_deck":["Survivor+1","Neutralize+1","Escape Plan+1","Heel Hook","Backflip","After Image+1","Dash","Outmaneuver","Malaise","Reflex","Skewer","Die Die Die","Deflect","Doppelganger","Predator","Setup","Accuracy","PiercingWail","Malaise","Distraction","Poisoned Stab","Tactician","Calculated Gamble","Burst","Poisoned Stab","Cloak And Dagger"],"relics":["Ring of the Snake","NeowsBlessing","Ornamental Fan","Bag of Marbles","The Specimen","Question Card","Golden Idol","Pandora\u0027s Box","WarpedTongs","Dream Catcher"],"potions_floor_usage":[22,28],"damage_taken":[{"damage":0,"enemies":"Jaw Worm","floor":1,"turns":1},{"damage":0,"enemies":"3 Sentries","floor":6,"turns":1},{"damage":0,"enemies":"2 Louse","floor":7,"turns":1},{"damage":37,"enemies":"Lagavulin","floor":8,"turns":9},{"damage":0,"enemies":"Small Slimes","floor":10,"turns":4},{"damage":0,"enemies":"2 Fungi Beasts","floor":11,"turns":3},{"damage":34,"enemies":"The Guardian","floor":16,"turns":25},{"damage":19,"enemies":"2 Thieves","floor":18,"turns":4},{"damage":30,"enemies":"Chosen","floor":19,"turns":7},{"damage":4,"enemies":"Snecko","floor":22,"turns":3},{"damage":10,"enemies":"Chosen and Byrds","floor":24,"turns":8},{"damage":8,"enemies":"Snake Plant","floor":27,"turns":7},{"damage":17,"enemies":"Sentry and Sphere","floor":28,"turns":5}],"seed_played":"8849072169207414318","potions_obtained":[{"floor":6,"key":"GamblersBrew"},{"floor":8,"key":"FearPotion"},{"floor":18,"key":"AttackPotion"}],"is_trial":false,"path_per_floor":["M","?","?","$","?","E","M","E","T","M","M","R","?","?","R","B",null,"M","M","?","$","M","R","M","R","T","M","M"],"character_chosen":"THE_SILENT","items_purchased":["Tactician","Calculated Gamble"],"campfire_rested":2,"item_purchase_floors":[21,21],"current_hp_per_floor":[70,56,56,56,45,45,45,8,8,8,8,29,29,45,45,11,65,46,16,16,16,12,31,21,21,21,13,0],"gold":240,"neow_bonus":"THREE_ENEMY_KILL","is_prod":false,"is_daily":false,"chose_seed":false,"campfire_upgraded":2,"win_rate":0,"timestamp":1548890521,"path_taken":["M","?","?","?","?","E","M","E","T","M","M","R","?","?","R","BOSS","M","M","?","$","?","R","M","R","T","?","M"],"build_version":"2019-01-23","purchased_purges":2,"victory":false,"max_hp_per_floor":[70,70,70,70,70,70,70,70,70,70,70,70,65,65,65,65,65,65,65,65,65,65,65,65,65,65,65,65],"card_choices":[{"not_picked":["Dagger Spray","Bane"],"picked":"Escape Plan","floor":1},{"not_picked":["Expertise","Quick Slash"],"picked":"Heel Hook","floor":6},{"not_picked":["Quick Slash","Die Die Die"],"picked":"Backflip","floor":7},{"not_picked":["Blur","Bane"],"picked":"After Image","floor":8},{"not_picked":["Flechettes","Underhanded Strike","Infinite Blades"],"picked":"Dash","floor":10},{"not_picked":["Calculated Gamble","Blade Dance","Slice"],"picked":"Outmaneuver","floor":11},{"not_picked":["Doppelganger","Adrenaline","Storm of Steel"],"picked":"Malaise","floor":16},{"not_picked":["Dodge and Roll","Quick Slash+1","Skewer+1"],"picked":"Distraction","floor":18},{"not_picked":["Dagger Throw","PiercingWail","Underhanded Strike"],"picked":"Poisoned Stab","floor":19},{"not_picked":["Blade Dance","Prepared+1","Acrobatics"],"picked":"Burst","floor":22},{"not_picked":["Outmaneuver+1","PiercingWail","Quick Slash"],"picked":"Poisoned Stab","floor":24},{"not_picked":["Dodge and Roll","Skewer+1","Flying Knee"],"picked":"Cloak And Dagger","floor":27}],"player_experience":128079,"relics_obtained":[{"floor":6,"key":"Bag of Marbles"},{"floor":8,"key":"The Specimen"},{"floor":9,"key":"Question Card"},{"floor":26,"key":"Dream Catcher"}],"event_choices":[{"damage_healed":0,"gold_gain":0,"player_choice":"Entered Light","damage_taken":14,"max_hp_gain":0,"max_hp_loss":0,"event_name":"Shining Light","floor":2,"gold_loss":0,"cards_upgraded":["Survivor","Escape Plan"]},{"damage_healed":0,"gold_gain":0,"player_choice":"Box","damage_taken":0,"relics_obtained":["Ornamental Fan"],"max_hp_gain":0,"max_hp_loss":0,"event_name":"Big Fish","floor":3,"gold_loss":0,"cards_obtained":["Regret"]},{"damage_healed":0,"gold_gain":75,"player_choice":"Gather Gold","damage_taken":11,"max_hp_gain":0,"max_hp_loss":0,"event_name":"World of Goop","floor":5,"gold_loss":0},{"damage_healed":0,"gold_gain":0,"player_choice":"Lose Max HP","damage_taken":0,"relics_obtained":["Golden Idol"],"max_hp_gain":0,"max_hp_loss":5,"event_name":"Golden Idol","floor":13,"gold_loss":0},{"damage_healed":16,"gold_gain":0,"player_choice":"Healed","damage_taken":0,"max_hp_gain":0,"max_hp_loss":0,"event_name":"The Cleric","floor":14,"gold_loss":35},{"damage_healed":0,"gold_gain":0,"player_choice":"Rummage","damage_taken":0,"relics_obtained":["WarpedTongs"],"max_hp_gain":0,"max_hp_loss":0,"event_name":"Accursed Blacksmith","floor":20,"gold_loss":0,"cards_obtained":["Pain"]}],"is_beta":false,"boss_relics":[{"not_picked":["Philosopher\u0027s Stone","Ectoplasm"],"picked":"Pandora\u0027s Box"}],"items_purged_floors":[4,21],"is_endless":false,"potions_floor_spawned":[6,8,18],"killed_by":"Sentry and Sphere","ascension_level":3}