{"gold_per_floor":[111,129,143,155,166,166,197,197,246,260,275,306,319,319,319,414,414,432,452,462,312,327,327,327,327,351,351,370,370,405,416,416,518,518,531,549,219,219,238,238,255,255,279,92,108,118,134,9,9,9],"floor_reached":50,"playtime":3281,"items_purged":["Strike_R","Strike_R","Strike_R+1"],"score":558,"play_id":"eaf7317d-3097-4d4f-9ef2-dcb7d4732da5","local_time":"20180809145705","is_ascension_mode":true,"campfire_choices":[{"data":"Body Slam","floor":6.0,"key":"SMITH"},{"floor":8.0,"key":"REST"},{"floor":15.0,"key":"REST"},{"data":"Heavy Blade","floor":23,"key":"SMITH"},{"data":"Shockwave","floor":25,"key":"SMITH"},{"floor":29,"key":"REST"},{"floor":32,"key":"REST"},{"data":"Shrug It Off","floor":40,"key":"SMITH"},{"data":"Entrench","floor":42,"key":"SMITH"},{"floor":49,"key":"REST"}],"neow_cost":"NONE","seed_source_timestamp":0,"circlet_count":0,"master_deck":["Defend_R","Defend_R","Defend_R","Defend_R","Body Slam+1","Warcry","Heavy Blade+1","Battle Trance","Shrug It Off+1","Shrug It Off","Spot Weakness","Evolve","Double Tap","Headbutt+1","Shockwave+1","Entrench+1","Juggernaut","Cleave+1","Apotheosis"],"special_seed":0,"relics":["Black Blood","Bronze Scales","Centennial Puzzle","Self Forming Clay","Busted Crown","Pen Nib","Happy Flower","Juzu Bracelet","Whetstone"],"potions_floor_usage":[30,33,33,45,46,50],"damage_taken":[{"damage":5.0,"enemies":"Small Slimes","floor":1.0,"turns":3.0},{"damage":2.0,"enemies":"2 Louse","floor":2.0,"turns":4.0},{"damage":18.0,"enemies":"Jaw Worm","floor":3.0,"turns":4.0},{"damage":13.0,"enemies":"Red Slaver","floor":4.0,"turns":5.0},{"damage":16.0,"enemies":"Looter","floor":5.0,"turns":5.0},{"damage":39.0,"enemies":"Lagavulin","floor":7.0,"turns":7.0},{"damage":3.0,"enemies":"Blue Slaver","floor":10.0,"turns":4.0},{"damage":5.0,"enemies":"2 Fungi Beasts","floor":11.0,"turns":3.0},{"damage":0.0,"enemies":"Gremlin Nob","floor":12.0,"turns":3.0},{"damage":1.0,"enemies":"Looter","floor":13.0,"turns":3.0},{"damage":56.0,"enemies":"Slime Boss","floor":16.0,"turns":11.0},{"damage":14,"enemies":"Shell Parasite","floor":18,"turns":4},{"damage":7,"enemies":"Chosen","floor":19,"turns":4},{"damage":31,"enemies":"Sentry and Sphere","floor":20,"turns":6},{"damage":4,"enemies":"Cultist and Chosen","floor":22,"turns":3},{"damage":18,"enemies":"Centurion and Healer","floor":28,"turns":4},{"damage":45,"enemies":"Slavers","floor":30,"turns":5},{"damage":12,"enemies":"3 Cultists","floor":31,"turns":4},{"damage":38,"enemies":"Automaton","floor":33,"turns":9},{"damage":14,"enemies":"Orb Walker","floor":35,"turns":2},{"damage":28,"enemies":"3 Shapes","floor":36,"turns":5},{"damage":19,"enemies":"3 Darklings","floor":39,"turns":4},{"damage":26,"enemies":"4 Shapes","floor":41,"turns":6},{"damage":1,"enemies":"Spire Growth","floor":45,"turns":4},{"damage":0,"enemies":"Sphere and 2 Shapes","floor":46,"turns":3},{"damage":17,"enemies":"Maw","floor":47,"turns":7},{"damage":71,"enemies":"Time Eater","floor":50,"turns":8}],"seed_played":"4275904106748886536","potions_obtained":[{"floor":2.0,"key":"Dexterity Potion"},{"floor":4.0,"key":"FearPotion"},{"floor":7.0,"key":"SpeedPotion"},{"floor":11.0,"key":"Swift Potion"},{"floor":13.0,"key":"SpeedPotion"},{"floor":28,"key":"Regen Potion"},{"floor":30,"key":"Block Potion"},{"floor":36,"key":"EssenceOfSteel"},{"floor":45,"key":"Explosive Potion"}],"is_trial":false,"path_per_floor":["M","M","M","M","M","R","E","R","T","M","M","E","M","?","R","B",null,"M","M","M","$","M","R","?","R","T","?","M","R","E","M","R","B",null,"M","M","$","?","M","R","M","R","T","$","M","M","M","$","R"],"character_chosen":"IRONCLAD","items_purchased":["Shockwave","Juzu Bracelet","Ancient Potion","Apotheosis"],"campfire_rested":5,"item_purchase_floors":[21,37,37,44],"current_hp_per_floor":[80,80,68,61,51,51,18,42,42,45,46,52,57,50,74,24,80,72,71,46,46,48,48,48,48,48,48,36,60,35,29,53,21,80,76,58,58,58,49,49,33,33,33,33,42,52,45,45,69,0],"gold":9,"neow_bonus":"TRANSFORM_CARD","is_prod":false,"is_daily":false,"chose_seed":false,"campfire_upgraded":5,"win_rate":0,"timestamp":1533797825,"path_taken":["M","M","M","M","M","R","E","R","T","M","M","E","M","?","R","BOSS","M","M","M","$","M","R","?","R","T","?","M","R","E","M","R","BOSS","M","M","$","?","M","R","M","R","T","?","M","M","M","?","R","BOSS"],"build_version":"2018-08-02","purchased_purges":3,"victory":false,"max_hp_per_floor":[80,80,80,80,80,80,80,80,80,80,80,80,80,80,80,80,80,80,80,80,80,80,80,80,80,80,80,80,80,80,80,80,80,80,80,80,80,80,80,80,80,80,80,80,80,80,80,80,80,80],"card_choices":[{"not_picked":["Thunderclap","Searing Blow"],"picked":"Warcry","floor":1.0},{"not_picked":["Perfected Strike","Clothesline","Heavy Blade"],"picked":"SKIP","floor":2.0},{"not_picked":["Uppercut","Combust"],"picked":"Heavy Blade","floor":3.0},{"not_picked":["Intimidate","Perfected Strike","Clash"],"picked":"SKIP","floor":4.0},{"not_picked":["Flex","Twin Strike"],"picked":"Battle Trance","floor":5.0},{"not_picked":["Armaments","Combust"],"picked":"Shrug It Off","floor":7.0},{"not_picked":["Reckless Charge","Thunderclap"],"picked":"Shrug It Off","floor":10.0},{"not_picked":["Corruption","Bloodletting"],"picked":"Spot Weakness","floor":11.0},{"not_picked":["Wild Strike","Power Through"],"picked":"Evolve","floor":12.0},{"not_picked":["Ghostly Armor","Twin Strike","Juggernaut"],"picked":"SKIP","floor":13.0},{"not_picked":["Feed","Impervious"],"picked":"Double Tap","floor":16.0},{"not_picked":["Feel No Pain+1"],"picked":"SKIP","floor":18},{"not_picked":["Infernal Blade"],"picked":"SKIP","floor":19},{"not_picked":[],"picked":"Headbutt","floor":20},{"not_picked":["Searing Blow"],"picked":"SKIP","floor":22},{"not_picked":["Thunderclap"],"picked":"SKIP","floor":28},{"not_picked":["Seeing Red+1"],"picked":"SKIP","floor":30},{"not_picked":[],"picked":"Entrench","floor":31},{"not_picked":[],"picked":"Juggernaut","floor":33},{"not_picked":["Sentinel+1"],"picked":"SKIP","floor":35},{"not_picked":["Power Through"],"picked":"SKIP","floor":36},{"not_picked":["Warcry"],"picked":"SKIP","floor":39},{"not_picked":[],"picked":"Cleave+1","floor":41},{"not_picked":["Second Wind"],"picked":"SKIP","floor":45},{"not_picked":["Anger"],"picked":"SKIP","floor":46},{"not_picked":["Feel No Pain+1"],"picked":"SKIP","floor":47}],"player_experience":219164,"relics_obtained":[{"floor":7.0,"key":"Bronze Scales"},{"floor":9.0,"key":"Centennial Puzzle"},{"floor":12.0,"key":"Self Forming Clay"},{"floor":26,"key":"Pen Nib"},{"floor":30,"key":"Happy Flower"},{"floor":43,"key":"Whetstone"}],"event_choices":[{"event_name":"Golden Wing","player_choice":"Card Removal","floor":14.0,"damage_taken":0.0},{"event_name":"The Mausoleum","player_choice":"No","floor":24,"damage_taken":0},{"event_name":"Drug Dealer","player_choice":"Ignored","floor":27,"damage_taken":0},{"event_name":"Falling","player_choice":"Removed Attack","floor":38,"damage_taken":0}],"is_beta":false,"boss_relics":[{"not_picked":["Calling Bell","White Beast Statue"],"picked":"Busted Crown"},{"not_picked":["Runic Dome","Astrolabe"],"picked":"Black Blood"}],"items_purged_floors":[21,37,48],"is_endless":false,"potions_floor_spawned":[2,4,7,11,13,19,28,30,36,41,45],"killed_by":"Time Eater","ascension_level":2}