{"gold_per_floor":[116,116,116,126,126,158,178,24,24,41,59,89,89,54,54,151,151,168,184,184,194,374,374,407,407,459,75,75,88,88,15,15,15],"floor_reached":33,"playtime":1290,"items_purged":["Strike_G"],"score":417,"play_id":"352f6e9b-7c92-4516-856e-7549c5cedfd0","local_time":"20190112103812","is_ascension_mode":true,"campfire_choices":[{"data":"Footwork","floor":13.0,"key":"SMITH"},{"data":"Neutralize","floor":15.0,"key":"SMITH"},{"floor":23.0,"key":"REST"},{"data":"A Thousand Cuts","floor":25.0,"key":"SMITH"},{"data":"Trip","floor":28.0,"key":"SMITH"},{"data":"Footwork","floor":30.0,"key":"SMITH"},{"data":"Cloak And Dagger","floor":32.0,"key":"SMITH"}],"neow_cost":"NONE","seed_source_timestamp":3062559300719113,"circlet_count":0,"master_deck":["Defend_G","Defend_G","Defend_G","Defend_G","Defend_G","Strike_G","Strike_G","Strike_G","Survivor","Neutralize+1","Poisoned Stab","Poisoned Stab","PiercingWail","Backstab","Footwork+1","Blur","Die Die Die","Footwork+1","Bane","A Thousand Cuts+1","PiercingWail+1","Backflip","Cloak And Dagger+1","Cloak And Dagger+1","Blur","Footwork","Trip+1","Deflect+1","Cloak And Dagger","Infinite Blades"],"special_seed":0,"relics":["Ring of the Serpent","NeowsBlessing","Prayer Wheel","Meat on the Bone","StoneCalendar","Boot","Tough Bandages","Lantern","Snake Skull"],"potions_floor_usage":[],"damage_taken":[{"damage":0.0,"enemies":"Jaw Worm","floor":1.0,"turns":1.0},{"damage":0.0,"enemies":"Cultist","floor":4.0,"turns":1.0},{"damage":0.0,"enemies":"3 Sentries","floor":6.0,"turns":1.0},{"damage":0.0,"enemies":"Small Slimes","floor":7.0,"turns":3.0},{"damage":0.0,"enemies":"2 Fungi Beasts","floor":10.0,"turns":4.0},{"damage":0.0,"enemies":"Gremlin Gang","floor":11.0,"turns":3.0},{"damage":45.0,"enemies":"Gremlin Nob","floor":12.0,"turns":7.0},{"damage":6.0,"enemies":"Slime Boss","floor":16.0,"turns":7.0},{"damage":11.0,"enemies":"Shell Parasite","floor":18.0,"turns":7.0},{"damage":21.0,"enemies":"3 Byrds","floor":19.0,"turns":5.0},{"damage":13.0,"enemies":"Centurion and Healer","floor":21.0,"turns":7.0},{"damage":24.0,"enemies":"Slavers","floor":24.0,"turns":7.0},{"damage":10.0,"enemies":"Snake Plant","floor":29.0,"turns":5.0},{"damage":43,"enemies":"Automaton","floor":33,"turns":6}],"seed_played":"226567097764024608","potions_obtained":[{"floor":6.0,"key":"SteroidPotion"},{"floor":11.0,"key":"GamblersBrew"},{"floor":12.0,"key":"Fire Potion"},{"floor":18.0,"key":"Poison Potion"},{"floor":24.0,"key":"Block Potion"}],"is_trial":false,"path_per_floor":["M","?","?","M","?","E","M","$","T","M","M","E","R","?","R","B",null,"M","M","?","M","?","R","E","R","T","$","R","M","R","$","R","B"],"character_chosen":"THE_SILENT","items_purchased":["Footwork","Blur","Snake Skull","Footwork","Trip","Infinite Blades"],"campfire_rested":1,"item_purchase_floors":[8,8,27,27,27,31],"current_hp_per_floor":[63,56,53,53,53,53,53,53,53,53,53,20,20,37,37,43,63,52,43,66,53,32,53,41,41,41,41,41,43,43,43,43,0],"gold":15,"neow_bonus":"THREE_ENEMY_KILL","is_prod":false,"is_daily":false,"chose_seed":false,"campfire_upgraded":6,"win_rate":0,"timestamp":1547285892,"path_taken":["M","?","?","M","?","E","M","$","T","?","M","E","R","?","R","BOSS","M","M","?","M","?","R","E","R","T","$","R","?","R","$","R","BOSS"],"build_version":"2019-01-10","purchased_purges":1,"victory":false,"max_hp_per_floor":[70,70,70,70,70,70,70,70,70,70,70,70,70,70,70,70,70,70,70,70,70,70,70,70,70,70,70,70,70,70,70,70,70],"card_choices":[{"not_picked":["Deadly Poison","Blade Dance"],"picked":"Poisoned Stab","floor":1.0},{"not_picked":["Infinite Blades","Riddle With Holes"],"picked":"Poisoned Stab","floor":4.0},{"not_picked":["Heel Hook","Acrobatics","Quick Slash"],"picked":"SKIP","floor":4.0},{"not_picked":["Outmaneuver","Dash"],"picked":"PiercingWail","floor":6.0},{"not_picked":["Blade Dance","Dodge and Roll"],"picked":"Backstab","floor":7.0},{"not_picked":["Outmaneuver","Quick Slash","Dagger Spray"],"picked":"SKIP","floor":7.0},{"not_picked":["Sucker Punch","Dagger Throw"],"picked":"Die Die Die","floor":10.0},{"not_picked":["Underhanded Strike","Deflect","Concentrate"],"picked":"SKIP","floor":10.0},{"not_picked":["Slice","Leg Sweep"],"picked":"Footwork","floor":11.0},{"not_picked":["Flechettes","Dagger Throw","Prepared"],"picked":"SKIP","floor":11.0},{"not_picked":["PiercingWail","All Out Attack"],"picked":"Bane","floor":12.0},{"not_picked":["Storm of Steel","Phantasmal Killer"],"picked":"A Thousand Cuts","floor":16.0},{"not_picked":["Riddle With Holes","Flying Knee"],"picked":"PiercingWail+1","floor":18.0},{"not_picked":["Riddle With Holes+1","Poisoned Stab"],"picked":"Backflip","floor":18.0},{"not_picked":["Storm of Steel","Deadly Poison"],"picked":"Cloak And Dagger","floor":19.0},{"not_picked":["Underhanded Strike","Deflect","Reflex"],"picked":"SKIP","floor":19.0},{"not_picked":["Outmaneuver","Night Terror"],"picked":"Cloak And Dagger+1","floor":21.0},{"not_picked":["Dagger Spray","Sucker Punch"],"picked":"Blur","floor":21.0},{"not_picked":["Sucker Punch+1","Predator","Calculated Gamble"],"picked":"SKIP","floor":24.0},{"not_picked":["Catalyst","Well Laid Plans"],"picked":"Deflect+1","floor":29.0},{"not_picked":["Deflect","Malaise"],"picked":"Cloak And Dagger","floor":29.0}],"player_experience":718720,"relics_obtained":[{"floor":6.0,"key":"Meat on the Bone"},{"floor":9.0,"key":"StoneCalendar"},{"floor":12.0,"key":"Boot"},{"floor":24.0,"key":"Tough Bandages"},{"floor":26.0,"key":"Lantern"}],"event_choices":[{"cards_removed":["Strike_G"],"damage_healed":0.0,"max_hp_gain":0.0,"max_hp_loss":0.0,"gold_gain":0.0,"event_name":"Golden Wing","player_choice":"Card Removal","floor":2.0,"gold_loss":0.0,"damage_taken":7.0},{"damage_healed":0.0,"max_hp_gain":0.0,"max_hp_loss":0.0,"gold_gain":0.0,"event_name":"Scrap Ooze","player_choice":"Success","floor":3.0,"gold_loss":0.0,"damage_taken":3.0,"relics_obtained":["Prayer Wheel"]},{"damage_healed":0.0,"max_hp_gain":0.0,"max_hp_loss":0.0,"gold_gain":0.0,"event_name":"WeMeetAgain","player_choice":"Ignored","floor":5.0,"gold_loss":0.0,"damage_taken":0.0},{"damage_healed":17.0,"max_hp_gain":0.0,"max_hp_loss":0.0,"gold_gain":0.0,"event_name":"The Cleric","player_choice":"Healed","floor":14.0,"gold_loss":35.0,"damage_taken":0.0},{"damage_healed":23.0,"max_hp_gain":0.0,"max_hp_loss":0.0,"gold_gain":0.0,"event_name":"The Library","player_choice":"Heal","floor":20.0,"gold_loss":0.0,"damage_taken":0.0},{"damage_healed":0.0,"max_hp_gain":0.0,"max_hp_loss":0.0,"gold_gain":180.0,"event_name":"Knowing Skull","player_choice":"GOLD GOLD ","floor":22.0,"potions_obtained":[],"gold_loss":0.0,"damage_taken":21.0,"cards_obtained":[]}],"is_beta":false,"boss_relics":[{"not_picked":["Philosopher\u0027s Stone","WristBlade"],"picked":"Ring of the Serpent"}],"items_purged_floors":[27],"is_endless":false,"potions_floor_spawned":[6,11,12,18,24],"killed_by":"Automaton","ascension_level":8}