{"gold_per_floor":[114,129,144,159,174,174,174,174,199,199,214,229,254,4,4,104,104,119,134,134,134],"floor_reached":21,"playtime":935,"items_purged":[],"score":198,"play_id":"7d2743d9-3199-426b-97e0-fcb2bca7bead","local_time":"20180623115825","daily_mods":["Diverse","Time Dilation","Hoarder"],"is_ascension_mode":false,"campfire_choices":[{"data":"Dash","floor":6,"key":"SMITH"},{"floor":8,"key":"REST"},{"data":"Survivor","floor":15,"key":"SMITH"}],"neow_cost":"","seed_source_timestamp":3213934949845,"circlet_count":0,"master_deck":["Defend_G","Defend_G","Defend_G","Defend_G","Defend_G","Strike_G","Strike_G","Strike_G","Strike_G","Strike_G","Survivor+1","Neutralize","Sweeping Beam","Anger","Anger","Anger","Dash+1","Dash","Dash","Prepared","Prepared","All For One","All For One","Armaments+1","Armaments+1","Armaments+1","Offering+1","Offering+1","Offering+1","Electrodynamics+1","Electrodynamics+1","Electrodynamics+1","PiercingWail","PiercingWail","PiercingWail"],"special_seed":17705,"relics":["Ring of the Snake","Ancient Tea Set","Happy Flower","Shuriken","Astrolabe"],"potions_floor_usage":[16],"damage_taken":[{"damage":0,"enemies":"Small Slimes","floor":1,"turns":4},{"damage":0,"enemies":"2 Louse","floor":2,"turns":2},{"damage":1,"enemies":"Jaw Worm","floor":3,"turns":3},{"damage":0,"enemies":"3 Louse","floor":4,"turns":3},{"damage":3,"enemies":"Exordium Wildlife","floor":5,"turns":4},{"damage":3,"enemies":"Lots of Slimes","floor":11,"turns":4},{"damage":4,"enemies":"Red Slaver","floor":12,"turns":2},{"damage":48,"enemies":"The Guardian","floor":16,"turns":9},{"damage":8,"enemies":"Shell Parasite","floor":18,"turns":6},{"damage":25,"enemies":"Spheric Guardian","floor":19,"turns":6},{"damage":16,"enemies":"Snake Plant","floor":21,"turns":2}],"seed_played":"3243282396606865900","potions_obtained":[{"floor":1,"key":"Energy Potion"},{"floor":4,"key":"Ancient Potion"},{"floor":12,"key":"FearPotion"},{"floor":16,"key":"GamblersBrew"}],"is_trial":false,"path_per_floor":["M","M","M","M","M","R","?","R","T","?","M","M","T","$","R","B",null,"M","M","?"],"character_chosen":"THE_SILENT","items_purchased":["Shuriken"],"campfire_rested":1,"item_purchase_floors":[14],"current_hp_per_floor":[70,70,69,69,66,66,59,70,70,70,67,63,63,63,63,15,70,62,37,37,21],"gold":134,"neow_bonus":"","is_prod":false,"is_daily":true,"chose_seed":false,"campfire_upgraded":2,"win_rate":0.0,"timestamp":1529747905,"path_taken":["M","M","M","M","M","R","?","R","T","?","M","?","?","$","R","BOSS","M","M","?","M"],"build_version":"2018-06-21v2","purchased_purges":0,"victory":false,"max_hp_per_floor":[70,70,70,70,70,70,70,70,70,70,70,70,70,70,70,70,70,70,70,70,70],"card_choices":[{"not_picked":["Tempest","Sword Boomerang"],"picked":"Sweeping Beam","floor":1},{"not_picked":["Ball Lightning","Conserve Battery"],"picked":"Anger","floor":2},{"not_picked":["Outmaneuver","Melter"],"picked":"Dash","floor":3},{"not_picked":["Cloak And Dagger","Wild Strike","Armaments"],"picked":"SKIP","floor":4},{"not_picked":["Noxious Fumes","Storm","Ball Lightning"],"picked":"SKIP","floor":5},{"not_picked":["Pommel Strike","Meteor Strike","Heavy Blade"],"picked":"SKIP","floor":11},{"not_picked":["Dash","Barrage"],"picked":"Prepared","floor":12},{"not_picked":["Adrenaline","Double Tap"],"picked":"All For One","floor":16},{"not_picked":["Poisoned Stab","Hello World"],"picked":"PiercingWail","floor":18},{"not_picked":["Dodge and Roll+1","Sword Boomerang","Chaos+1"],"picked":"SKIP","floor":19}],"player_experience":20269,"relics_obtained":[{"floor":9,"key":"Ancient Tea Set"},{"floor":13,"key":"Happy Flower"}],"event_choices":[{"event_name":"Golden Wing","player_choice":"Card Removal","floor":7,"damage_taken":0},{"event_name":"Golden Idol","player_choice":"Ignored","floor":10,"damage_taken":0},{"event_name":"Accursed Blacksmith","player_choice":"Ignore","floor":20,"damage_taken":0}],"boss_relics":[{"not_picked":["Eternal Feather","Black Star"],"picked":"Astrolabe"}],"items_purged_floors":[],"is_endless":false,"potions_floor_spawned":[1,4,12,16],"killed_by":"Snake Plant","ascension_level":0}