{"path_per_floor":["M","M","M","$","M","E","R","?","T","?","R","M","T","M","R","B",null,"M","M","$","?","$","E","R","?","T","M","?","?","E","M","R"],"character_chosen":"DEFECT","items_purchased":["Self Repair","Lee\u0027s Waffle","Hologram"],"gold_per_floor":[115,125,143,29,45,70,70,70,97,97,97,109,109,119,119,219,219,234,246,46,46,1,34,34,34,34,50,50,50,81,94,94,94],"floor_reached":33,"campfire_rested":1,"playtime":1550,"item_purchase_floors":[4,20,22],"current_hp_per_floor":[66,66,66,66,73,61,61,61,61,54,54,61,61,68,68,11,75,59,49,82,82,82,38,38,38,38,26,82,82,41,25,49,0],"items_purged":["Defend_B"],"gold":94,"score":285,"play_id":"58590cc7-bc99-483a-bf22-42cdf8ec4e09","local_time":"20180602195238","is_prod":false,"is_daily":false,"chose_seed":false,"is_ascension_mode":false,"campfire_upgraded":4,"win_rate":0,"timestamp":1527961958,"campfire_choices":[{"data":"Gash","floor":7,"key":"SMITH"},{"data":"Streamline","floor":11,"key":"SMITH"},{"data":"Double Energy","floor":15,"key":"SMITH"},{"data":"Echo Form","floor":24,"key":"SMITH"},{"floor":32,"key":"REST"}],"path_taken":["M","M","M","$","?","E","R","?","T","?","R","M","?","?","R","BOSS","M","M","$","?","$","E","R","?","T","M","?","?","E","M","R","BOSS"],"build_version":"2018-05-31","seed_source_timestamp":288633509800912,"purchased_purges":1,"victory":false,"master_deck":["Strike_B","Strike_B","Strike_B","Defend_B","Defend_B","Defend_B","Zap","Dualcast","Leap","Conserve Battery","Gash+1","Beam Cell","Self Repair","Rebound","Streamline+1","Turbo","Buffer","Beam Cell+1","Streamline+1","Writhe","Hologram","Echo Form+1","Skim+1","Go for the Eyes+1"],"max_hp_per_floor":[75,75,75,75,75,75,75,75,75,75,75,75,75,75,75,75,75,75,75,82,82,82,82,82,82,82,82,82,82,82,82,82,82],"relics":["Cracked Core","Potion Belt","Pen Nib","Ornamental Fan","White Beast Statue","Lee\u0027s Waffle","Blood Vial","Mercury Hourglass","Juzu Bracelet","Letter Opener"],"card_choices":[{"not_picked":["Stack","Streamline"],"picked":"Leap","floor":0},{"not_picked":["Turbo","Steam"],"picked":"Conserve Battery","floor":1},{"not_picked":["Leap","Rebound"],"picked":"Gash","floor":2},{"not_picked":["Cold Snap","Sweeping Beam"],"picked":"Beam Cell","floor":3},{"not_picked":["Stack","Electrodynamics"],"picked":"Rebound","floor":5},{"not_picked":["Thunder Strike","Hello World"],"picked":"Streamline","floor":6},{"not_picked":["Barrage","Reboot"],"picked":"Turbo","floor":12},{"not_picked":["Redo","Go for the Eyes"],"picked":"Double Energy","floor":14},{"not_picked":["Thunder Strike","Multi-Cast"],"picked":"Buffer","floor":16},{"not_picked":["Aggregate+1","Compile Driver"],"picked":"Beam Cell+1","floor":18},{"not_picked":["Beam Cell","Redo"],"picked":"Streamline+1","floor":19},{"not_picked":["Consume","Sweeping Beam"],"picked":"Echo Form","floor":23},{"not_picked":["Skim","Leap","Sweeping Beam"],"picked":"SKIP","floor":27},{"not_picked":["Leap","Redo"],"picked":"Skim+1","floor":30},{"not_picked":["Turbo","Rip and Tear+1"],"picked":"Go for the Eyes+1","floor":31}],"player_experience":442908,"potions_floor_usage":[16,19,23,23,27,30],"damage_taken":[{"damage":9,"enemies":"Cultist","floor":1,"turns":4},{"damage":0,"enemies":"Small Slimes","floor":2,"turns":5},{"damage":0,"enemies":"2 Louse","floor":3,"turns":2},{"damage":0,"enemies":"Large Slime","floor":5,"turns":4},{"damage":19,"enemies":"Gremlin Nob","floor":6,"turns":4},{"damage":0,"enemies":"Red Slaver","floor":12,"turns":3},{"damage":0,"enemies":"2 Fungi Beasts","floor":14,"turns":2},{"damage":64,"enemies":"The Guardian","floor":16,"turns":12},{"damage":23,"enemies":"Shell Parasite","floor":18,"turns":6},{"damage":10,"enemies":"3 Byrds","floor":19,"turns":2},{"damage":51,"enemies":"Book of Stabbing","floor":23,"turns":5},{"damage":21,"enemies":"Snake Plant","floor":27,"turns":4},{"damage":41,"enemies":"Slavers","floor":30,"turns":5},{"damage":25,"enemies":"Sentry and Sphere","floor":31,"turns":5},{"damage":72,"enemies":"Champ","floor":33,"turns":8}],"relics_obtained":[{"floor":6,"key":"Potion Belt"},{"floor":9,"key":"Pen Nib"},{"floor":13,"key":"Ornamental Fan"},{"floor":23,"key":"Mercury Hourglass"},{"floor":26,"key":"Juzu Bracelet"},{"floor":30,"key":"Letter Opener"}],"event_choices":[{"event_name":"Liars Game","player_choice":"disagreed","floor":8,"damage_taken":0},{"event_name":"Golden Wing","player_choice":"Card Removal","floor":10,"damage_taken":0},{"event_name":"The Mausoleum","player_choice":"Yes","floor":21,"damage_taken":0},{"event_name":"Ghosts","player_choice":"Ignored","floor":25,"damage_taken":0},{"event_name":"Bonfire Elementals","player_choice":"UNCOMMON","floor":28,"damage_taken":0},{"event_name":"Beggar","player_choice":"Ignored","floor":29,"damage_taken":0}],"boss_relics":[{"not_picked":["Inserter","Philosopher\u0027s Stone"],"picked":"White Beast Statue"}],"items_purged_floors":[4],"potions_floor_spawned":[2,5,12,16,18,19,23,27,30,31],"seed_played":"-6940406332246693569","killed_by":"Champ","ascension_level":0,"potions_obtained":[{"floor":2,"key":"LiquidBronze"},{"floor":5,"key":"EssenceOfSteel"},{"floor":12,"key":"LiquidBronze"},{"floor":16,"key":"Strength Potion"},{"floor":18,"key":"Fire Potion"},{"floor":19,"key":"Strength Potion"},{"floor":23,"key":"PowerPotion"},{"floor":27,"key":"Block Potion"},{"floor":30,"key":"Fire Potion"},{"floor":31,"key":"Regen Potion"}],"is_trial":false}