{"gold_per_floor":[114,168,184,184,202,229,249,214,214,103,121,121,131,106,106,207,207,225,225,245,258,258,258,258],"floor_reached":24,"playtime":1652,"items_purged":[],"score":248,"play_id":"6edd99d0-9612-4fbc-9bc2-3477272df784","local_time":"20181228190218","is_ascension_mode":false,"campfire_choices":[{"floor":12.0,"key":"REST"},{"floor":15.0,"key":"REST"}],"neow_cost":"NONE","seed_source_timestamp":0,"circlet_count":0,"master_deck":["Strike_R+1","Strike_R+1","Strike_R+1","Strike_R+1","Strike_R+1","Defend_R+1","Defend_R+1","Defend_R+1","Defend_R+1","Bash","Feed","Shrug It Off","Cleave","Body Slam","Impervious","Seeing Red","Carnage","Sever Soul","Clothesline","Impervious","Clash","Twin Strike+1","Clash"],"special_seed":0,"relics":["Burning Blood","Sundial","Unceasing Top","Pear","Eternal Feather","GremlinMask"],"potions_floor_usage":[23,23],"damage_taken":[{"damage":13.0,"enemies":"Cultist","floor":1.0,"turns":6.0},{"damage":9.0,"enemies":"Jaw Worm","floor":3.0,"turns":4.0},{"damage":0.0,"enemies":"Small Slimes","floor":5.0,"turns":2.0},{"damage":49.0,"enemies":"3 Sentries","floor":6.0,"turns":11.0},{"damage":29.0,"enemies":"Exordium Thugs","floor":7.0,"turns":5.0},{"damage":14.0,"enemies":"Exordium Wildlife","floor":11.0,"turns":7.0},{"damage":11.0,"enemies":"2 Fungi Beasts","floor":13.0,"turns":4.0},{"damage":100.0,"enemies":"Slime Boss","floor":16.0,"turns":20.0},{"damage":81,"enemies":"3 Byrds","floor":18,"turns":10},{"damage":15,"enemies":"Spheric Guardian","floor":20,"turns":6},{"damage":38,"enemies":"Centurion and Healer","floor":21,"turns":12},{"damage":19,"enemies":"Colosseum Slavers","floor":23,"turns":7},{"damage":15,"enemies":"3 Cultists","floor":24,"turns":3}],"seed_played":"8493853488921756879","potions_obtained":[{"floor":7.0,"key":"Ancient Potion"},{"floor":11.0,"key":"Dexterity Potion"},{"floor":13.0,"key":"FairyPotion"},{"floor":21,"key":"Energy Potion"}],"is_trial":false,"path_per_floor":["M","?","M","T","M","E","M","?","T","$","M","R","M","$","R","B",null,"M","?","M","M","?","?","M"],"character_chosen":"IRONCLAD","items_purchased":["Seeing Red","Carnage","Clothesline"],"campfire_rested":2,"item_purchase_floors":[10,10,14],"current_hp_per_floor":[76,76,76,76,85,45,25,48,58,58,50,81,79,79,108,17,111,36,36,27,20,20,10,0],"gold":258,"neow_bonus":"ONE_RANDOM_RARE_CARD","is_prod":false,"is_daily":false,"chose_seed":false,"campfire_upgraded":0,"win_rate":0,"timestamp":1546020138,"path_taken":["M","?","M","?","M","E","?","?","T","?","M","R","M","?","R","BOSS","M","?","M","?","?","?","M"],"build_version":"2018-12-20","purchased_purges":0,"victory":false,"max_hp_per_floor":[83,83,86,86,89,92,95,95,105,105,105,105,108,108,108,111,111,111,111,111,114,114,117,117],"card_choices":[{"not_picked":["Clothesline","Armaments"],"picked":"Shrug It Off","floor":1.0},{"not_picked":["Warcry","Combust"],"picked":"Cleave","floor":3.0},{"not_picked":["Combust","True Grit"],"picked":"Body Slam","floor":5.0},{"not_picked":["Iron Wave","Combust"],"picked":"Impervious","floor":6.0},{"not_picked":["Perfected Strike","Iron Wave","Clothesline"],"picked":"SKIP","floor":7.0},{"not_picked":["Clothesline","Iron Wave","Burning Pact"],"picked":"SKIP","floor":11.0},{"not_picked":["Shrug It Off","Headbutt"],"picked":"Sever Soul","floor":13.0},{"not_picked":["Berserk","Bludgeon"],"picked":"Impervious","floor":16.0},{"not_picked":["Wild Strike+1","Evolve"],"picked":"Clash","floor":18},{"not_picked":["Sword Boomerang","Blood for Blood"],"picked":"Twin Strike+1","floor":20},{"not_picked":["Infernal Blade","Shrug It Off"],"picked":"Clash","floor":21}],"player_experience":46709,"relics_obtained":[{"floor":4.0,"key":"Sundial"},{"floor":6.0,"key":"Unceasing Top"},{"floor":9.0,"key":"Pear"}],"event_choices":[{"damage_healed":0.0,"max_hp_gain":0.0,"max_hp_loss":0.0,"gold_gain":54.0,"event_name":"Golden Wing","player_choice":"Gained Gold","floor":2.0,"gold_loss":0.0,"damage_taken":0.0},{"damage_healed":23.0,"max_hp_gain":0.0,"max_hp_loss":0.0,"gold_gain":0.0,"event_name":"The Cleric","player_choice":"Healed","floor":8.0,"gold_loss":35.0,"damage_taken":0.0},{"damage_healed":0,"gold_gain":0,"player_choice":"Trade","damage_taken":0,"relics_obtained":["GremlinMask"],"max_hp_gain":0,"max_hp_loss":0,"event_name":"FaceTrader","floor":19,"gold_loss":0},{"damage_healed":0,"gold_gain":0,"player_choice":"Simplicity","damage_taken":0,"max_hp_gain":0,"max_hp_loss":0,"event_name":"Back to Basics","floor":22,"gold_loss":0,"cards_upgraded":["Strike_R","Strike_R","Strike_R","Strike_R","Strike_R","Defend_R","Defend_R","Defend_R","Defend_R"]},{"damage_healed":0,"gold_gain":0,"player_choice":"Fight","damage_taken":0,"max_hp_gain":0,"max_hp_loss":0,"event_name":"Colosseum","floor":23,"gold_loss":0},{"damage_healed":0,"gold_gain":0,"player_choice":"Fled From Nobs","damage_taken":0,"max_hp_gain":0,"max_hp_loss":0,"event_name":"Colosseum","floor":23,"gold_loss":0}],"is_beta":false,"boss_relics":[{"not_picked":["Philosopher\u0027s Stone","Runic Dome"],"picked":"Eternal Feather"}],"items_purged_floors":[],"is_endless":false,"potions_floor_spawned":[7,11,13,21],"killed_by":"3 Cultists","ascension_level":0}