{"gold_per_floor":[113,124,48,65,85,105,105,105,129,279,56,88,88,138,138,212,212,227,227,277,277,288,288],"floor_reached":23,"playtime":600,"items_purged":["Doubt"],"score":331,"play_id":"addfeb23-a95b-47eb-b63d-64bed09f4461","local_time":"20190202191500","is_ascension_mode":true,"campfire_choices":[{"data":"Catalyst","floor":7,"key":"SMITH"},{"data":"Footwork","floor":13,"key":"SMITH"},{"floor":15,"key":"REST"}],"neow_cost":"NONE","seed_source_timestamp":18002026235800,"circlet_count":0,"master_deck":["AscendersBane","Defend_G+1","Defend_G","Defend_G+1","Defend_G+1","Defend_G","Strike_G","Strike_G","Strike_G","Strike_G","Survivor+1","Neutralize","Deadly Poison","Catalyst+1","Footwork","All Out Attack","Footwork+1","Bane","Poisoned Stab","Burst","Well Laid Plans"],"relics":["Ring of the Snake","War Paint","Snake Skull","Sozu","Regal Pillow","Darkstone Periapt"],"potions_floor_usage":[12,12,16],"damage_taken":[{"damage":2,"enemies":"Cultist","floor":1,"turns":6},{"damage":1,"enemies":"Jaw Worm","floor":2,"turns":6},{"damage":0,"enemies":"2 Louse","floor":4,"turns":3},{"damage":13,"enemies":"Red Slaver","floor":5,"turns":5},{"damage":3,"enemies":"Blue Slaver","floor":6,"turns":7},{"damage":5,"enemies":"Gremlin Nob","floor":12,"turns":3},{"damage":17,"enemies":"The Guardian","floor":16,"turns":10},{"damage":7,"enemies":"Shell Parasite","floor":18,"turns":7},{"damage":0,"enemies":"Chosen","floor":22,"turns":4},{"damage":48,"enemies":"Gremlin Leader","floor":23,"turns":3}],"seed_played":"3665550613441696576","potions_obtained":[{"floor":4,"key":"Poison Potion"},{"floor":5,"key":"AttackPotion"},{"floor":12,"key":"SkillPotion"}],"is_trial":false,"path_per_floor":["M","M","$","M","M","M","R","?","T","?","$","E","R","?","R","B",null,"M","T","?","T","M","E"],"character_chosen":"THE_SILENT","items_purchased":["Catalyst","Footwork","Bane","Poisoned Stab"],"campfire_rested":1,"item_purchase_floors":[3,11,11,11],"current_hp_per_floor":[57,56,56,56,43,40,40,20,20,20,20,15,15,15,34,17,54,47,47,47,47,47,0],"gold":288,"neow_bonus":"REMOVE_CARD","is_prod":false,"is_daily":false,"chose_seed":false,"campfire_upgraded":2,"win_rate":0,"timestamp":1549127700,"path_taken":["M","?","$","M","M","M","R","?","T","?","$","E","R","?","R","BOSS","M","?","?","?","?","E"],"build_version":"2019-01-23","purchased_purges":1,"victory":false,"max_hp_per_floor":[66,66,66,66,66,66,66,66,66,66,66,66,66,66,66,66,66,66,66,66,66,66,66],"card_choices":[{"not_picked":["Slice","Riddle With Holes"],"picked":"Deadly Poison","floor":1},{"not_picked":["Dodge and Roll","Quick Slash","Flying Knee"],"picked":"SKIP","floor":2},{"not_picked":["Acrobatics","Dodge and Roll"],"picked":"Footwork","floor":4},{"not_picked":["Concentrate","Dagger Spray","Flying Knee"],"picked":"SKIP","floor":5},{"not_picked":["Blade Dance","Night Terror"],"picked":"All Out Attack","floor":6},{"not_picked":["Slice","Deflect","Dash"],"picked":"SKIP","floor":12},{"not_picked":["Malaise","Grand Finale"],"picked":"Burst","floor":16},{"not_picked":["Calculated Gamble","Slice"],"picked":"Well Laid Plans","floor":18},{"not_picked":["Poisoned Stab","Skewer","Acrobatics"],"picked":"SKIP","floor":22}],"player_experience":582168,"relics_obtained":[{"floor":9,"key":"War Paint"},{"floor":12,"key":"Snake Skull"},{"floor":19,"key":"Regal Pillow"},{"floor":21,"key":"Darkstone Periapt"}],"event_choices":[{"damage_healed":0,"gold_gain":0,"player_choice":"Entered Light","damage_taken":20,"max_hp_gain":0,"max_hp_loss":0,"event_name":"Shining Light","floor":8,"gold_loss":0,"cards_upgraded":["Defend_G","Survivor"]},{"damage_healed":0,"gold_gain":150,"player_choice":"AGREE","damage_taken":0,"max_hp_gain":0,"max_hp_loss":0,"event_name":"Liars Game","floor":10,"gold_loss":0,"cards_obtained":["Doubt"]},{"damage_healed":0,"gold_gain":50,"player_choice":"Pray","damage_taken":0,"max_hp_gain":0,"max_hp_loss":0,"event_name":"Golden Shrine","floor":14,"gold_loss":0},{"damage_healed":0,"gold_gain":50,"player_choice":"Stole From Cult","damage_taken":0,"max_hp_gain":0,"max_hp_loss":0,"event_name":"Nest","floor":20,"gold_loss":0}],"is_beta":false,"boss_relics":[{"not_picked":["Cursed Key","Tiny House"],"picked":"Sozu"}],"items_purged_floors":[11],"is_endless":false,"potions_floor_spawned":[4,5,12],"killed_by":"Gremlin Leader","ascension_level":15}