{"gold_per_floor":[14,26,26,36,56,56,82,82,109,129,129,129,129,140,140,140],"floor_reached":16,"playtime":662,"items_purged":[],"score":102,"play_id":"cc6ad15a-e8fd-452d-a9f0-c6ad7f9add02","local_time":"20181209225000","is_ascension_mode":false,"campfire_choices":[{"floor":6,"key":"RECALL"},{"data":"Zap","floor":15,"key":"SMITH"}],"neow_cost":"NO_GOLD","seed_source_timestamp":169810407549060,"circlet_count":0,"master_deck":["Strike_B","Strike_B","Strike_B","Strike_B","Defend_B","Defend_B","Defend_B","Defend_B","Zap+1","Dualcast","Genetic Algorithm","Genetic Algorithm","Self Repair","Heatsinks","Gash+1","BootSequence+1","Scrape"],"relics":["Cracked Core","Calipers","Bag of Preparation","Boot","Gremlin Horn"],"potions_floor_usage":[7,7,10],"damage_taken":[{"damage":4,"enemies":"Small Slimes","floor":1,"turns":4},{"damage":0,"enemies":"2 Louse","floor":2,"turns":2},{"damage":6,"enemies":"Jaw Worm","floor":4,"turns":6},{"damage":2,"enemies":"Large Slime","floor":5,"turns":6},{"damage":46,"enemies":"Gremlin Nob","floor":7,"turns":5},{"damage":0,"enemies":"Gremlin Gang","floor":10,"turns":3},{"damage":1,"enemies":"3 Louse","floor":14,"turns":4},{"damage":33,"enemies":"Hexaghost","floor":16,"turns":11}],"seed_played":"5749243071883686120","potions_obtained":[{"floor":1,"key":"Swift Potion"},{"floor":2,"key":"SneckoOil"},{"floor":7,"key":"AttackPotion"}],"is_trial":false,"path_per_floor":["M","M","$","M","M","R","E","?","T","M","?","?","T","M","R","B"],"character_chosen":"DEFECT","items_purchased":[],"campfire_rested":0,"item_purchase_floors":[],"current_hp_per_floor":[71,71,71,65,70,70,31,56,56,63,48,23,23,29,29,0],"gold":140,"neow_bonus":"ONE_RARE_RELIC","is_prod":false,"is_daily":false,"chose_seed":false,"campfire_upgraded":1,"win_rate":0,"timestamp":1544392200,"path_taken":["M","M","$","M","M","R","E","?","T","M","?","?","?","M","R","BOSS"],"build_version":"2018-12-06","purchased_purges":0,"victory":false,"max_hp_per_floor":[75,75,75,75,75,75,75,75,75,75,75,75,75,75,75,75],"card_choices":[{"not_picked":["Ball Lightning","Beam Cell"],"picked":"Genetic Algorithm","floor":1},{"not_picked":["Tempest","Steam Power"],"picked":"Genetic Algorithm","floor":2},{"not_picked":["Compile Driver","Beam Cell"],"picked":"Self Repair","floor":4},{"not_picked":["Hyperbeam","Streamline"],"picked":"Heatsinks","floor":5},{"not_picked":["Beam Cell","Streamline"],"picked":"Gash","floor":7},{"not_picked":["Lockon","Leap"],"picked":"BootSequence","floor":10},{"not_picked":["Force Field","Leap"],"picked":"Scrape","floor":14}],"player_experience":578453,"relics_obtained":[{"floor":7,"key":"Bag of Preparation"},{"floor":13,"key":"Gremlin Horn"}],"event_choices":[{"damage_healed":25,"gold_gain":0,"player_choice":"Banana","damage_taken":0,"max_hp_gain":0,"max_hp_loss":0,"event_name":"Big Fish","floor":8,"gold_loss":0},{"damage_healed":0,"gold_gain":0,"player_choice":"Entered Light","damage_taken":15,"max_hp_gain":0,"max_hp_loss":0,"event_name":"Shining Light","floor":11,"gold_loss":0,"cards_upgraded":["BootSequence","Gash"]},{"damage_healed":0,"gold_gain":0,"player_choice":"Success","damage_taken":25,"relics_obtained":["Boot"],"max_hp_gain":0,"max_hp_loss":0,"event_name":"Scrap Ooze","floor":12,"gold_loss":0}],"is_beta":false,"boss_relics":[],"items_purged_floors":[],"is_endless":false,"potions_floor_spawned":[1,2,7],"killed_by":"Hexaghost","ascension_level":0}