{"gold_per_floor":[118,138,158,158,179,179,179,179,202,236,57,71,95,111,111,230,230,253,268,193,207,207,207,220,292,339,353,386,386,386,402,402,526,526,551,551,571,137,156,200,533,548,575,575,585,585,609,621,621,621],"floor_reached":51,"playtime":3183,"items_purged":["Strike_G","Strike_G"],"score":901,"play_id":"fdce8e27-104d-4606-acb2-629ded78887a","local_time":"20180827140951","is_ascension_mode":true,"campfire_choices":[{"data":"Noxious Fumes","floor":6,"key":"SMITH"},{"data":"Backflip","floor":8,"key":"SMITH"},{"floor":15,"key":"REST"},{"data":"Apotheosis","floor":23,"key":"SMITH"},{"data":"Prepared","floor":29,"key":"SMITH"},{"data":"Neutralize","floor":32,"key":"SMITH"},{"floor":44,"key":"REST"},{"floor":49,"key":"REST"}],"neow_cost":"NONE","seed_source_timestamp":967830331505282,"circlet_count":0,"master_deck":["Defend_G","Defend_G","Defend_G","Defend_G","Defend_G+1","Strike_G+1","Strike_G","Survivor","Neutralize+1","Noxious Fumes+1","Bane+1","Backflip+1","Dash","Apotheosis+1","Escape Plan","Prepared+1","Adrenaline+1","Dodge and Roll","Leg Sweep","Corpse Explosion","Purity","Backstab"],"relics":["Ring of the Snake","Snake Skull","Omamori","Whetstone","Busted Crown","Pantograph","Blood Vial","War Paint","Fusion Hammer","Bottled Tornado","Bottled Flame","Boot","Bag of Marbles"],"potions_floor_usage":[16,16,28,33,40,50],"damage_taken":[{"damage":3,"enemies":"2 Louse","floor":1,"turns":4},{"damage":0,"enemies":"Cultist","floor":2,"turns":4},{"damage":1,"enemies":"Small Slimes","floor":3,"turns":4},{"damage":4,"enemies":"Blue Slaver","floor":5,"turns":4},{"damage":28,"enemies":"Gremlin Nob","floor":10,"turns":5},{"damage":1,"enemies":"Large Slime","floor":12,"turns":4},{"damage":7,"enemies":"2 Fungi Beasts","floor":13,"turns":4},{"damage":10,"enemies":"Exordium Wildlife","floor":14,"turns":4},{"damage":16,"enemies":"Slime Boss","floor":16,"turns":9},{"damage":8,"enemies":"3 Byrds","floor":18,"turns":5},{"damage":0,"enemies":"Chosen","floor":19,"turns":5},{"damage":5,"enemies":"Shelled Parasite and Fungi","floor":21,"turns":6},{"damage":4,"enemies":"Snecko","floor":24,"turns":6},{"damage":2,"enemies":"Snake Plant","floor":27,"turns":5},{"damage":8,"enemies":"Slavers","floor":28,"turns":6},{"damage":1,"enemies":"Chosen and Byrds","floor":31,"turns":8},{"damage":7,"enemies":"Automaton","floor":33,"turns":13},{"damage":0,"enemies":"Flame Bruiser 1 Orb","floor":35,"turns":7},{"damage":0,"enemies":"3 Darklings","floor":37,"turns":3},{"damage":5,"enemies":"Maw","floor":39,"turns":9},{"damage":25,"enemies":"2 Orb Walkers","floor":40,"turns":4},{"damage":12,"enemies":"4 Shapes","floor":42,"turns":4},{"damage":13,"enemies":"Flame Bruiser 2 Orb","floor":45,"turns":7},{"damage":0,"enemies":"Transient","floor":48,"turns":5},{"damage":1,"enemies":"Awakened One","floor":50,"turns":19}],"seed_played":"-3783368985759164251","potions_obtained":[{"floor":2,"key":"SteroidPotion"},{"floor":10,"key":"Weak Potion"},{"floor":13,"key":"LiquidBronze"},{"floor":16,"key":"Dexterity Potion"},{"floor":19,"key":"GhostInAJar"},{"floor":24,"key":"FairyPotion"},{"floor":28,"key":"Swift Potion"},{"floor":31,"key":"Dexterity Potion"},{"floor":35,"key":"FearPotion"},{"floor":37,"key":"Weak Potion"},{"floor":45,"key":"Swift Potion"}],"is_trial":false,"path_per_floor":["M","M","M","?","M","R","?","R","T","E","$","M","M","M","R","B",null,"M","M","$","M","?","R","M","T","T","M","E","R","?","M","R","B",null,"M","?","M","$","M","E","?","M","T","R","M","?","T","M","R","B"],"character_chosen":"THE_SILENT","items_purchased":["Apotheosis","Bottled Tornado","Purity"],"campfire_rested":3,"item_purchase_floors":[11,38,38],"current_hp_per_floor":[67,67,66,65,61,61,55,55,55,27,27,26,19,9,28,12,65,57,57,57,52,52,52,48,48,48,48,42,42,42,43,43,58,65,65,65,65,65,60,37,37,27,27,46,35,51,51,53,65,64],"gold":621,"neow_bonus":"RANDOM_COMMON_RELIC","is_prod":false,"is_daily":false,"chose_seed":false,"campfire_upgraded":5,"win_rate":0,"timestamp":1535350191,"path_taken":["M","M","M","?","M","R","?","R","T","E","$","?","M","M","R","BOSS","M","M","$","M","?","R","M","?","T","M","E","R","?","M","R","BOSS","M","?","M","$","M","E","?","?","T","R","M","?","?","M","R","BOSS"],"build_version":"2018-08-23v2","purchased_purges":2,"victory":true,"max_hp_per_floor":[70,70,70,65,65,65,65,65,65,65,65,65,65,65,65,65,65,65,65,65,65,65,65,65,65,65,65,65,65,65,65,65,65,65,65,65,65,65,65,65,65,65,65,65,65,65,65,65,65,65],"card_choices":[{"not_picked":["Cloak And Dagger","Catalyst"],"picked":"Noxious Fumes","floor":1},{"not_picked":["Acrobatics","Catalyst","Skewer"],"picked":"SKIP","floor":2},{"not_picked":["Deadly Poison","Poisoned Stab"],"picked":"Bane","floor":3},{"not_picked":["Prepared","Crippling Poison"],"picked":"Backflip","floor":5},{"not_picked":["Underhanded Strike","Flying Knee"],"picked":"Dash","floor":10},{"not_picked":["Backflip","Tactician"],"picked":"Escape Plan","floor":12},{"not_picked":["Masterful Stab","Blade Dance","Expertise"],"picked":"SKIP","floor":13},{"not_picked":["Malaise","Heel Hook"],"picked":"Prepared","floor":14},{"not_picked":["Wraith Form v2","Grand Finale"],"picked":"Adrenaline","floor":16},{"not_picked":["Acrobatics"],"picked":"SKIP","floor":18},{"not_picked":["Poisoned Stab"],"picked":"SKIP","floor":19},{"not_picked":[],"picked":"Dodge and Roll","floor":21},{"not_picked":["Masterful Stab"],"picked":"SKIP","floor":24},{"not_picked":[],"picked":"Leg Sweep","floor":27},{"not_picked":["Outmaneuver"],"picked":"SKIP","floor":28},{"not_picked":["Heel Hook+1"],"picked":"SKIP","floor":31},{"not_picked":[],"picked":"Corpse Explosion","floor":33},{"not_picked":["Bane+1"],"picked":"SKIP","floor":35},{"not_picked":["Riddle With Holes+1"],"picked":"SKIP","floor":37},{"not_picked":["Bane"],"picked":"SKIP","floor":39},{"not_picked":["Bullet Time"],"picked":"SKIP","floor":40},{"not_picked":[],"picked":"Backstab","floor":42},{"not_picked":["Dagger Spray+1"],"picked":"SKIP","floor":45},{"not_picked":["Reflex+1"],"picked":"SKIP","floor":48}],"player_experience":302401,"relics_obtained":[{"floor":9,"key":"Omamori"},{"floor":10,"key":"Whetstone"},{"floor":25,"key":"Pantograph"},{"floor":26,"key":"Blood Vial"},{"floor":28,"key":"War Paint"},{"floor":40,"key":"Bottled Flame"},{"floor":43,"key":"Boot"},{"floor":47,"key":"Bag of Marbles"}],"event_choices":[{"event_name":"Golden Idol","player_choice":"Lose Max HP","floor":4,"damage_taken":0},{"event_name":"Wheel of Change","player_choice":"Damage","floor":7,"damage_taken":0},{"event_name":"Back to Basics","player_choice":"Elegance","floor":22,"damage_taken":0},{"event_name":"Ghosts","player_choice":"Ignored","floor":30,"damage_taken":0},{"event_name":"Tomb of Lord Red Mask","player_choice":"Ignored","floor":36,"damage_taken":0},{"event_name":"The Moai Head","player_choice":"Gave Idol","floor":41,"damage_taken":0},{"event_name":"Winding Halls","player_choice":"Writhe","floor":46,"damage_taken":0}],"is_beta":false,"boss_relics":[{"not_picked":["Sozu","Runic Pyramid"],"picked":"Busted Crown"},{"not_picked":["White Beast Statue","HoveringKite"],"picked":"Fusion Hammer"}],"items_purged_floors":[20,38],"is_endless":false,"potions_floor_spawned":[2,10,13,14,16,19,24,28,31,35,37,45],"ascension_level":3}