{"gold_per_floor":[111,36,51,126,126,126,152,152,152,171,171,181,181,81,81,185,185,196,471,487,273,273],"floor_reached":22,"playtime":534,"items_purged":["Strike_R","Defend_R","Regret"],"score":182,"play_id":"d45949bf-53bc-4401-bdf6-76a8bd205ea2","local_time":"20190120203447","is_ascension_mode":false,"campfire_choices":[{"floor":8,"key":"REST"},{"floor":11,"key":"REST"},{"floor":13,"key":"REST"},{"data":"Bash","floor":15,"key":"SMITH"}],"neow_cost":"TEN_PERCENT_HP_LOSS","seed_source_timestamp":96634253124245,"circlet_count":0,"master_deck":["Strike_R","Strike_R+1","Strike_R","Defend_R","Defend_R","Bash+1","Inflame+1","Flash of Steel"],"relics":["Burning Blood","Pocketwatch","WingedGreaves","Mummified Hand","Empty Cage"],"potions_floor_usage":[],"damage_taken":[{"damage":1,"enemies":"Cultist","floor":1,"turns":3},{"damage":6,"enemies":"2 Louse","floor":3,"turns":2},{"damage":25,"enemies":"Gremlin Nob","floor":7,"turns":4},{"damage":11,"enemies":"Jaw Worm","floor":10,"turns":3},{"damage":8,"enemies":"Exordium Thugs","floor":12,"turns":4},{"damage":33,"enemies":"Slime Boss","floor":16,"turns":12},{"damage":41,"enemies":"2 Thieves","floor":18,"turns":4},{"damage":16,"enemies":"Chosen","floor":20,"turns":4},{"damage":36,"enemies":"Shelled Parasite and Fungi","floor":22,"turns":3}],"seed_played":"5954872046702690427","potions_obtained":[{"floor":7,"key":"FearPotion"},{"floor":16,"key":"Ancient Potion"}],"is_trial":false,"path_per_floor":["M","$","M","?","?","?","E","R","T","M","R","M","R","$","R","B",null,"M","?","M","$","M"],"character_chosen":"IRONCLAD","items_purchased":["Flash of Steel"],"campfire_rested":3,"item_purchase_floors":[21],"current_hp_per_floor":[72,72,72,61,43,29,10,31,31,26,47,45,66,66,66,39,72,37,37,27,27,0],"gold":273,"neow_bonus":"ONE_RARE_RELIC","is_prod":false,"is_daily":false,"chose_seed":false,"campfire_upgraded":1,"win_rate":0,"timestamp":1548029087,"path_taken":["M","$","?","?","?","?","E","R","T","M","R","M","R","$","R","BOSS","M","?","M","$","?"],"build_version":"2019-01-17v2","purchased_purges":3,"victory":false,"max_hp_per_floor":[72,72,72,72,72,72,72,72,72,72,72,72,72,72,72,72,72,72,72,72,72,72],"card_choices":[{"not_picked":["Headbutt","Dropkick","Flex"],"picked":"SKIP","floor":1},{"not_picked":["Combust","Perfected Strike"],"picked":"Inflame","floor":3},{"not_picked":["Hemokinesis","True Grit","Barricade"],"picked":"SKIP","floor":7},{"not_picked":["Perfected Strike","Whirlwind","Intimidate"],"picked":"SKIP","floor":10},{"not_picked":["Reckless Charge","Heavy Blade","Perfected Strike"],"picked":"SKIP","floor":12},{"not_picked":["Headbutt","Clothesline+1","Reckless Charge"],"picked":"SKIP","floor":18},{"not_picked":["Entrench","Perfected Strike","Clothesline"],"picked":"SKIP","floor":20}],"player_experience":200708,"relics_obtained":[{"floor":7,"key":"Mummified Hand"}],"event_choices":[{"damage_healed":0,"gold_gain":75,"player_choice":"Gather Gold","damage_taken":11,"max_hp_gain":0,"max_hp_loss":0,"event_name":"World of Goop","floor":4,"gold_loss":0},{"damage_healed":0,"gold_gain":0,"player_choice":"Success","damage_taken":18,"relics_obtained":["WingedGreaves"],"max_hp_gain":0,"max_hp_loss":0,"event_name":"Scrap Ooze","floor":5,"gold_loss":0},{"damage_healed":0,"gold_gain":0,"player_choice":"Entered Light","damage_taken":14,"max_hp_gain":0,"max_hp_loss":0,"event_name":"Shining Light","floor":6,"gold_loss":0,"cards_upgraded":["Strike_R","Inflame"]},{"damage_healed":0,"gold_gain":275,"player_choice":"Desecrate","damage_taken":0,"max_hp_gain":0,"max_hp_loss":0,"event_name":"Golden Shrine","floor":19,"gold_loss":0,"cards_obtained":["Regret"]}],"is_beta":false,"boss_relics":[{"not_picked":["Sozu","Cursed Key"],"picked":"Empty Cage"}],"items_purged_floors":[2,14,21],"is_endless":false,"potions_floor_spawned":[7,16],"killed_by":"Shelled Parasite and Fungi","ascension_level":0}