{"gold_per_floor":[118,118,130,10,24,24,52,52,52,66,83,32,32,65,65,162,162,175,175,175,193,93,93],"floor_reached":23,"playtime":1560,"items_purged":["Strike_G","Strike_G"],"score":199,"play_id":"f9c15894-3477-4146-807f-aa2ebee719b1","local_time":"20190113011109","is_ascension_mode":false,"campfire_choices":[{"floor":6,"key":"RECALL"},{"data":"Tools of the Trade","floor":8,"key":"SMITH"},{"floor":15,"key":"REST"}],"neow_cost":"NONE","seed_source_timestamp":77745796369451,"circlet_count":0,"master_deck":["Defend_G","Defend_G","Defend_G","Defend_G","Defend_G","Strike_G","Strike_G","Survivor","Neutralize","Accuracy","Choke","Neutralize","Escape Plan","Blade Dance","Slice","Tools of the Trade+1","Dagger Throw","Backflip","Cloak And Dagger","Accuracy","Envenom","Deflect","Shame","Deflect"],"relics":["White Beast Statue","Pantograph","Regal Pillow","WristBlade","Bronze Scales"],"potions_floor_usage":[7,14,16,16,18,19,23],"damage_taken":[{"damage":4,"enemies":"Cultist","floor":1,"turns":5},{"damage":0,"enemies":"Small Slimes","floor":3,"turns":4},{"damage":3,"enemies":"Jaw Worm","floor":5,"turns":2},{"damage":28,"enemies":"3 Sentries","floor":7,"turns":9},{"damage":13,"enemies":"Gremlin Gang","floor":10,"turns":6},{"damage":2,"enemies":"2 Fungi Beasts","floor":11,"turns":4},{"damage":15,"enemies":"Gremlin Nob","floor":14,"turns":4},{"damage":16,"enemies":"Slime Boss","floor":16,"turns":9},{"damage":14,"enemies":"2 Thieves","floor":18,"turns":5},{"damage":33,"enemies":"Colosseum Slavers","floor":19,"turns":8},{"damage":15,"enemies":"3 Byrds","floor":21,"turns":5},{"damage":16,"enemies":"Gremlin Leader","floor":23,"turns":3}],"seed_played":"1035401541497033710","potions_obtained":[{"floor":1,"key":"SmokeBomb"},{"floor":3,"key":"SteroidPotion"},{"floor":5,"key":"Weak Potion"},{"floor":7,"key":"Strength Potion"},{"floor":10,"key":"GamblersBrew"},{"floor":11,"key":"Swift Potion"},{"floor":14,"key":"SteroidPotion"},{"floor":16,"key":"Poison Potion"},{"floor":18,"key":"LiquidBronze"},{"floor":21,"key":"FearPotion"}],"is_trial":false,"path_per_floor":["M","?","M","$","M","R","E","R","T","M","M","$","?","E","R","B",null,"M","?","?","M","$","E"],"character_chosen":"THE_SILENT","items_purchased":["Blade Dance","Cloak And Dagger"],"campfire_rested":1,"item_purchase_floors":[4,12],"current_hp_per_floor":[66,66,66,66,63,63,35,35,35,22,20,20,20,5,41,50,70,56,23,23,8,8,0],"gold":93,"neow_bonus":"BOSS_RELIC","is_prod":false,"is_daily":false,"chose_seed":false,"campfire_upgraded":1,"win_rate":0,"timestamp":1547359869,"path_taken":["M","?","?","$","M","R","E","R","T","M","?","$","?","E","R","BOSS","M","?","?","M","$","E"],"build_version":"2019-01-10","purchased_purges":2,"victory":false,"max_hp_per_floor":[70,70,70,70,70,70,70,70,70,70,70,70,70,70,70,70,70,70,70,70,70,70,70],"card_choices":[{"not_picked":["Dodge and Roll","Sucker Punch"],"picked":"Accuracy","floor":1},{"not_picked":["Quick Slash","Endless Agony"],"picked":"Escape Plan","floor":3},{"not_picked":["Bane","Quick Slash"],"picked":"Slice","floor":5},{"not_picked":["Well Laid Plans","Terror"],"picked":"Tools of the Trade","floor":7},{"not_picked":["Bane","Leg Sweep"],"picked":"Dagger Throw","floor":10},{"not_picked":["Expertise","Dagger Throw"],"picked":"Backflip","floor":11},{"not_picked":["Dodge and Roll","Dagger Throw"],"picked":"Accuracy","floor":14},{"not_picked":["After Image","Unload"],"picked":"Envenom","floor":16},{"not_picked":["Deadly Poison","Underhanded Strike"],"picked":"Deflect","floor":18},{"not_picked":["Eviscerate+1","Slice"],"picked":"Deflect","floor":21}],"player_experience":78653,"relics_obtained":[{"floor":7,"key":"Pantograph"},{"floor":14,"key":"Regal Pillow"}],"event_choices":[{"damage_healed":0,"gold_gain":0,"player_choice":"2 cards matched","damage_taken":0,"max_hp_gain":0,"max_hp_loss":0,"event_name":"Match and Keep!","floor":2,"gold_loss":0,"cards_obtained":["Choke","Neutralize"]},{"cards_removed":["Strike_G"],"damage_healed":0,"gold_gain":0,"player_choice":"Offered Basic","damage_taken":0,"max_hp_gain":0,"max_hp_loss":0,"event_name":"Bonfire Elementals","floor":13,"gold_loss":0},{"damage_healed":0,"gold_gain":0,"player_choice":"Fight","damage_taken":0,"max_hp_gain":0,"max_hp_loss":0,"event_name":"Colosseum","floor":19,"gold_loss":0},{"damage_healed":0,"gold_gain":0,"player_choice":"Fled From Nobs","damage_taken":0,"max_hp_gain":0,"max_hp_loss":0,"event_name":"Colosseum","floor":19,"gold_loss":0},{"damage_healed":0,"gold_gain":0,"player_choice":"Stole Relic","damage_taken":0,"relics_obtained":["Bronze Scales"],"max_hp_gain":0,"max_hp_loss":0,"event_name":"Addict","floor":20,"gold_loss":0,"cards_obtained":["Shame"]}],"is_beta":false,"boss_relics":[{"not_picked":["Lizard Tail","Sozu"],"picked":"WristBlade"}],"items_purged_floors":[4,22],"is_endless":false,"potions_floor_spawned":[1,3,5,7,10,11,14,16,18,19,21],"killed_by":"Gremlin Leader","ascension_level":0}