{"gold_per_floor":[313,324,337,337,314,314,357,322,347,363,431,44,44,58,58,179,179,197,197,4,24,24,24,42,67,67,80,80],"floor_reached":28,"playtime":3738,"items_purged":[],"score":420,"play_id":"51c93c95-319c-40db-90f4-8fa6e5aa6823","local_time":"20190128183253","is_ascension_mode":true,"campfire_choices":[{"data":"Defragment","floor":6,"key":"SMITH"},{"floor":15,"key":"REST"},{"data":"Buffer","floor":23,"key":"SMITH"}],"neow_cost":"NO_GOLD","seed_source_timestamp":413154261277600,"circlet_count":0,"master_deck":["AscendersBane","Strike_B","Strike_B","Strike_B","Strike_B","Defend_B","Defend_B","Defend_B","Defend_B","Zap","Dualcast","Double Energy","Defragment+1","FTL","Loop+1","Chill","Buffer+1","Rip and Tear+1","Coolheaded","All For One+1","Redo+1","Gash+1","Go for the Eyes+1","Gash+1","Skim+1","Loop"],"relics":["Cracked Core","Old Coin","Golden Idol","Orichalcum","Lantern","Tiny Chest","Molten Egg 2","White Beast Statue","Omamori","Anchor","Mercury Hourglass"],"potions_floor_usage":[3,7,7,11,16,25,25,25,27,28],"damage_taken":[{"damage":2,"enemies":"2 Louse","floor":1,"turns":3},{"damage":7,"enemies":"Jaw Worm","floor":2,"turns":2},{"damage":1,"enemies":"Cultist","floor":3,"turns":4},{"damage":25,"enemies":"Lagavulin","floor":7,"turns":5},{"damage":7,"enemies":"Looter","floor":10,"turns":3},{"damage":22,"enemies":"Gremlin Nob","floor":11,"turns":5},{"damage":7,"enemies":"Blue Slaver","floor":14,"turns":2},{"damage":0,"enemies":"Slime Boss","floor":16,"turns":9},{"damage":12,"enemies":"Spheric Guardian","floor":18,"turns":4},{"damage":0,"enemies":"3 Byrds","floor":21,"turns":6},{"damage":35,"enemies":"Snake Plant","floor":24,"turns":7},{"damage":6,"enemies":"3 Cultists","floor":25,"turns":4},{"damage":3,"enemies":"Snecko","floor":27,"turns":4},{"damage":16,"enemies":"Centurion and Healer","floor":28,"turns":5}],"seed_played":"8683415499482616512","potions_obtained":[{"floor":1,"key":"Block Potion"},{"floor":2,"key":"SteroidPotion"},{"floor":3,"key":"SkillPotion"},{"floor":10,"key":"Block Potion"},{"floor":18,"key":"FearPotion"},{"floor":21,"key":"Dexterity Potion"},{"floor":24,"key":"Swift Potion"},{"floor":25,"key":"Fire Potion"},{"floor":27,"key":"Ancient Potion"}],"is_trial":false,"path_per_floor":["M","M","M","?","?","R","E","?","T","M","E","$","?","M","R","B",null,"M","T","$","M","?","R","M","M","T","M","M"],"character_chosen":"DEFECT","items_purchased":["Fire Potion","Molten Egg 2","Rip and Tear+1","Anchor","Gash+1"],"campfire_rested":1,"item_purchase_floors":[12,12,12,20,20],"current_hp_per_floor":[66,59,58,58,58,58,33,50,50,43,21,21,21,14,34,34,60,48,48,48,48,48,48,13,7,7,4,0],"gold":80,"neow_bonus":"ONE_RARE_RELIC","is_prod":false,"is_daily":false,"chose_seed":false,"campfire_upgraded":2,"win_rate":0,"timestamp":1548700373,"path_taken":["M","M","M","?","?","R","E","?","T","M","E","$","?","M","R","BOSS","M","?","$","M","?","R","M","M","T","M","M"],"build_version":"2019-01-23","purchased_purges":0,"victory":false,"max_hp_per_floor":[75,75,75,69,69,69,69,69,69,69,69,69,69,69,69,69,69,69,69,69,69,69,69,69,69,69,69,69],"card_choices":[{"not_picked":["Leap","Hologram"],"picked":"Double Energy","floor":1},{"not_picked":["Conserve Battery","Tempest"],"picked":"Defragment","floor":2},{"not_picked":["Turbo","Gash"],"picked":"FTL","floor":3},{"not_picked":["Genetic Algorithm","Doom and Gloom"],"picked":"Loop","floor":7},{"not_picked":["Amplify","Force Field"],"picked":"Chill","floor":10},{"not_picked":["Storm","White Noise"],"picked":"Buffer","floor":11},{"not_picked":["Conserve Battery","Steam"],"picked":"Coolheaded","floor":14},{"not_picked":["Fission","Rainbow"],"picked":"All For One+1","floor":16},{"not_picked":["Cold Snap+1","Steam"],"picked":"Redo+1","floor":18},{"not_picked":["Ball Lightning+1","Barrage+1"],"picked":"Go for the Eyes+1","floor":21},{"not_picked":["Turbo","Darkness"],"picked":"Gash+1","floor":24},{"not_picked":["Streamline+1","Coolheaded"],"picked":"Skim+1","floor":25},{"not_picked":["Chaos","Rainbow"],"picked":"Loop","floor":27}],"player_experience":200917,"relics_obtained":[{"floor":7,"key":"Orichalcum"},{"floor":9,"key":"Lantern"},{"floor":11,"key":"Tiny Chest"},{"floor":19,"key":"Omamori"},{"floor":26,"key":"Mercury Hourglass"}],"event_choices":[{"damage_healed":0,"gold_gain":0,"player_choice":"Lose Max HP","damage_taken":0,"relics_obtained":["Golden Idol"],"max_hp_gain":0,"max_hp_loss":6,"event_name":"Golden Idol","floor":4,"gold_loss":0},{"damage_healed":0,"gold_gain":0,"player_choice":"Left Gold","damage_taken":0,"max_hp_gain":0,"max_hp_loss":0,"event_name":"World of Goop","floor":5,"gold_loss":23},{"damage_healed":17,"gold_gain":0,"player_choice":"Healed","damage_taken":0,"max_hp_gain":0,"max_hp_loss":0,"event_name":"The Cleric","floor":8,"gold_loss":35},{"damage_healed":0,"gold_gain":0,"player_choice":"Forge","damage_taken":0,"max_hp_gain":0,"max_hp_loss":0,"event_name":"Accursed Blacksmith","floor":13,"gold_loss":0,"cards_upgraded":["Loop"]},{"damage_healed":0,"gold_gain":0,"player_choice":"Ignored","damage_taken":0,"max_hp_gain":0,"max_hp_loss":0,"event_name":"Beggar","floor":22,"gold_loss":0}],"is_beta":false,"boss_relics":[{"not_picked":["Eternal Feather","Runic Dome"],"picked":"White Beast Statue"}],"items_purged_floors":[],"is_endless":false,"potions_floor_spawned":[1,2,3,10,18,21,24,25,27],"killed_by":"Centurion and Healer","ascension_level":10}