{"gold_per_floor":[117,117,136,136,136,136,150,160,160,179,179,191,266,284,284,380,430,441,460,460,100,119,119,132,157,206,11,29,29,29,47,47,145,145,163,163,163,163,173,173,187,202,202,202,54,66,66,66,66,66],"floor_reached":50,"playtime":5072,"items_purged":[],"score":511,"play_id":"c73a0be3-51b8-430c-92d1-fc928cd68e60","local_time":"20180721195440","is_ascension_mode":false,"campfire_choices":[{"data":"Bash","floor":6,"key":"SMITH"},{"data":"Anger","floor":11,"key":"SMITH"},{"data":"Defend_R","floor":15,"key":"SMITH"},{"floor":23,"key":"REST"},{"floor":29,"key":"REST"},{"data":"Barricade","floor":32,"key":"SMITH"},{"floor":40,"key":"REST"},{"floor":47,"key":"REST"},{"floor":49,"key":"REST"}],"neow_cost":"NONE","seed_source_timestamp":866821930200364,"circlet_count":0,"master_deck":["Strike_R+1","Strike_R+1","Strike_R+1","Strike_R+1","Strike_R+1","Defend_R+1","Defend_R+1","Defend_R+1","Defend_R+1","Bash+1","Infernal Blade+1","Battle Trance+1","Thunderclap+1","Anger+1","Shrug It Off+1","Impervious+1","Disarm+1","Juggernaut+1","Anger+1","Inflame+1","Power Through+1","Necronomicurse","Metallicize+1","Pommel Strike+1","Seeing Red+1","True Grit+1","Metallicize+1","Anger+1","Rampage+1","Metallicize+1","Barricade+1","Rampage+1","Dual Wield+1","Infernal Blade+1","Limit Break+1","Blood for Blood+1","Writhe","Flame Barrier+1","Clash+1","Hemokinesis+1","Reaper+1","Iron Wave+1","Infernal Blade+1"],"relics":["Burning Blood","Dream Catcher","Pantograph","Tiny House","Necronomicon","Pear","Regal Pillow","Bag of Marbles","Lizard Tail","Question Card","Juzu Bracelet","Mark of the Bloom"],"potions_floor_usage":[16,16,16,33,33,41,42,46],"damage_taken":[{"damage":0,"enemies":"2 Louse","floor":1,"turns":3},{"damage":0,"enemies":"Small Slimes","floor":3,"turns":3},{"damage":1,"enemies":"Cultist","floor":7,"turns":4},{"damage":7,"enemies":"Large Slime","floor":8,"turns":7},{"damage":7,"enemies":"Looter","floor":10,"turns":4},{"damage":14,"enemies":"Exordium Thugs","floor":12,"turns":6},{"damage":2,"enemies":"3 Louse","floor":14,"turns":5},{"damage":33,"enemies":"Hexaghost","floor":16,"turns":11},{"damage":12,"enemies":"Chosen","floor":18,"turns":6},{"damage":32,"enemies":"Spheric Guardian","floor":19,"turns":6},{"damage":27,"enemies":"Chosen and Byrds","floor":22,"turns":9},{"damage":19,"enemies":"Cultist and Chosen","floor":24,"turns":7},{"damage":18,"enemies":"Snake Plant","floor":28,"turns":6},{"damage":5,"enemies":"Snecko","floor":31,"turns":5},{"damage":37,"enemies":"Collector","floor":33,"turns":10},{"damage":25,"enemies":"3 Shapes","floor":35,"turns":8},{"damage":49,"enemies":"Flame Bruiser 1 Orb","floor":39,"turns":7},{"damage":51,"enemies":"Transient","floor":41,"turns":5},{"damage":17,"enemies":"4 Shapes","floor":42,"turns":5},{"damage":66,"enemies":"Flame Bruiser 2 Orb","floor":46,"turns":13},{"damage":88,"enemies":"Donu and Deca","floor":50,"turns":9}],"seed_played":"6744641986440026464","potions_obtained":[{"floor":1,"key":"BloodPotion"},{"floor":3,"key":"Explosive Potion"},{"floor":4,"key":"Fruit Juice"},{"floor":4,"key":"PowerPotion"},{"floor":14,"key":"Poison Potion"},{"floor":17,"key":"Energy Potion"},{"floor":19,"key":"SpeedPotion"},{"floor":22,"key":"Strength Potion"},{"floor":24,"key":"FearPotion"},{"floor":35,"key":"SteroidPotion"},{"floor":41,"key":"Explosive Potion"}],"is_trial":false,"path_per_floor":["M","?","M","?","?","R","M","M","T","M","R","M","?","M","R","B",null,"M","M","?","$","M","R","M","T","T","$","M","R","?","M","R","B",null,"M","?","?","?","M","R","M","M","T","?","$","M","R","?","R"],"character_chosen":"IRONCLAD","items_purchased":["Pear","Metallicize","Pommel Strike","Anger","Rampage","Metallicize","Juzu Bracelet"],"campfire_rested":5,"item_purchase_floors":[21,21,21,27,27,27,45],"current_hp_per_floor":[80,80,80,80,80,80,80,79,79,78,78,70,59,63,63,58,90,84,58,42,52,31,61,48,48,48,48,36,81,81,82,82,69,100,81,100,100,100,57,100,55,44,44,44,44,35,80,80,80,0],"gold":66,"neow_bonus":"RANDOM_COMMON_RELIC","is_prod":false,"is_daily":false,"chose_seed":false,"campfire_upgraded":4,"win_rate":0.0,"timestamp":1532195680,"path_taken":["M","?","M","?","?","R","M","M","T","M","R","?","?","M","R","BOSS","M","M","?","$","M","R","M","?","T","$","M","R","?","?","R","BOSS","M","?","?","?","M","R","M","?","T","?","?","M","R","?","R","BOSS"],"build_version":"2018-07-19v2","purchased_purges":0,"victory":false,"max_hp_per_floor":[80,80,80,80,80,80,80,80,80,80,80,80,80,80,80,85,90,90,90,90,100,100,100,100,100,100,100,100,100,100,100,100,100,100,100,100,100,100,100,100,100,100,100,100,100,100,100,100,100,100],"card_choices":[{"not_picked":["Dropkick","True Grit"],"picked":"Infernal Blade","floor":1},{"not_picked":["Headbutt","Armaments"],"picked":"Battle Trance","floor":3},{"not_picked":["Burning Pact","Sword Boomerang"],"picked":"Thunderclap","floor":7},{"not_picked":["Reckless Charge","Clothesline"],"picked":"Anger","floor":8},{"not_picked":["Heavy Blade","Pommel Strike"],"picked":"Shrug It Off","floor":10},{"not_picked":["Metallicize","Ghostly Armor"],"picked":"Impervious","floor":12},{"not_picked":["Cleave","Bloodletting"],"picked":"Disarm","floor":14},{"not_picked":["Reaper","Brutality"],"picked":"Juggernaut","floor":16},{"not_picked":["Feel No Pain","Whirlwind"],"picked":"Anger","floor":17},{"not_picked":["Fire Breathing","Rage"],"picked":"Inflame","floor":18},{"not_picked":["Iron Wave","Clash"],"picked":"Power Through+1","floor":19},{"not_picked":["Feel No Pain","Warcry"],"picked":"Seeing Red","floor":22},{"not_picked":["Bloodletting+1","Warcry+1"],"picked":"True Grit+1","floor":23},{"not_picked":["Bloodletting","Clash"],"picked":"Metallicize+1","floor":24},{"not_picked":["Clothesline","Heavy Blade"],"picked":"Barricade","floor":28},{"not_picked":["Sword Boomerang","Headbutt"],"picked":"Rampage","floor":29},{"not_picked":["Burning Pact","Body Slam"],"picked":"Infernal Blade+1","floor":31},{"not_picked":["Barricade","Offering"],"picked":"Limit Break","floor":33},{"not_picked":["Sword Boomerang","Perfected Strike+1"],"picked":"Blood for Blood+1","floor":35},{"not_picked":["Heavy Blade+1","Iron Wave+1"],"picked":"Flame Barrier","floor":39},{"not_picked":["Warcry","Combust"],"picked":"Clash","floor":40},{"not_picked":["Clash","Sword Boomerang"],"picked":"Headbutt","floor":41},{"not_picked":["True Grit","Clothesline"],"picked":"Hemokinesis","floor":42},{"not_picked":["Carnage","Shrug It Off+1","Warcry"],"picked":"Reaper","floor":46},{"not_picked":["Fire Breathing+1","Heavy Blade","Headbutt"],"picked":"Iron Wave","floor":47},{"not_picked":["Heavy Blade","Bloodletting+1","Battle Trance"],"picked":"Infernal Blade+1","floor":49}],"player_experience":28148,"relics_obtained":[{"floor":9,"key":"Pantograph"},{"floor":20,"key":"Necronomicon"},{"floor":25,"key":"Regal Pillow"},{"floor":26,"key":"Bag of Marbles"},{"floor":43,"key":"Question Card"}],"event_choices":[{"event_name":"Shining Light","player_choice":"Ignored","floor":2,"damage_taken":0},{"event_name":"The Lab","player_choice":"Got Potions","floor":4,"damage_taken":0},{"event_name":"Liars Game","player_choice":"disagreed","floor":5,"damage_taken":0},{"event_name":"World of Goop","player_choice":"Gather Gold","floor":13,"damage_taken":0},{"event_name":"Cursed Tome","player_choice":"Obtained Book","floor":20,"damage_taken":0},{"event_name":"The Library","player_choice":"Read","floor":30,"damage_taken":0},{"event_name":"Winding Halls","player_choice":"Writhe","floor":36,"damage_taken":0},{"event_name":"Tomb of Lord Red Mask","player_choice":"Ignored","floor":37,"damage_taken":0},{"event_name":"Upgrade Shrine","player_choice":"Upgraded","floor":38,"damage_taken":0},{"event_name":"Falling","player_choice":"Removed Attack","floor":44,"damage_taken":0},{"event_name":"MindBloom","player_choice":"Upgrade","floor":48,"damage_taken":0}],"is_beta":false,"boss_relics":[{"not_picked":["Coffee Dripper","Empty Cage"],"picked":"Tiny House"},{"not_picked":["Mark of Pain","Calling Bell"],"picked":"Lizard Tail"}],"items_purged_floors":[],"is_endless":false,"potions_floor_spawned":[1,3,10,14,19,22,24,35,41],"killed_by":"Donu and Deca","ascension_level":0}