{"gold_per_floor":[118,293,293,306,321,353,353,410,433,453,453,296,313,326,326,423,423,438,438,457,467,482,482],"floor_reached":23,"playtime":1089,"items_purged":["Doubt"],"score":205,"play_id":"ffa31337-fdc9-4e68-9153-8155f5e63572","local_time":"20180730162737","is_ascension_mode":false,"campfire_choices":[{"floor":7,"key":"REST"},{"floor":11,"key":"REST"},{"floor":15,"key":"REST"}],"neow_cost":"NONE","seed_source_timestamp":748542249696030,"circlet_count":0,"master_deck":["Strike_B","Strike_B","Strike_B","Strike_B","Defend_B","Defend_B","Defend_B","Defend_B","Zap","Dualcast","Machine Learning","Ball Lightning","Go for the Eyes","Go for the Eyes","Ball Lightning","Conserve Battery","Capacitor","Conserve Battery","Rip and Tear","Conserve Battery+1","FTL","Ball Lightning"],"relics":["Cracked Core","Oddly Smooth Stone","Tiny Chest","Anchor","Eternal Feather"],"potions_floor_usage":[20],"damage_taken":[{"damage":7,"enemies":"2 Louse","floor":1,"turns":4},{"damage":10,"enemies":"Jaw Worm","floor":4,"turns":5},{"damage":0,"enemies":"Small Slimes","floor":5,"turns":3},{"damage":44,"enemies":"Gremlin Nob","floor":6,"turns":5},{"damage":34,"enemies":"Lagavulin","floor":8,"turns":6},{"damage":0,"enemies":"2 Fungi Beasts","floor":10,"turns":4},{"damage":8,"enemies":"Exordium Wildlife","floor":13,"turns":4},{"damage":0,"enemies":"Red Slaver","floor":14,"turns":3},{"damage":18,"enemies":"Hexaghost","floor":16,"turns":9},{"damage":7,"enemies":"Shell Parasite","floor":18,"turns":7},{"damage":9,"enemies":"2 Thieves","floor":20,"turns":5},{"damage":34,"enemies":"Slaver and Parasite","floor":21,"turns":8},{"damage":29,"enemies":"Snake Plant","floor":22,"turns":6},{"damage":5,"enemies":"Slavers","floor":23,"turns":1}],"seed_played":"7485427579647783329","potions_obtained":[{"floor":1,"key":"GamblersBrew"},{"floor":5,"key":"Swift Potion"},{"floor":10,"key":"Dexterity Potion"},{"floor":18,"key":"Fruit Juice"},{"floor":21,"key":"SkillPotion"}],"is_trial":false,"path_per_floor":["M","?","?","M","M","E","R","E","T","M","R","$","M","M","R","B",null,"M","?","M","M","M"],"character_chosen":"DEFECT","items_purchased":["Capacitor"],"campfire_rested":3,"item_purchase_floors":[12],"current_hp_per_floor":[68,68,68,58,58,14,36,2,2,2,24,24,16,16,38,20,75,68,68,64,30,1,0],"gold":482,"neow_bonus":"ONE_RANDOM_RARE_CARD","is_prod":false,"is_daily":false,"chose_seed":false,"campfire_upgraded":0,"win_rate":0.0,"timestamp":1532960857,"path_taken":["M","?","?","M","?","E","R","E","T","M","R","?","?","M","R","BOSS","M","?","M","M","M","E"],"build_version":"2018-07-26","purchased_purges":1,"victory":false,"max_hp_per_floor":[75,75,75,75,75,75,75,75,75,75,75,75,75,75,75,75,75,75,75,80,80,80,80],"card_choices":[{"not_picked":["Heatsinks","Steam Power","Scrape"],"picked":"SKIP","floor":1},{"not_picked":["Barrage","Streamline"],"picked":"Ball Lightning","floor":4},{"not_picked":["Chaos","Steam"],"picked":"Go for the Eyes","floor":5},{"not_picked":["Barrage","Compile Driver"],"picked":"Go for the Eyes","floor":6},{"not_picked":["Turbo","Go for the Eyes"],"picked":"Ball Lightning","floor":8},{"not_picked":["Rebound","Gash"],"picked":"Conserve Battery","floor":10},{"not_picked":["Chaos","Barrage"],"picked":"Conserve Battery","floor":13},{"not_picked":["Hello World","Recycle"],"picked":"Rip and Tear","floor":14},{"not_picked":["Steam Power+1","Streamline","Fusion"],"picked":"SKIP","floor":18},{"not_picked":["Chaos+1","Heatsinks+1"],"picked":"Conserve Battery+1","floor":20},{"not_picked":["Rebound","Hologram"],"picked":"FTL","floor":21},{"not_picked":["Reinforced Body","Gash"],"picked":"Ball Lightning","floor":22}],"player_experience":229648,"relics_obtained":[{"floor":6,"key":"Oddly Smooth Stone"},{"floor":8,"key":"Tiny Chest"},{"floor":9,"key":"Anchor"}],"event_choices":[{"event_name":"Liars Game","player_choice":"agreed","floor":2,"damage_taken":0},{"event_name":"The Cleric","player_choice":"Leave","floor":3,"damage_taken":0},{"event_name":"Drug Dealer","player_choice":"Ignored","floor":19,"damage_taken":0}],"is_beta":false,"boss_relics":[{"not_picked":["Nuclear Battery","FrozenCore"],"picked":"Eternal Feather"}],"items_purged_floors":[12],"is_endless":false,"potions_floor_spawned":[1,5,10,13,18,21,22],"killed_by":"Slavers","ascension_level":0}