{"gold_per_floor":[119,138,148,198,214,214,240,240,240,256,287,109,109],"floor_reached":13,"playtime":511,"items_purged":[],"score":144,"play_id":"278a8cfc-99b9-45a1-acc3-5f7eb980535c","local_time":"20190201235159","is_ascension_mode":true,"campfire_choices":[{"data":"Feed","floor":6,"key":"SMITH"},{"data":"Flame Barrier","floor":8,"key":"SMITH"}],"neow_cost":"NONE","seed_source_timestamp":49518594703797,"circlet_count":0,"master_deck":["Strike_R","Strike_R","Strike_R","Strike_R","Strike_R","Defend_R","Defend_R","Defend_R","Defend_R","Bash","Feed+1","Clothesline","Flame Barrier+1","Inflame","Warcry","Double Tap","Apotheosis"],"relics":["Burning Blood","Juzu Bracelet","Blue Candle","Frozen Egg 2"],"potions_floor_usage":[11,13,13],"damage_taken":[{"damage":2,"enemies":"Small Slimes","floor":1,"turns":4},{"damage":4,"enemies":"Jaw Worm","floor":2,"turns":3},{"damage":5,"enemies":"Cultist","floor":3,"turns":5},{"damage":18,"enemies":"2 Fungi Beasts","floor":5,"turns":4},{"damage":40,"enemies":"3 Sentries","floor":7,"turns":11},{"damage":14,"enemies":"Exordium Wildlife","floor":10,"turns":5},{"damage":55,"enemies":"Gremlin Nob","floor":11,"turns":6},{"damage":12,"enemies":"3 Sentries","floor":13,"turns":4}],"seed_played":"1632996907595308865","potions_obtained":[{"floor":1,"key":"EntropicBrew"},{"floor":3,"key":"Ancient Potion"},{"floor":5,"key":"Regen Potion"}],"is_trial":false,"path_per_floor":["M","M","M","?","M","R","E","R","T","M","E","$","E"],"character_chosen":"IRONCLAD","items_purchased":["Apotheosis"],"campfire_rested":0,"item_purchase_floors":[12],"current_hp_per_floor":[83,86,89,89,80,80,50,50,50,46,12,12,0],"gold":109,"neow_bonus":"ONE_RANDOM_RARE_CARD","is_prod":false,"is_daily":false,"chose_seed":false,"campfire_upgraded":2,"win_rate":0,"timestamp":1549061519,"path_taken":["M","M","M","?","M","R","E","R","T","M","E","$","E"],"build_version":"2019-01-23","purchased_purges":0,"victory":false,"max_hp_per_floor":[83,86,89,89,92,92,96,96,96,100,100,100,100],"card_choices":[{"not_picked":["Uppercut","Disarm"],"picked":"Clothesline","floor":1},{"not_picked":["Carnage","Battle Trance"],"picked":"Flame Barrier","floor":2},{"not_picked":["Disarm","Fire Breathing"],"picked":"Inflame","floor":3},{"not_picked":["Second Wind","Fire Breathing","Body Slam"],"picked":"SKIP","floor":5},{"not_picked":["Fire Breathing","Body Slam"],"picked":"Warcry","floor":7},{"not_picked":["Headbutt","Twin Strike","Seeing Red"],"picked":"SKIP","floor":10},{"not_picked":["Perfected Strike","Heavy Blade"],"picked":"Double Tap","floor":11}],"player_experience":255522,"relics_obtained":[{"floor":7,"key":"Juzu Bracelet"},{"floor":9,"key":"Blue Candle"},{"floor":11,"key":"Frozen Egg 2"}],"event_choices":[{"damage_healed":0,"gold_gain":50,"player_choice":"Gained Gold","damage_taken":0,"max_hp_gain":0,"max_hp_loss":0,"event_name":"Golden Wing","floor":4,"gold_loss":0}],"is_beta":false,"boss_relics":[],"items_purged_floors":[],"is_endless":false,"potions_floor_spawned":[1,3,5],"killed_by":"3 Sentries","ascension_level":5}