{"gold_per_floor":[114,114,114,128,143,170,170,204,234,249,424,424,448,83,83,182,182,195,212,227,246,256,256,276,308,308,308,308,327,327,346,346,346],"floor_reached":33,"playtime":1984,"items_purged":["Doubt"],"score":293,"play_id":"9c176406-836b-4b09-9e65-5f0496dc925f","local_time":"20190201232802","is_ascension_mode":true,"campfire_choices":[{"data":"Armaments","floor":7,"key":"SMITH"},{"data":"True Grit","floor":12,"key":"SMITH"},{"floor":15,"key":"REST"},{"floor":23,"key":"REST"},{"floor":28,"key":"REST"},{"floor":30,"key":"REST"},{"data":"Heavy Blade","floor":32,"key":"SMITH"}],"neow_cost":"NONE","seed_source_timestamp":1108207045426720,"circlet_count":0,"master_deck":["Strike_R","Strike_R","Strike_R","Strike_R","Defend_R","Defend_R","Defend_R","Defend_R","Bash","True Grit+1","Power Through","Pommel Strike","Armaments+1","Demon Form","True Grit+1","Seeing Red","Flame Barrier","Pummel","Immolate","Clothesline","Heavy Blade+1","Thunderclap+1","Evolve","True Grit","Heavy Blade+1","Flame Barrier+1","Writhe","Sword Boomerang+1"],"relics":["Burning Blood","PreservedInsect","Bottled Flame","Tiny Chest","MawBank","Lantern","Sozu","Red Skull","Bottled Lightning","Boot"],"potions_floor_usage":[16,33],"damage_taken":[{"damage":6,"enemies":"Jaw Worm","floor":1,"turns":3},{"damage":0,"enemies":"Small Slimes","floor":4,"turns":4},{"damage":0,"enemies":"Cultist","floor":5,"turns":3},{"damage":38,"enemies":"3 Sentries","floor":6,"turns":15},{"damage":28,"enemies":"Gremlin Nob","floor":8,"turns":4},{"damage":12,"enemies":"Looter","floor":10,"turns":4},{"damage":25,"enemies":"Slime Boss","floor":16,"turns":8},{"damage":0,"enemies":"Chosen","floor":18,"turns":3},{"damage":11,"enemies":"3 Byrds","floor":19,"turns":4},{"damage":34,"enemies":"3 Cultists","floor":20,"turns":6},{"damage":6,"enemies":"Centurion and Healer","floor":21,"turns":6},{"damage":31,"enemies":"Snake Plant","floor":22,"turns":6},{"damage":20,"enemies":"3 Cultists","floor":24,"turns":5},{"damage":40,"enemies":"Slavers","floor":25,"turns":6},{"damage":19,"enemies":"Centurion and Healer","floor":29,"turns":5},{"damage":6,"enemies":"Chosen and Byrds","floor":31,"turns":5},{"damage":53,"enemies":"Collector","floor":33,"turns":7}],"seed_played":"-4734556710186350954","potions_obtained":[{"floor":4,"key":"Dexterity Potion"},{"floor":6,"key":"EssenceOfSteel"},{"floor":8,"key":"AttackPotion"}],"is_trial":false,"path_per_floor":["M","?","?","M","M","E","R","E","T","M","?","R","T","$","R","B",null,"M","M","M","M","M","R","M","E","T","?","R","M","R","M","R","B"],"character_chosen":"IRONCLAD","items_purchased":["Flame Barrier","Pummel","Lantern"],"campfire_rested":4,"item_purchase_floors":[14,14,14],"current_hp_per_floor":[88,88,88,88,88,56,56,34,34,28,28,28,28,28,54,35,88,88,83,55,55,30,56,42,8,8,8,34,21,47,47,47,0],"gold":346,"neow_bonus":"TEN_PERCENT_HP_BONUS","is_prod":false,"is_daily":false,"chose_seed":false,"campfire_upgraded":3,"win_rate":0,"timestamp":1549081682,"path_taken":["M","?","?","M","?","E","R","E","T","M","?","R","?","$","R","BOSS","M","?","?","M","M","R","M","E","T","?","R","M","R","M","R","BOSS"],"build_version":"2019-01-23","purchased_purges":1,"victory":false,"max_hp_per_floor":[88,88,88,88,88,88,88,88,88,88,88,88,88,88,88,88,88,88,88,88,88,88,88,88,88,88,88,88,88,88,88,88,88],"card_choices":[{"not_picked":["Sword Boomerang","Clash"],"picked":"True Grit","floor":1},{"not_picked":["Hemokinesis","Battle Trance"],"picked":"Pommel Strike","floor":4},{"not_picked":["Clothesline","Thunderclap"],"picked":"Armaments","floor":5},{"not_picked":["Clothesline","Thunderclap"],"picked":"Demon Form","floor":6},{"not_picked":["Cleave","Pommel Strike"],"picked":"True Grit","floor":8},{"not_picked":["Warcry","Impervious"],"picked":"Seeing Red","floor":10},{"not_picked":["Brutality","Demon Form"],"picked":"Immolate","floor":16},{"not_picked":["Clash","Flex+1"],"picked":"Clothesline","floor":18},{"not_picked":["Spot Weakness","Clothesline"],"picked":"Heavy Blade","floor":19},{"not_picked":["Armaments","Combust"],"picked":"Thunderclap+1","floor":20},{"not_picked":["Armaments","Searing Blow"],"picked":"Evolve","floor":21},{"not_picked":["Twin Strike","Blood for Blood"],"picked":"True Grit","floor":22},{"not_picked":["Cleave+1","Iron Wave"],"picked":"Heavy Blade+1","floor":24},{"not_picked":["Sword Boomerang","Shrug It Off"],"picked":"Flame Barrier+1","floor":25},{"not_picked":["Clash","Intimidate","Clothesline"],"picked":"SKIP","floor":29},{"not_picked":["Armaments","Body Slam"],"picked":"Sword Boomerang+1","floor":31}],"player_experience":131914,"relics_obtained":[{"floor":6,"key":"PreservedInsect"},{"floor":8,"key":"Bottled Flame"},{"floor":9,"key":"Tiny Chest"},{"floor":13,"key":"MawBank"},{"floor":25,"key":"Red Skull"},{"floor":26,"key":"Bottled Lightning"}],"event_choices":[{"damage_healed":0,"gold_gain":0,"cards_transformed":["Strike_R"],"player_choice":"Change","damage_taken":0,"max_hp_gain":0,"max_hp_loss":0,"event_name":"Living Wall","floor":2,"gold_loss":0,"cards_obtained":["Power Through"]},{"damage_healed":0,"gold_gain":0,"player_choice":"Upgraded","damage_taken":0,"max_hp_gain":0,"max_hp_loss":0,"event_name":"Upgrade Shrine","floor":3,"gold_loss":0,"cards_upgraded":["True Grit"]},{"damage_healed":0,"gold_gain":175,"player_choice":"AGREE","damage_taken":0,"max_hp_gain":0,"max_hp_loss":0,"event_name":"Liars Game","floor":11,"gold_loss":0,"cards_obtained":["Doubt"]},{"damage_healed":0,"gold_gain":0,"player_choice":"Opened","damage_taken":0,"relics_obtained":["Boot"],"max_hp_gain":0,"max_hp_loss":0,"event_name":"The Mausoleum","floor":27,"gold_loss":0,"cards_obtained":["Writhe"]}],"is_beta":false,"boss_relics":[{"not_picked":["Astrolabe","Empty Cage"],"picked":"Sozu"}],"items_purged_floors":[14],"is_endless":false,"potions_floor_spawned":[4,6,8,10,19,22,29,31],"killed_by":"Collector","ascension_level":1}