{"gold_per_floor":[218,293,293,293,32,67,67,100,100,111,136,136,61,61,61,162,162,133,93,110,110,120,120],"floor_reached":23,"playtime":1288,"items_purged":[],"score":240,"play_id":"1306084d-362e-4060-8795-1a2564185d8a","local_time":"20181116013902","is_ascension_mode":true,"campfire_choices":[{"floor":7.0,"key":"REST"},{"floor":12.0,"key":"REST"},{"floor":15.0,"key":"REST"}],"neow_cost":"NONE","seed_source_timestamp":0,"circlet_count":0,"master_deck":["Defend_G","Defend_G","Defend_G+1","Defend_G","Defend_G","Strike_G","Strike_G","Strike_G","Strike_G+1","Strike_G","Survivor","Neutralize","Poisoned Stab","Bane","Cloak And Dagger","Sucker Punch","Terror","Noxious Fumes","PiercingWail","Die Die Die","Dagger Spray+1","Predator","Crippling Poison"],"special_seed":0,"relics":["Ring of the Snake","StoneCalendar","Ornamental Fan","Snake Skull","Pear","The Courier","Mango","Black Star"],"potions_floor_usage":[],"damage_taken":[{"damage":2.0,"enemies":"Jaw Worm","floor":1.0,"turns":8.0},{"damage":12.0,"enemies":"3 Sentries","floor":6.0,"turns":7.0},{"damage":20.0,"enemies":"Gremlin Nob","floor":8.0,"turns":5.0},{"damage":2.0,"enemies":"Small Slimes","floor":10.0,"turns":3.0},{"damage":17.0,"enemies":"Lagavulin","floor":11.0,"turns":7.0},{"damage":9.0,"enemies":"Slime Boss","floor":16.0,"turns":7.0},{"damage":22.0,"enemies":"2 Thieves","floor":18.0,"turns":5.0},{"damage":10.0,"enemies":"Spheric Guardian","floor":20.0,"turns":6.0},{"damage":22.0,"enemies":"Colosseum Slavers","floor":21.0,"turns":4.0},{"damage":34,"enemies":"Shelled Parasite and Fungi","floor":22,"turns":8},{"damage":8,"enemies":"Slavers","floor":23,"turns":1}],"seed_played":"-2214808222813345295","potions_obtained":[{"floor":8.0,"key":"SteroidPotion"},{"floor":10.0,"key":"Explosive Potion"},{"floor":14.0,"key":"LiquidBronze"},{"floor":14.0,"key":"Poison Potion"},{"floor":19.0,"key":"SkillPotion"},{"floor":19.0,"key":"SneckoOil"},{"floor":19.0,"key":"Strength Potion"}],"is_trial":false,"path_per_floor":["M","?","?","?","$","E","R","E","T","M","E","R","$","?","R","B",null,"M","?","M","?","M","E"],"character_chosen":"THE_SILENT","items_purchased":["Ornamental Fan","Noxious Fumes","PiercingWail"],"campfire_rested":3,"item_purchase_floors":[5,13,13],"current_hp_per_floor":[68,57,39,25,25,13,34,24,24,22,19,47,47,47,75,66,94,72,72,62,40,6,0],"gold":120,"neow_bonus":"HUNDRED_GOLD","is_prod":false,"is_daily":false,"chose_seed":false,"campfire_upgraded":0,"win_rate":0,"timestamp":1542361142,"path_taken":["M","?","?","?","?","E","R","E","T","M","E","R","$","?","R","BOSS","M","?","?","?","M","E"],"build_version":"2018-11-15","purchased_purges":0,"victory":false,"max_hp_per_floor":[70,70,70,70,70,70,70,80,80,80,94,94,94,94,94,94,94,94,94,94,94,94,94],"card_choices":[{"not_picked":["Quick Slash","Backflip"],"picked":"Poisoned Stab","floor":1.0},{"not_picked":["Backstab","Prepared"],"picked":"Bane","floor":6.0},{"not_picked":["Masterful Stab","Quick Slash"],"picked":"Cloak And Dagger","floor":8.0},{"not_picked":["Dagger Throw","Flying Knee"],"picked":"Sucker Punch","floor":10.0},{"not_picked":["Distraction","Reflex"],"picked":"Terror","floor":11.0},{"not_picked":["Grand Finale","Doppelganger"],"picked":"Die Die Die","floor":16.0},{"not_picked":["Riddle With Holes+1","Prepared"],"picked":"Dagger Spray+1","floor":18.0},{"not_picked":["Backstab","Dagger Spray"],"picked":"Predator","floor":20.0},{"not_picked":["Acrobatics","Tactician"],"picked":"Crippling Poison","floor":22}],"player_experience":64080,"relics_obtained":[{"floor":6.0,"key":"Snake Skull"},{"floor":8.0,"key":"Pear"},{"floor":9.0,"key":"The Courier"},{"floor":11.0,"key":"Mango"}],"event_choices":[{"damage_healed":0.0,"max_hp_gain":0.0,"max_hp_loss":0.0,"gold_gain":75.0,"event_name":"World of Goop","player_choice":"Gather Gold","floor":2.0,"gold_loss":0.0,"damage_taken":11.0},{"damage_healed":0.0,"max_hp_gain":0.0,"max_hp_loss":0.0,"gold_gain":0.0,"event_name":"Scrap Ooze","player_choice":"Success","floor":3.0,"gold_loss":0.0,"damage_taken":18.0,"relics_obtained":["StoneCalendar"]},{"damage_healed":0.0,"max_hp_gain":0.0,"max_hp_loss":0.0,"gold_gain":0.0,"event_name":"Shining Light","player_choice":"Entered Light","floor":4.0,"gold_loss":0.0,"damage_taken":14.0,"cards_upgraded":["Strike_G","Defend_G"]},{"damage_healed":0.0,"max_hp_gain":0.0,"max_hp_loss":0.0,"gold_gain":0.0,"event_name":"Lab","player_choice":"Got Potions","floor":14.0,"gold_loss":0.0,"damage_taken":0.0},{"damage_healed":0.0,"max_hp_gain":0.0,"max_hp_loss":0.0,"gold_gain":0.0,"event_name":"The Woman in Blue","player_choice":"Bought 3 Potions","floor":19.0,"gold_loss":0.0,"damage_taken":0.0},{"damage_healed":0.0,"max_hp_gain":0.0,"max_hp_loss":0.0,"gold_gain":0.0,"event_name":"Colosseum","player_choice":"Fight","floor":21.0,"gold_loss":0.0,"damage_taken":0.0},{"damage_healed":0.0,"max_hp_gain":0.0,"max_hp_loss":0.0,"gold_gain":0.0,"event_name":"Colosseum","player_choice":"Fled From Nobs","floor":21.0,"gold_loss":0.0,"damage_taken":0.0}],"is_beta":false,"boss_relics":[{"not_picked":["Astrolabe","Runic Dome"],"picked":"Black Star"}],"items_purged_floors":[],"is_endless":false,"potions_floor_spawned":[8,10,21],"killed_by":"Slavers","ascension_level":1}