{"gold_per_floor":[109,129,129,56,66,96,96,110,186,213,225,237,261,285,297,407,419,451,274,290,309,329,387,387,398,398,398,416,484,484,241,241,241],"floor_reached":33,"playtime":1818,"items_purged":["Strike_G","Strike_G"],"score":279,"play_id":"866b83d8-9fe3-445a-998f-51bea91ed747","local_time":"20190109174135","is_ascension_mode":false,"campfire_choices":[{"data":"Tools of the Trade","floor":7,"key":"SMITH"},{"data":"Prepared","floor":12,"key":"SMITH"},{"floor":15,"key":"REST"},{"floor":24,"key":"REST"},{"floor":30,"key":"REST"},{"floor":32,"key":"REST"}],"neow_cost":"NONE","seed_source_timestamp":87694738485261,"circlet_count":0,"master_deck":["Defend_G","Defend_G","Defend_G","Defend_G","Defend_G","Strike_G","Strike_G","Survivor","Neutralize","Prepared+1","Poisoned Stab","Cloak And Dagger","Tools of the Trade+1","Die Die Die","Underhanded Strike","Sucker Punch","Crippling Poison","Iron Wave","Bane","Noxious Fumes","Die Die Die","Dash","Leg Sweep","Footwork","Bouncing Flask","Flechettes","Escape Plan+1"],"relics":["Ring of the Snake","Unceasing Top","Ninja Scroll","MawBank","Snecko Eye","Tiny Chest","Bottled Flame","Kunai","Bronze Scales"],"potions_floor_usage":[10,28],"damage_taken":[{"damage":0,"enemies":"2 Louse","floor":1,"turns":3},{"damage":2,"enemies":"Small Slimes","floor":2,"turns":4},{"damage":1,"enemies":"Cultist","floor":5,"turns":4},{"damage":15,"enemies":"3 Sentries","floor":6,"turns":8},{"damage":0,"enemies":"Large Slime","floor":8,"turns":6},{"damage":16,"enemies":"Gremlin Nob","floor":10,"turns":4},{"damage":3,"enemies":"Blue Slaver","floor":13,"turns":4},{"damage":0,"enemies":"Exordium Wildlife","floor":14,"turns":3},{"damage":37,"enemies":"Slime Boss","floor":16,"turns":10},{"damage":5,"enemies":"2 Thieves","floor":18,"turns":3},{"damage":0,"enemies":"Shell Parasite","floor":20,"turns":7},{"damage":14,"enemies":"Snake Plant","floor":21,"turns":5},{"damage":11,"enemies":"3 Cultists","floor":22,"turns":5},{"damage":30,"enemies":"Gremlin Leader","floor":23,"turns":7},{"damage":0,"enemies":"Snecko","floor":25,"turns":4},{"damage":22,"enemies":"Colosseum Slavers","floor":27,"turns":5},{"damage":8,"enemies":"Snake Plant","floor":28,"turns":5},{"damage":47,"enemies":"Automaton","floor":33,"turns":6}],"seed_played":"6623706356017186319","potions_obtained":[{"floor":1,"key":"FearPotion"},{"floor":10,"key":"PowerPotion"},{"floor":13,"key":"LiquidBronze"},{"floor":20,"key":"Dexterity Potion"},{"floor":28,"key":"Ancient Potion"}],"is_trial":false,"path_per_floor":["M","M","?","$","M","E","R","M","T","E","?","R","M","M","R","B",null,"M","$","M","M","M","E","R","M","T","?","M","T","R","$","R","B"],"character_chosen":"THE_SILENT","items_purchased":["Tools of the Trade","Leg Sweep","Footwork","Bronze Scales"],"campfire_rested":4,"item_purchase_floors":[4,19,19,31],"current_hp_per_floor":[70,68,68,68,67,52,52,52,52,36,36,36,33,33,54,17,70,65,65,65,51,40,10,31,31,31,9,1,1,22,22,43,0],"gold":241,"neow_bonus":"THREE_CARDS","is_prod":false,"is_daily":false,"chose_seed":false,"campfire_upgraded":2,"win_rate":0,"timestamp":1547026895,"path_taken":["M","M","?","$","M","E","R","M","T","E","?","R","M","M","R","BOSS","M","$","M","M","M","E","R","?","T","?","M","?","R","$","R","BOSS"],"build_version":"2019-01-03v4","purchased_purges":2,"victory":false,"max_hp_per_floor":[70,70,70,70,70,70,70,70,70,70,70,70,70,70,70,70,70,70,70,70,70,70,70,70,70,70,70,70,70,70,70,70,70],"card_choices":[{"not_picked":["Endless Agony","Escape Plan"],"picked":"Prepared","floor":0},{"not_picked":["Riddle With Holes","Dodge and Roll"],"picked":"Poisoned Stab","floor":1},{"not_picked":["Escape Plan","Poisoned Stab"],"picked":"Cloak And Dagger","floor":2},{"not_picked":["Slice","Flying Knee"],"picked":"Die Die Die","floor":5},{"not_picked":["Blur","Infinite Blades"],"picked":"Underhanded Strike","floor":6},{"not_picked":["Acrobatics","Blade Dance"],"picked":"Sucker Punch","floor":8},{"not_picked":["Blade Dance","Skewer"],"picked":"Crippling Poison","floor":10},{"not_picked":["Deadly Poison","Cloak And Dagger"],"picked":"Bane","floor":13},{"not_picked":["Tools of the Trade","Skewer"],"picked":"Noxious Fumes","floor":14},{"not_picked":["A Thousand Cuts","Storm of Steel"],"picked":"Die Die Die","floor":16},{"not_picked":["All Out Attack","Riddle With Holes"],"picked":"Dash","floor":18},{"not_picked":["Blade Dance","Heel Hook"],"picked":"Bouncing Flask","floor":20},{"not_picked":["Deflect","Blade Dance+1"],"picked":"Flechettes","floor":21},{"not_picked":["Slice+1","Expertise","A Thousand Cuts"],"picked":"SKIP","floor":22},{"not_picked":["Dash","Glass Knife"],"picked":"Escape Plan+1","floor":23},{"not_picked":["Dagger Throw","Dodge and Roll","Deflect"],"picked":"SKIP","floor":25},{"not_picked":["Slice","Finisher","Concentrate"],"picked":"SKIP","floor":28}],"player_experience":593069,"relics_obtained":[{"floor":6,"key":"Unceasing Top"},{"floor":9,"key":"Ninja Scroll"},{"floor":10,"key":"MawBank"},{"floor":23,"key":"Tiny Chest"},{"floor":26,"key":"Bottled Flame"},{"floor":29,"key":"Kunai"}],"event_choices":[{"damage_healed":0,"gold_gain":0,"player_choice":"Ignored","damage_taken":0,"max_hp_gain":0,"max_hp_loss":0,"event_name":"Shining Light","floor":3,"gold_loss":0},{"cards_removed":["Strike_G"],"damage_healed":0,"gold_gain":0,"player_choice":"Took Card","damage_taken":0,"max_hp_gain":0,"max_hp_loss":0,"event_name":"NoteForYourself","floor":11,"gold_loss":0,"cards_obtained":["Iron Wave"]},{"damage_healed":0,"gold_gain":0,"player_choice":"Fight","damage_taken":0,"max_hp_gain":0,"max_hp_loss":0,"event_name":"Colosseum","floor":27,"gold_loss":0},{"damage_healed":0,"gold_gain":0,"player_choice":"Fled From Nobs","damage_taken":0,"max_hp_gain":0,"max_hp_loss":0,"event_name":"Colosseum","floor":27,"gold_loss":0}],"is_beta":false,"boss_relics":[{"not_picked":["Black Star","Runic Pyramid"],"picked":"Snecko Eye"}],"items_purged_floors":[19,31],"is_endless":false,"potions_floor_spawned":[1,10,13,20,21,23,27,28],"killed_by":"Automaton","ascension_level":0}