{"gold_per_floor":[114,114,39,57,73,98,98,118,173,188,206,238,218,248,248,350,350,369,369,379,379,65,92,92,54,77,77,89,124,124,124,124,220,220,239,239,114,134,134,134,164,164,164,181,181,213,213,213,213,213],"floor_reached":50,"playtime":2526,"items_purged":["Strike_G","Strike_G","Acrobatics"],"score":579,"play_id":"184b33ca-0ff6-4c86-bfa9-dd6aa4a92db1","local_time":"20190125130502","is_ascension_mode":false,"campfire_choices":[{"floor":7,"key":"REST"},{"floor":15,"key":"REST"},{"data":"Catalyst","floor":24,"key":"SMITH"},{"data":"Noxious Fumes","floor":27,"key":"SMITH"},{"floor":32,"key":"REST"},{"data":"Bouncing Flask","floor":40,"key":"SMITH"},{"data":"Neutralize","floor":42,"key":"SMITH"},{"data":"Footwork","floor":49,"key":"SMITH"}],"neow_cost":"NONE","seed_source_timestamp":417094122585578,"circlet_count":0,"master_deck":["Defend_G","Defend_G","Defend_G","Strike_G","Survivor","Neutralize+1","Catalyst+1","Dagger Spray","Noxious Fumes+1","Bouncing Flask+1","Deflect","Poisoned Stab","Dagger Spray","Bouncing Flask+1","Dagger Spray+1","Calculated Gamble+1","Deadly Poison","Bouncing Flask+1","Backstab","Footwork+1","Prepared+1","Dramatic Entrance"],"relics":["Ring of the Snake","Orichalcum","Bag of Preparation","Tiny Chest","Bag of Marbles","Dream Catcher","Empty Cage","Matryoshka","Centennial Puzzle","Darkstone Periapt","Lantern","Omamori","War Paint","Blood Vial","Juzu Bracelet","Busted Crown","Mercury Hourglass","Bird Faced Urn","Smiling Mask"],"potions_floor_usage":[12,14,20,23,23,33,50,50],"damage_taken":[{"damage":4,"enemies":"Cultist","floor":1,"turns":5},{"damage":0,"enemies":"2 Louse","floor":4,"turns":5},{"damage":2,"enemies":"Jaw Worm","floor":5,"turns":5},{"damage":24,"enemies":"3 Sentries","floor":6,"turns":7},{"damage":6,"enemies":"3 Louse","floor":8,"turns":4},{"damage":8,"enemies":"Red Slaver","floor":10,"turns":5},{"damage":11,"enemies":"Blue Slaver","floor":11,"turns":5},{"damage":8,"enemies":"Lagavulin","floor":12,"turns":5},{"damage":17,"enemies":"3 Sentries","floor":14,"turns":6},{"damage":15,"enemies":"Hexaghost","floor":16,"turns":8},{"damage":0,"enemies":"Spheric Guardian","floor":18,"turns":3},{"damage":34,"enemies":"3 Byrds","floor":20,"turns":6},{"damage":11,"enemies":"Book of Stabbing","floor":23,"turns":5},{"damage":5,"enemies":"Snecko","floor":28,"turns":3},{"damage":18,"enemies":"Gremlin Leader","floor":29,"turns":4},{"damage":41,"enemies":"Champ","floor":33,"turns":7},{"damage":18,"enemies":"3 Shapes","floor":35,"turns":3},{"damage":6,"enemies":"Orb Walker","floor":38,"turns":3},{"damage":5,"enemies":"Giant Head","floor":41,"turns":5},{"damage":7,"enemies":"3 Darklings","floor":44,"turns":4},{"damage":28,"enemies":"Nemesis","floor":46,"turns":5},{"damage":77,"enemies":"Donu and Deca","floor":50,"turns":6}],"seed_played":"1530368453796585437","potions_obtained":[{"floor":1,"key":"Energy Potion"},{"floor":8,"key":"Block Potion"},{"floor":10,"key":"Block Potion"},{"floor":13,"key":"Fruit Juice"},{"floor":16,"key":"EssenceOfSteel"},{"floor":23,"key":"PowerPotion"},{"floor":28,"key":"Block Potion"},{"floor":41,"key":"Ancient Potion"},{"floor":44,"key":"Dexterity Potion"}],"is_trial":false,"path_per_floor":["M","?","$","M","M","E","R","M","T","M","M","E","?","E","R","B",null,"M","T","M","T","$","E","R","$","T","R","M","E","?","?","R","B",null,"M","?","$","M","$","R","E","R","T","M","?","E","?","?","R","B"],"character_chosen":"THE_SILENT","items_purchased":["Bouncing Flask","Lantern","Calculated Gamble"],"campfire_rested":3,"item_purchase_floors":[22,22,25],"current_hp_per_floor":[73,55,55,55,53,29,52,46,46,38,27,19,19,7,31,16,82,82,82,48,48,48,37,37,37,37,37,34,18,18,18,42,3,82,64,64,64,60,60,60,57,57,57,56,56,32,72,72,72,0],"gold":213,"neow_bonus":"TEN_PERCENT_HP_BONUS","is_prod":false,"is_daily":false,"chose_seed":false,"campfire_upgraded":5,"win_rate":0.0,"timestamp":1548443102,"path_taken":["M","?","$","M","M","E","R","M","T","M","M","E","?","E","R","BOSS","M","?","M","?","$","E","R","$","T","R","M","E","?","?","R","BOSS","M","?","$","M","$","R","E","R","T","M","?","E","?","?","R","BOSS"],"build_version":"2019-01-23","purchased_purges":3,"victory":false,"max_hp_per_floor":[77,77,77,77,77,77,77,77,77,77,77,77,77,82,82,82,82,82,82,82,82,82,82,82,82,82,82,82,82,82,82,82,82,82,82,82,82,82,82,82,82,82,82,82,82,82,72,72,72,72],"card_choices":[{"not_picked":["PiercingWail","Flying Knee"],"picked":"Catalyst","floor":1},{"not_picked":["Masterful Stab","Acrobatics"],"picked":"Dagger Spray","floor":4},{"not_picked":["Blur","Slice"],"picked":"Noxious Fumes","floor":5},{"not_picked":["All Out Attack","Distraction"],"picked":"Bouncing Flask","floor":6},{"not_picked":["Infinite Blades","Acrobatics","Unload"],"picked":"SKIP","floor":8},{"not_picked":["Acrobatics","Leg Sweep","Deflect"],"picked":"SKIP","floor":10},{"not_picked":["Outmaneuver","Dodge and Roll"],"picked":"Deflect","floor":11},{"not_picked":["Crippling Poison","Quick Slash"],"picked":"Poisoned Stab","floor":12},{"not_picked":["Acrobatics","Finisher"],"picked":"Dagger Spray","floor":14},{"not_picked":["Doppelganger","Corpse Explosion"],"picked":"Envenom","floor":16},{"not_picked":["Flechettes","Acrobatics","Finisher"],"picked":"SKIP","floor":18},{"not_picked":["Caltrops","Deflect","Quick Slash+1"],"picked":"SKIP","floor":20},{"not_picked":["Slice+1","Leg Sweep+1"],"picked":"Dagger Spray+1","floor":23},{"not_picked":["Poisoned Stab+1","Prepared"],"picked":"Deadly Poison","floor":28},{"not_picked":["Blade Dance","Bullet Time"],"picked":"Bouncing Flask+1","floor":29},{"not_picked":["Finisher+1"],"picked":"SKIP","floor":35},{"not_picked":["Flechettes"],"picked":"SKIP","floor":38},{"not_picked":["Crippling Poison+1"],"picked":"SKIP","floor":41},{"not_picked":["Acrobatics+1"],"picked":"SKIP","floor":44},{"not_picked":[],"picked":"Prepared+1","floor":46},{"not_picked":[],"picked":"Dramatic Entrance","floor":48}],"player_experience":168532,"relics_obtained":[{"floor":6,"key":"Bag of Preparation"},{"floor":9,"key":"Tiny Chest"},{"floor":12,"key":"Bag of Marbles"},{"floor":14,"key":"Dream Catcher"},{"floor":19,"key":"Matryoshka"},{"floor":21,"key":"Centennial Puzzle"},{"floor":21,"key":"Darkstone Periapt"},{"floor":23,"key":"Omamori"},{"floor":26,"key":"War Paint"},{"floor":26,"key":"Blood Vial"},{"floor":29,"key":"Juzu Bracelet"},{"floor":41,"key":"Mercury Hourglass"},{"floor":43,"key":"Bird Faced Urn"},{"floor":46,"key":"Smiling Mask"}],"event_choices":[{"damage_healed":0,"gold_gain":0,"player_choice":"Success","damage_taken":18,"relics_obtained":["Orichalcum"],"max_hp_gain":0,"max_hp_loss":0,"event_name":"Scrap Ooze","floor":2,"gold_loss":0},{"damage_healed":0,"gold_gain":0,"player_choice":"Bought 1 Potion","damage_taken":0,"max_hp_gain":0,"max_hp_loss":0,"event_name":"The Woman in Blue","floor":13,"gold_loss":0},{"damage_healed":0,"gold_gain":0,"player_choice":"1 cards matched","damage_taken":0,"max_hp_gain":0,"max_hp_loss":0,"event_name":"Match and Keep!","floor":30,"gold_loss":0,"cards_obtained":["Backstab"]},{"damage_healed":0,"gold_gain":0,"cards_transformed":["Defend_G","Defend_G"],"player_choice":"Became Test Subject","damage_taken":0,"max_hp_gain":0,"max_hp_loss":0,"event_name":"Drug Dealer","floor":31,"gold_loss":0,"cards_obtained":["Acrobatics","Footwork"]},{"cards_removed":["Envenom"],"damage_healed":0,"gold_gain":0,"player_choice":"Removed Power","damage_taken":0,"max_hp_gain":0,"max_hp_loss":0,"event_name":"Falling","floor":36,"gold_loss":0},{"damage_healed":0,"gold_gain":0,"player_choice":"Ignored","damage_taken":0,"max_hp_gain":0,"max_hp_loss":0,"event_name":"Tomb of Lord Red Mask","floor":45,"gold_loss":0},{"damage_healed":72,"gold_gain":0,"player_choice":"Heal","damage_taken":0,"max_hp_gain":0,"max_hp_loss":10,"event_name":"The Moai Head","floor":47,"gold_loss":0},{"damage_healed":0,"gold_gain":0,"player_choice":"Memory 1","damage_taken":0,"max_hp_gain":0,"max_hp_loss":0,"event_name":"SensoryStone","floor":48,"gold_loss":0}],"is_beta":false,"boss_relics":[{"not_picked":["Ectoplasm","Fusion Hammer"],"picked":"Empty Cage"},{"not_picked":["Runic Dome","Black Star"],"picked":"Busted Crown"}],"items_purged_floors":[3,22,37],"is_endless":false,"potions_floor_spawned":[1,8,10,16,18,23,28,41,44],"killed_by":"Donu and Deca","ascension_level":0}