{"gold_per_floor":[117,292,292,16,16,16,36,36,63,63,25,37,57,70,70,167,167,179,197,197,197],"floor_reached":21,"playtime":701,"items_purged":["Doubt"],"score":169,"play_id":"9c98285e-8faf-48f0-92f8-1c9adf719867","local_time":"20180721170820","is_ascension_mode":false,"campfire_choices":[{"data":"Zap","floor":6,"key":"SMITH"},{"data":"Leap","floor":8,"key":"SMITH"},{"data":"Streamline","floor":10,"key":"SMITH"},{"floor":15,"key":"REST"}],"neow_cost":"NONE","seed_source_timestamp":539434267729266,"circlet_count":0,"master_deck":["Strike_B","Strike_B","Strike_B","Strike_B+1","Defend_B","Defend_B","Defend_B","Defend_B","Zap+1","Dualcast","Machine Learning","Streamline+1","Hyperbeam","Self Repair","Leap+1","Leap+1","Defragment","Ball Lightning","All For One"],"relics":["Cracked Core","Dream Catcher","Regal Pillow"],"potions_floor_usage":[21,21],"damage_taken":[{"damage":6,"enemies":"Jaw Worm","floor":1,"turns":3},{"damage":7,"enemies":"Small Slimes","floor":7,"turns":2},{"damage":7,"enemies":"2 Louse","floor":12,"turns":2},{"damage":16,"enemies":"Exordium Wildlife","floor":13,"turns":4},{"damage":0,"enemies":"3 Louse","floor":14,"turns":1},{"damage":36,"enemies":"The Guardian","floor":16,"turns":12},{"damage":20,"enemies":"Spheric Guardian","floor":18,"turns":4},{"damage":27,"enemies":"3 Byrds","floor":19,"turns":4},{"damage":51,"enemies":"Slaver and Parasite","floor":21,"turns":6}],"seed_played":"-3374578895488273356","potions_obtained":[{"floor":1,"key":"LiquidBronze"},{"floor":12,"key":"PowerPotion"},{"floor":14,"key":"EssenceOfSteel"},{"floor":16,"key":"Fruit Juice"}],"is_trial":false,"path_per_floor":["M","?","?","$","?","R","M","R","T","R","$","M","M","M","R","B",null,"M","M","?"],"character_chosen":"DEFECT","items_purchased":["Hyperbeam","Self Repair","Leap","Defragment"],"campfire_rested":1,"item_purchase_floors":[4,4,4,11],"current_hp_per_floor":[69,69,62,62,47,47,47,47,47,47,47,47,38,45,75,46,75,62,42,42,0],"gold":197,"neow_bonus":"ONE_RANDOM_RARE_CARD","is_prod":false,"is_daily":false,"chose_seed":false,"campfire_upgraded":3,"win_rate":0.0,"timestamp":1532164100,"path_taken":["M","?","?","$","?","R","M","R","T","R","$","M","?","?","R","BOSS","M","M","?","M"],"build_version":"2018-07-19v2","purchased_purges":1,"victory":false,"max_hp_per_floor":[75,75,75,75,75,75,75,75,75,75,75,75,75,75,75,75,75,75,75,75,80],"card_choices":[{"not_picked":["Chaos","Lockon"],"picked":"Streamline","floor":1},{"not_picked":["Stack","Barrage"],"picked":"Leap","floor":7},{"not_picked":["Beam Cell","Core Surge"],"picked":"Ball Lightning","floor":12},{"not_picked":["Hologram","Coolheaded","Compile Driver"],"picked":"SKIP","floor":13},{"not_picked":["Ball Lightning","Streamline","Self Repair"],"picked":"SKIP","floor":14},{"not_picked":["Core Surge","Electrodynamics"],"picked":"All For One","floor":16},{"not_picked":["Rebound+1","White Noise","Fusion"],"picked":"SKIP","floor":18},{"not_picked":["Chill","Glacier","Sweeping Beam"],"picked":"SKIP","floor":19}],"player_experience":36856,"relics_obtained":[{"floor":9,"key":"Regal Pillow"}],"event_choices":[{"event_name":"Liars Game","player_choice":"agreed","floor":2,"damage_taken":0},{"event_name":"Scrap Ooze","player_choice":"success","floor":3,"damage_taken":7},{"event_name":"Shining Light","player_choice":"Entered Light","floor":5,"damage_taken":0},{"event_name":"Ghosts","player_choice":"Ignored","floor":20,"damage_taken":0}],"is_beta":false,"boss_relics":[{"not_picked":["Coffee Dripper","Calling Bell","Fusion Hammer"]}],"items_purged_floors":[4],"is_endless":false,"potions_floor_spawned":[1,12,14,16],"killed_by":"Slaver and Parasite","ascension_level":0}