{"gold_per_floor":[14,14,24,35,46,77,77,104,128,128,147,35,35,48,48,144,144,161,175,15,34,34,69,69,81,161,172,182,200,200,200,200,302,302,316,330,230,245,245,264,264,276,327,342,0,0,12,26,26,26],"floor_reached":51,"playtime":3205,"items_purged":["Strike_B","Defend_B"],"score":687,"play_id":"04ea65b2-3036-4f9b-9cb0-8053df726131","local_time":"20190110175420","is_ascension_mode":false,"campfire_choices":[{"data":"Zap","floor":7,"key":"SMITH"},{"data":"Skim","floor":13,"key":"SMITH"},{"data":"Dualcast","floor":15,"key":"SMITH"},{"data":"Buffer","floor":24,"key":"SMITH"},{"data":"Doom and Gloom","floor":30,"key":"SMITH"},{"data":"Coolheaded","floor":32,"key":"SMITH"},{"data":"Leap","floor":41,"key":"SMITH"},{"floor":49,"key":"REST"}],"neow_cost":"NO_GOLD","seed_source_timestamp":336069413538800,"circlet_count":0,"master_deck":["Defend_B+1","Defend_B+1","Defend_B+1","Zap+1","Dualcast+1","Gash+1","Doom and Gloom+1","Steam+1","Gash+1","Gash+1","Gash+1","Hologram+1","Cold Snap+1","Skim+1","Buffer+1","Coolheaded+1","All For One+1","BootSequence+1","Chill+1","Scrape+1","Gash+1","Leap+1","Beam Cell+1","Defragment+1"],"relics":["Cracked Core","Du-Vu Doll","Bronze Scales","Strawberry","PreservedInsect","Empty Cage","Anchor","Pantograph","Runic Dome","Smiling Mask","Red Mask","Mark of the Bloom"],"potions_floor_usage":[28,48,50,50],"damage_taken":[{"damage":1,"enemies":"Cultist","floor":1,"turns":3},{"damage":6,"enemies":"Jaw Worm","floor":3,"turns":3},{"damage":0,"enemies":"2 Louse","floor":4,"turns":2},{"damage":8,"enemies":"Red Slaver","floor":5,"turns":3},{"damage":10,"enemies":"Lagavulin","floor":6,"turns":5},{"damage":26,"enemies":"Gremlin Nob","floor":8,"turns":3},{"damage":1,"enemies":"Gremlin Gang","floor":11,"turns":3},{"damage":0,"enemies":"Looter","floor":14,"turns":2},{"damage":20,"enemies":"The Guardian","floor":16,"turns":8},{"damage":0,"enemies":"Chosen","floor":18,"turns":4},{"damage":8,"enemies":"Spheric Guardian","floor":19,"turns":4},{"damage":0,"enemies":"Snecko","floor":21,"turns":3},{"damage":18,"enemies":"Book of Stabbing","floor":23,"turns":4},{"damage":0,"enemies":"Centurion and Healer","floor":25,"turns":3},{"damage":0,"enemies":"3 Cultists","floor":27,"turns":5},{"damage":15,"enemies":"Snecko","floor":28,"turns":7},{"damage":0,"enemies":"Shelled Parasite and Fungi","floor":29,"turns":4},{"damage":28,"enemies":"Automaton","floor":33,"turns":7},{"damage":0,"enemies":"3 Darklings","floor":35,"turns":3},{"damage":0,"enemies":"Orb Walker","floor":36,"turns":2},{"damage":3,"enemies":"Writhing Mass","floor":38,"turns":7},{"damage":0,"enemies":"Maw","floor":40,"turns":6},{"damage":0,"enemies":"3 Darklings","floor":42,"turns":4},{"damage":0,"enemies":"Jaw Worm Horde","floor":44,"turns":3},{"damage":0,"enemies":"Writhing Mass","floor":47,"turns":3},{"damage":0,"enemies":"Spire Growth","floor":48,"turns":3},{"damage":18,"enemies":"Donu and Deca","floor":50,"turns":8}],"seed_played":"-5372549292483758199","potions_obtained":[{"floor":4,"key":"Dexterity Potion"},{"floor":5,"key":"Strength Potion"},{"floor":8,"key":"PowerPotion"},{"floor":11,"key":"Ancient Potion"},{"floor":29,"key":"Swift Potion"}],"is_trial":false,"path_per_floor":["M","?","M","M","M","E","R","E","T","?","M","$","R","M","R","B",null,"M","M","$","M","?","E","R","M","T","M","M","M","R","$","R","B",null,"M","M","$","M","?","M","R","M","T","M","?","?","M","M","R","B",null],"character_chosen":"DEFECT","items_purchased":["Skim","All For One"],"campfire_rested":1,"item_purchase_floors":[12,20],"current_hp_per_floor":[74,74,68,68,60,50,50,31,31,31,30,30,30,30,30,10,82,82,74,74,74,74,56,56,56,56,56,41,41,41,41,41,38,82,82,82,82,79,79,79,79,79,79,79,79,79,79,79,79,61],"gold":26,"neow_bonus":"ONE_RARE_RELIC","is_prod":false,"is_daily":false,"chose_seed":false,"campfire_upgraded":7,"win_rate":0.0,"timestamp":1547142860,"path_taken":["M","?","M","M","M","E","R","E","T","?","M","$","R","M","R","BOSS","M","M","$","?","?","E","R","M","T","?","?","M","R","$","R","BOSS","M","M","$","?","?","M","R","M","T","M","?","?","M","?","R","BOSS"],"build_version":"2019-01-03v4","purchased_purges":2,"victory":true,"max_hp_per_floor":[75,75,75,75,75,75,75,82,82,82,82,82,82,82,82,82,82,82,82,82,82,82,82,82,82,82,82,82,82,82,82,82,82,82,82,82,82,82,82,82,82,82,82,82,82,82,82,82,82,82],"card_choices":[{"not_picked":["Rebound","Auto Shields"],"picked":"Gash","floor":1},{"not_picked":["Gash","Fusion"],"picked":"Steam","floor":3},{"not_picked":["Hologram","Conserve Battery"],"picked":"Gash","floor":4},{"not_picked":["Seek","Beam Cell"],"picked":"Gash","floor":5},{"not_picked":["Redo","Rebound"],"picked":"Gash","floor":6},{"not_picked":["Go for the Eyes","Compile Driver"],"picked":"Hologram","floor":8},{"not_picked":["Aggregate","Steam"],"picked":"Cold Snap","floor":11},{"not_picked":["Rebound","Thunder Strike","Ball Lightning"],"picked":"SKIP","floor":14},{"not_picked":["Meteor Strike","Biased Cognition"],"picked":"Buffer","floor":16},{"not_picked":["Blizzard","Compile Driver+1"],"picked":"Sweeping Beam","floor":18},{"not_picked":["Steam","Glacier+1"],"picked":"Coolheaded","floor":19},{"not_picked":["Chaos+1","Darkness","Turbo"],"picked":"SKIP","floor":21},{"not_picked":["Stack","Reboot","Ball Lightning"],"picked":"SKIP","floor":23},{"not_picked":["Coolheaded+1","Rebound"],"picked":"Chill+1","floor":25},{"not_picked":["Go for the Eyes","Storm"],"picked":"Scrape+1","floor":27},{"not_picked":["Steam","Rebound"],"picked":"Gash","floor":28},{"not_picked":["Barrage","Rip and Tear+1","BootSequence"],"picked":"SKIP","floor":29},{"not_picked":["Compile Driver","Cold Snap"],"picked":"Leap","floor":35},{"not_picked":["Compile Driver+1","Turbo+1"],"picked":"Beam Cell+1","floor":36},{"not_picked":["Biased Cognition","Consume"],"picked":"Defragment+1","floor":38},{"not_picked":["Streamline","Sweeping Beam+1","Hello World+1"],"picked":"SKIP","floor":40},{"not_picked":["Undo","Force Field+1","Loop"],"picked":"SKIP","floor":42},{"not_picked":["Stack+1","Rebound+1","Leap+1"],"picked":"SKIP","floor":44},{"not_picked":["Multi-Cast","White Noise","BootSequence+1"],"picked":"SKIP","floor":47},{"not_picked":["Static Discharge","Heatsinks","Melter+1"],"picked":"SKIP","floor":48}],"player_experience":73323,"relics_obtained":[{"floor":6,"key":"Bronze Scales"},{"floor":8,"key":"Strawberry"},{"floor":9,"key":"PreservedInsect"},{"floor":23,"key":"Anchor"},{"floor":26,"key":"Pantograph"},{"floor":43,"key":"Smiling Mask"}],"event_choices":[{"damage_healed":0,"gold_gain":0,"cards_transformed":["Strike_B"],"player_choice":"Change","damage_taken":0,"max_hp_gain":0,"max_hp_loss":0,"event_name":"Living Wall","floor":2,"gold_loss":0,"cards_obtained":["Doom and Gloom"]},{"damage_healed":0,"gold_gain":0,"player_choice":"Got Potions","damage_taken":0,"max_hp_gain":0,"max_hp_loss":0,"event_name":"Lab","floor":10,"gold_loss":0},{"damage_healed":0,"gold_gain":0,"player_choice":"1 cards matched","damage_taken":0,"max_hp_gain":0,"max_hp_loss":0,"event_name":"Match and Keep!","floor":22,"gold_loss":0,"cards_obtained":["BootSequence"]},{"cards_removed":["Sweeping Beam"],"damage_healed":0,"gold_gain":0,"player_choice":"Removed Attack","damage_taken":0,"max_hp_gain":0,"max_hp_loss":0,"event_name":"Falling","floor":39,"gold_loss":0},{"damage_healed":0,"gold_gain":0,"player_choice":"Paid","damage_taken":0,"relics_obtained":["Red Mask"],"max_hp_gain":0,"max_hp_loss":0,"event_name":"Tomb of Lord Red Mask","floor":45,"gold_loss":342},{"damage_healed":0,"gold_gain":0,"player_choice":"Upgrade","damage_taken":0,"relics_obtained":["Mark of the Bloom"],"max_hp_gain":0,"max_hp_loss":0,"event_name":"MindBloom","floor":46,"gold_loss":0,"cards_upgraded":["Defend_B","Defend_B","Defend_B","Gash","Steam","Gash","Gash","Gash","Hologram","Cold Snap","All For One","BootSequence","Gash"]}],"is_beta":false,"boss_relics":[{"not_picked":["Lizard Tail","Calling Bell"],"picked":"Empty Cage"},{"not_picked":["Velvet Choker","Tiny House"],"picked":"Runic Dome"}],"items_purged_floors":[12,37],"is_endless":false,"potions_floor_spawned":[4,5,8,11,19,21,25,29,35,40,44,47],"ascension_level":0}