{"gold_per_floor":[20,20,20,37,37,37,37,70,70,70,98,108,108,120,120,222,222,241,166,166,183,33,33],"floor_reached":23,"playtime":726,"items_purged":["Pain","Strike_R"],"score":321,"play_id":"07c2897d-7810-493e-aeb6-fca033d54cf4","local_time":"20190117170956","is_ascension_mode":true,"campfire_choices":[{"data":"Bash","floor":6,"key":"SMITH"},{"floor":10,"key":"REST"},{"data":"Entrench","floor":15,"key":"SMITH"}],"neow_cost":"NO_GOLD","seed_source_timestamp":76134796812000,"circlet_count":0,"master_deck":["Strike_R","Strike_R","Defend_R","Defend_R","Defend_R","Defend_R","Bash+1","Body Slam","Cleave","Entrench+1","Immolate","Shrug It Off","Brutality","Clothesline","True Grit+1","Pommel Strike"],"relics":["Burning Blood","WarpedTongs","Red Skull","Pen Nib","Gremlin Horn","Runic Pyramid"],"potions_floor_usage":[21,21],"damage_taken":[{"damage":6,"enemies":"2 Louse","floor":1,"turns":2},{"damage":3,"enemies":"Cultist","floor":4,"turns":3},{"damage":55,"enemies":"Gremlin Nob","floor":8,"turns":5},{"damage":36,"enemies":"3 Sentries","floor":11,"turns":6},{"damage":4,"enemies":"Jaw Worm","floor":12,"turns":2},{"damage":2,"enemies":"Exordium Wildlife","floor":14,"turns":2},{"damage":6,"enemies":"Slime Boss","floor":16,"turns":5},{"damage":29,"enemies":"Spheric Guardian","floor":18,"turns":4},{"damage":19,"enemies":"Colosseum Slavers","floor":20,"turns":4},{"damage":25,"enemies":"Shell Parasite","floor":21,"turns":6},{"damage":12,"enemies":"Slavers","floor":23,"turns":1}],"seed_played":"5187111252889163313","potions_obtained":[{"floor":1,"key":"Energy Potion"},{"floor":8,"key":"Weak Potion"},{"floor":12,"key":"SkillPotion"},{"floor":14,"key":"Swift Potion"},{"floor":21,"key":"SkillPotion"}],"is_trial":false,"path_per_floor":["M","?","?","M","?","R","$","E","T","R","E","M","?","M","R","B",null,"M","$","?","M","$","E"],"character_chosen":"IRONCLAD","items_purchased":["Pommel Strike"],"campfire_rested":1,"item_purchase_floors":[22],"current_hp_per_floor":[72,72,72,75,72,72,72,23,23,47,17,19,19,23,23,23,66,43,43,30,11,11,0],"gold":33,"neow_bonus":"REMOVE_TWO","is_prod":false,"is_daily":false,"chose_seed":false,"campfire_upgraded":2,"win_rate":0,"timestamp":1547744996,"path_taken":["M","?","?","?","?","R","?","E","T","R","E","M","?","M","R","BOSS","M","$","?","M","$","E"],"build_version":"2019-01-10","purchased_purges":2,"victory":false,"max_hp_per_floor":[80,80,80,80,80,80,80,80,80,80,80,80,80,80,80,80,80,80,80,80,80,80,80],"card_choices":[{"not_picked":["Carnage","Warcry"],"picked":"Body Slam","floor":1},{"not_picked":["Havoc","Second Wind"],"picked":"Cleave","floor":4},{"not_picked":["Headbutt","Rage"],"picked":"Entrench","floor":8},{"not_picked":["Armaments","Bloodletting"],"picked":"Immolate","floor":11},{"not_picked":["Spot Weakness","Hemokinesis"],"picked":"Shrug It Off","floor":12},{"not_picked":["Havoc","Body Slam","Fire Breathing"],"picked":"SKIP","floor":14},{"not_picked":["Bludgeon","Juggernaut"],"picked":"Brutality","floor":16},{"not_picked":["Infernal Blade","Perfected Strike"],"picked":"Clothesline","floor":18},{"not_picked":["Havoc","Heavy Blade"],"picked":"True Grit+1","floor":21}],"player_experience":110725,"relics_obtained":[{"floor":8,"key":"Pen Nib"},{"floor":11,"key":"Gremlin Horn"}],"event_choices":[{"damage_healed":0,"gold_gain":0,"player_choice":"Leave","damage_taken":0,"max_hp_gain":0,"max_hp_loss":0,"event_name":"The Cleric","floor":2,"gold_loss":0},{"damage_healed":0,"gold_gain":0,"player_choice":"Rummage","damage_taken":0,"relics_obtained":["WarpedTongs"],"max_hp_gain":0,"max_hp_loss":0,"event_name":"Accursed Blacksmith","floor":3,"gold_loss":0,"cards_obtained":["Pain"]},{"damage_healed":0,"gold_gain":0,"player_choice":"Success","damage_taken":3,"relics_obtained":["Red Skull"],"max_hp_gain":0,"max_hp_loss":0,"event_name":"Scrap Ooze","floor":5,"gold_loss":0},{"damage_healed":0,"gold_gain":0,"player_choice":"Bought 0 Potions","damage_taken":0,"max_hp_gain":0,"max_hp_loss":0,"event_name":"The Woman in Blue","floor":13,"gold_loss":0},{"damage_healed":0,"gold_gain":0,"player_choice":"Fight","damage_taken":0,"max_hp_gain":0,"max_hp_loss":0,"event_name":"Colosseum","floor":20,"gold_loss":0},{"damage_healed":0,"gold_gain":0,"player_choice":"Fled From Nobs","damage_taken":0,"max_hp_gain":0,"max_hp_loss":0,"event_name":"Colosseum","floor":20,"gold_loss":0},{"damage_healed":0,"gold_gain":0,"player_choice":"Fled From Nobs","damage_taken":0,"max_hp_gain":0,"max_hp_loss":0,"event_name":"Colosseum","floor":20,"gold_loss":0}],"is_beta":false,"boss_relics":[{"not_picked":["Eternal Feather","Snecko Eye"],"picked":"Runic Pyramid"}],"items_purged_floors":[19,22],"is_endless":false,"potions_floor_spawned":[1,8,12,14,21],"killed_by":"Slavers","ascension_level":6}