{"gold_per_floor":[109,121,139,89,89,89,102,138,164,187,187,200,200,52,52,176,176,195,195,216,216,139,139,174,190,216,131,131,151,151,151],"floor_reached":31,"playtime":1431,"items_purged":["Strike_G"],"score":293,"play_id":"2c4dc7b3-ef48-4754-b591-656b4383a70f","local_time":"20190130185852","is_ascension_mode":true,"campfire_choices":[{"data":"Neutralize","floor":6,"key":"SMITH"},{"floor":13,"key":"REST"},{"data":"Footwork","floor":15,"key":"SMITH"},{"data":"Noxious Fumes","floor":23,"key":"SMITH"},{"data":"Adrenaline","floor":28,"key":"SMITH"}],"neow_cost":"NONE","seed_source_timestamp":919810436656854,"circlet_count":0,"master_deck":["Defend_G","Defend_G","Defend_G","Defend_G","Defend_G","Survivor","Neutralize+1","Dash+1","Terror","Quick Slash","Distraction","Bouncing Flask","Adrenaline+1","Flying Knee","Footwork+1","Venomology","Dodge and Roll+1","Noxious Fumes+1","Quick Slash+1","Adrenaline","Endless Agony","Noxious Fumes","Blur+1","Escape Plan+1","Writhe","Sucker Punch+1"],"relics":["Eternal Feather","Golden Idol","Lantern","Bronze Scales","Cursed Key","Boot","Whetstone","Happy Flower"],"potions_floor_usage":[18,20,20,24,24,25],"damage_taken":[{"damage":15,"enemies":"Cultist","floor":1,"turns":5},{"damage":2,"enemies":"Jaw Worm","floor":2,"turns":4},{"damage":1,"enemies":"2 Louse","floor":3,"turns":3},{"damage":13,"enemies":"Large Slime","floor":7,"turns":7},{"damage":28,"enemies":"3 Sentries","floor":8,"turns":14},{"damage":0,"enemies":"Blue Slaver","floor":10,"turns":3},{"damage":1,"enemies":"2 Fungi Beasts","floor":12,"turns":4},{"damage":24,"enemies":"Slime Boss","floor":16,"turns":14},{"damage":7,"enemies":"Spheric Guardian","floor":18,"turns":4},{"damage":0,"enemies":"Chosen","floor":20,"turns":4},{"damage":25,"enemies":"Slavers","floor":24,"turns":5},{"damage":7,"enemies":"Snecko","floor":25,"turns":6},{"damage":4,"enemies":"3 Cultists","floor":29,"turns":6},{"damage":46,"enemies":"Cultist and Chosen","floor":31,"turns":6}],"seed_played":"3821258559559451985","potions_obtained":[{"floor":1,"key":"Block Potion"},{"floor":7,"key":"Weak Potion"},{"floor":10,"key":"Swift Potion"},{"floor":29,"key":"SpeedPotion"}],"is_trial":false,"path_per_floor":["M","M","M","?","?","R","M","E","T","M","?","M","R","$","R","B",null,"M","?","M","?","$","R","E","M","T","?","R","M","?","M"],"character_chosen":"THE_SILENT","items_purchased":["Footwork","Noxious Fumes"],"campfire_rested":1,"item_purchase_floors":[14,22],"current_hp_per_floor":[55,53,52,52,52,58,45,17,17,17,10,9,37,37,46,22,65,58,58,58,58,58,65,40,33,33,33,48,44,44,0],"gold":151,"neow_bonus":"BOSS_RELIC","is_prod":false,"is_daily":false,"chose_seed":false,"campfire_upgraded":4,"win_rate":0,"timestamp":1548892732,"path_taken":["M","?","M","?","?","R","M","E","T","M","?","M","R","?","R","BOSS","M","?","M","?","$","R","E","M","T","?","R","?","?","M"],"build_version":"2019-01-23","purchased_purges":1,"victory":false,"max_hp_per_floor":[70,70,70,70,65,65,65,65,65,65,65,65,65,65,65,65,65,65,65,65,65,65,65,65,65,65,65,65,65,65,65],"card_choices":[{"not_picked":["Backflip","Bane"],"picked":"Dash","floor":1},{"not_picked":["Flying Knee","Dodge and Roll"],"picked":"Terror","floor":2},{"not_picked":["Masterful Stab","Slice"],"picked":"Quick Slash","floor":3},{"not_picked":["Slice","Terror"],"picked":"Distraction","floor":7},{"not_picked":["Prepared","Concentrate"],"picked":"Bouncing Flask","floor":8},{"not_picked":["Underhanded Strike","Slice"],"picked":"Adrenaline","floor":10},{"not_picked":["Infinite Blades","Dodge and Roll"],"picked":"Flying Knee","floor":12},{"not_picked":["Unload","Wraith Form v2"],"picked":"Venomology","floor":16},{"not_picked":["Poisoned Stab","Blade Dance"],"picked":"Dodge and Roll+1","floor":18},{"not_picked":["Heel Hook","Slice+1"],"picked":"Quick Slash","floor":20},{"not_picked":["Dagger Throw","Cloak And Dagger+1"],"picked":"Blur+1","floor":24},{"not_picked":["Acrobatics","Underhanded Strike"],"picked":"Escape Plan+1","floor":25},{"not_picked":["Poisoned Stab","Bane"],"picked":"Sucker Punch+1","floor":29}],"player_experience":130483,"relics_obtained":[{"floor":8,"key":"Lantern"},{"floor":9,"key":"Bronze Scales"},{"floor":24,"key":"Boot"},{"floor":26,"key":"Whetstone"}],"event_choices":[{"cards_removed":["Strike_G"],"damage_healed":0,"gold_gain":0,"player_choice":"Card Removal","damage_taken":0,"max_hp_gain":0,"max_hp_loss":0,"event_name":"The Cleric","floor":4,"gold_loss":50},{"damage_healed":0,"gold_gain":0,"player_choice":"Lose Max HP","damage_taken":0,"relics_obtained":["Golden Idol"],"max_hp_gain":0,"max_hp_loss":5,"event_name":"Golden Idol","floor":5,"gold_loss":0},{"cards_removed":["Strike_G"],"damage_healed":0,"gold_gain":0,"player_choice":"Card Removal","damage_taken":7,"max_hp_gain":0,"max_hp_loss":0,"event_name":"Golden Wing","floor":11,"gold_loss":0},{"damage_healed":0,"gold_gain":0,"player_choice":"Read","damage_taken":0,"max_hp_gain":0,"max_hp_loss":0,"event_name":"The Library","floor":19,"gold_loss":0,"cards_obtained":["Noxious Fumes"]},{"damage_healed":0,"gold_gain":0,"cards_transformed":["Strike_G","Strike_G"],"player_choice":"Became Test Subject","damage_taken":0,"max_hp_gain":0,"max_hp_loss":0,"event_name":"Drug Dealer","floor":21,"gold_loss":0,"cards_obtained":["Adrenaline","Endless Agony"]},{"damage_healed":0,"gold_gain":0,"player_choice":"Obtained Relic","damage_taken":0,"relics_obtained":["Happy Flower"],"max_hp_gain":0,"max_hp_loss":0,"event_name":"Addict","floor":27,"gold_loss":85},{"damage_healed":0,"gold_gain":0,"player_choice":"Ignored","damage_taken":0,"max_hp_gain":0,"max_hp_loss":0,"event_name":"Vampires","floor":30,"gold_loss":0}],"is_beta":false,"boss_relics":[{"not_picked":["Lizard Tail","Fusion Hammer"],"picked":"Cursed Key"}],"items_purged_floors":[14],"is_endless":false,"potions_floor_spawned":[1,7,10,29],"killed_by":"Cultist and Chosen","ascension_level":3}