{"gold_per_floor":[109,109,129,139,139,139,139,139,189,220,220,255,268,282,282,378,378,390,315,315,327,327,327,337,337,388,388,418,418,418,418,418,521,521,533,236,254,273,293,326,326,346,395,695,709,709,728,741,741,741],"floor_reached":50,"playtime":1768,"items_purged":["Strike_R","Bite"],"score":743,"play_id":"8df89aef-caed-4129-8ce8-fe11f1bc3342","local_time":"20190117181101","is_ascension_mode":true,"campfire_choices":[{"data":"Searing Blow+1","floor":6.0,"key":"SMITH"},{"data":"Searing Blow+2","floor":8.0,"key":"SMITH"},{"data":"Searing Blow+3","floor":11.0,"key":"SMITH"},{"data":"Searing Blow+4","floor":15.0,"key":"SMITH"},{"data":"Searing Blow+5","floor":23,"key":"SMITH"},{"data":"Searing Blow+6","floor":25,"key":"SMITH"},{"data":"Searing Blow+7","floor":27,"key":"SMITH"},{"data":"Searing Blow+8","floor":32,"key":"SMITH"},{"data":"Searing Blow+9","floor":41,"key":"SMITH"},{"data":"Searing Blow+10","floor":46,"key":"SMITH"},{"floor":49,"key":"RECALL"}],"neow_cost":"NONE","seed_source_timestamp":78664077110200,"circlet_count":0,"master_deck":["Defend_R+1","Defend_R","Bash+1","Searing Blow+11","Shrug It Off","Bite","Bite","Bite","Pommel Strike","Feed","Impervious","The Bomb+1","Combust+1","Heavy Blade+1","True Grit+1","Shrug It Off","Parasite","Bloodletting+1"],"special_seed":0,"relics":["Burning Blood","NeowsBlessing","Anchor","Red Skull","Orichalcum","Runic Dome","MutagenicStrength","Smiling Mask","Darkstone Periapt","Astrolabe","Pear","Potion Belt"],"potions_floor_usage":[33,33,47,50,50,50,50,50],"damage_taken":[{"damage":0.0,"enemies":"Cultist","floor":1.0,"turns":1.0},{"damage":0.0,"enemies":"Jaw Worm","floor":3.0,"turns":1.0},{"damage":0.0,"enemies":"2 Louse","floor":4.0,"turns":1.0},{"damage":25.0,"enemies":"Gremlin Nob","floor":10.0,"turns":4.0},{"damage":15.0,"enemies":"3 Sentries","floor":12.0,"turns":5.0},{"damage":3.0,"enemies":"Large Slime","floor":13.0,"turns":2.0},{"damage":0.0,"enemies":"Looter","floor":14.0,"turns":2.0},{"damage":34,"enemies":"The Guardian","floor":16,"turns":10},{"damage":16,"enemies":"3 Byrds","floor":18,"turns":6},{"damage":0,"enemies":"Spheric Guardian","floor":21,"turns":3},{"damage":6,"enemies":"Snake Plant","floor":24,"turns":2},{"damage":0,"enemies":"Gremlin Leader","floor":28,"turns":3},{"damage":55,"enemies":"Champ","floor":33,"turns":7},{"damage":18,"enemies":"3 Darklings","floor":35,"turns":4},{"damage":10,"enemies":"3 Shapes","floor":37,"turns":4},{"damage":2,"enemies":"3 Darklings","floor":38,"turns":3},{"damage":3,"enemies":"Spire Growth","floor":39,"turns":2},{"damage":63,"enemies":"Giant Head","floor":40,"turns":7},{"damage":7,"enemies":"4 Shapes","floor":42,"turns":4},{"damage":31,"enemies":"3 Darklings","floor":45,"turns":10},{"damage":11,"enemies":"Writhing Mass","floor":47,"turns":3},{"damage":28,"enemies":"Transient","floor":48,"turns":5},{"damage":37,"enemies":"Donu and Deca","floor":50,"turns":4}],"seed_played":"-4630564045683092297","potions_obtained":[{"floor":4.0,"key":"EssenceOfSteel"},{"floor":10.0,"key":"Weak Potion"},{"floor":12.0,"key":"Explosive Potion"},{"floor":28,"key":"Weak Potion"},{"floor":33,"key":"Regen Potion"},{"floor":35,"key":"AttackPotion"},{"floor":42,"key":"Energy Potion"},{"floor":45,"key":"Fire Potion"},{"floor":48,"key":"Weak Potion"}],"is_trial":false,"path_per_floor":["M","?","M","M","$","R","?","R","T","E","R","E","M","M","R","B",null,"M","$","?","M","?","R","M","R","T","R","E","?","?","?","R","B",null,"M","$","M","M","M","E","R","M","T","?","M","R","M","M","R","B"],"character_chosen":"IRONCLAD","items_purchased":["Pear"],"campfire_rested":0,"item_purchase_floors":[36],"current_hp_per_floor":[78,78,80,80,80,80,64,64,64,45,45,36,39,45,45,17,64,54,54,54,60,60,60,60,60,60,60,66,56,56,56,56,15,46,44,54,63,69,72,23,23,26,26,26,15,15,36,24,24,0],"gold":741,"neow_bonus":"THREE_ENEMY_KILL","is_prod":false,"is_daily":false,"chose_seed":false,"campfire_upgraded":10,"win_rate":0,"timestamp":1547748661,"path_taken":["M","?","M","?","$","R","?","R","T","E","R","E","M","M","R","BOSS","M","$","?","M","?","R","M","R","T","R","E","?","?","?","R","BOSS","M","$","M","M","M","E","R","M","T","?","M","R","M","?","R","BOSS"],"build_version":"2019-01-10","purchased_purges":2,"victory":false,"max_hp_per_floor":[80,80,80,80,80,80,80,80,80,80,80,80,80,80,80,80,80,80,80,80,80,80,80,80,80,80,80,80,56,56,56,56,56,56,56,66,69,69,72,72,72,72,72,72,72,72,81,81,81,81],"card_choices":[{"not_picked":["Thunderclap","Blood for Blood"],"picked":"Searing Blow","floor":1.0},{"not_picked":["Reckless Charge","Metallicize","Twin Strike"],"picked":"SKIP","floor":3.0},{"not_picked":["Iron Wave","Thunderclap","Dual Wield"],"picked":"SKIP","floor":4.0},{"not_picked":["Bludgeon","Sever Soul","Barricade"],"picked":"SKIP","floor":10.0},{"not_picked":["Entrench","Headbutt","Heavy Blade"],"picked":"SKIP","floor":12.0},{"not_picked":["Heavy Blade","Bloodletting"],"picked":"Shrug It Off","floor":13.0},{"not_picked":["Cleave","Body Slam","Uppercut"],"picked":"SKIP","floor":14.0},{"not_picked":["Headbutt+1","True Grit","Body Slam"],"picked":"SKIP","floor":18},{"not_picked":["Body Slam","Headbutt","Armaments"],"picked":"SKIP","floor":21},{"not_picked":["Flame Barrier","Sword Boomerang","Twin Strike+1"],"picked":"SKIP","floor":24},{"not_picked":["Inflame+1","Rampage","Rupture+1"],"picked":"SKIP","floor":28},{"not_picked":["Inflame+1","Rampage","Rupture+1"],"picked":"SKIP","floor":28},{"not_picked":["Barricade","Brutality"],"picked":"Impervious","floor":33},{"not_picked":["Wild Strike+1","Pummel+1","Heavy Blade+1"],"picked":"SKIP","floor":35},{"not_picked":["Havoc","Dropkick","Rage"],"picked":"SKIP","floor":37},{"not_picked":["Flex","Havoc+1","Reckless Charge+1"],"picked":"SKIP","floor":38},{"not_picked":["Headbutt+1","Power Through+1","Intimidate"],"picked":"SKIP","floor":39},{"not_picked":["Thunderclap","Heavy Blade+1"],"picked":"True Grit+1","floor":40},{"not_picked":["Impervious","Second Wind+1"],"picked":"Shrug It Off","floor":42},{"not_picked":["Uppercut","Feel No Pain+1","Armaments+1"],"picked":"SKIP","floor":45},{"not_picked":["Heavy Blade+1","Inflame"],"picked":"Bloodletting+1","floor":47},{"not_picked":["Pommel Strike+1","Demon Form","Iron Wave+1"],"picked":"SKIP","floor":48}],"player_experience":113205,"relics_obtained":[{"floor":9.0,"key":"Anchor"},{"floor":10.0,"key":"Red Skull"},{"floor":12.0,"key":"Orichalcum"},{"floor":26,"key":"Smiling Mask"},{"floor":28,"key":"Darkstone Periapt"},{"floor":40,"key":"Potion Belt"}],"event_choices":[{"damage_healed":0.0,"max_hp_gain":0.0,"max_hp_loss":0.0,"gold_gain":0.0,"event_name":"Accursed Blacksmith","player_choice":"Forge","floor":2.0,"gold_loss":0.0,"damage_taken":0.0,"cards_upgraded":["Searing Blow"]},{"damage_healed":0.0,"max_hp_gain":0.0,"max_hp_loss":0.0,"gold_gain":0.0,"event_name":"Shining Light","player_choice":"Entered Light","floor":7.0,"gold_loss":0.0,"damage_taken":16.0,"cards_upgraded":["Defend_R","Bash"]},{"damage_healed":0,"gold_gain":0,"player_choice":"Ignored","damage_taken":0,"max_hp_gain":0,"max_hp_loss":0,"event_name":"Ghosts","floor":20,"gold_loss":0},{"damage_healed":0,"gold_gain":0,"player_choice":"Inject Mutagens","damage_taken":0,"relics_obtained":["MutagenicStrength"],"max_hp_gain":0,"max_hp_loss":0,"event_name":"Drug Dealer","floor":22,"gold_loss":0},{"damage_healed":0,"gold_gain":0,"player_choice":"Became a vampire","damage_taken":0,"max_hp_gain":0,"max_hp_loss":24,"event_name":"Vampires","floor":29,"gold_loss":0,"cards_obtained":["Bite","Bite","Bite","Bite","Bite"]},{"damage_healed":0,"gold_gain":0,"player_choice":"Ignored","damage_taken":0,"max_hp_gain":0,"max_hp_loss":0,"event_name":"Cursed Tome","floor":30,"gold_loss":0},{"damage_healed":0,"gold_gain":0,"player_choice":"2 cards matched","damage_taken":0,"max_hp_gain":0,"max_hp_loss":0,"event_name":"Match and Keep!","floor":31,"gold_loss":0,"cards_obtained":["Pommel Strike","Feed"]},{"damage_healed":0,"gold_gain":300,"player_choice":"Gold","damage_taken":0,"max_hp_gain":0,"max_hp_loss":0,"event_name":"Wheel of Change","floor":44,"gold_loss":0}],"is_beta":false,"boss_relics":[{"not_picked":["Empty Cage","Busted Crown"],"picked":"Runic Dome"},{"not_picked":["White Beast Statue","Pandora\u0027s Box"],"picked":"Astrolabe"}],"items_purged_floors":[19,36],"is_endless":false,"potions_floor_spawned":[4,10,12,28,33,35,37,42,45,48],"killed_by":"Donu and Deca","ascension_level":6}