{"gold_per_floor":[115,115,127,144,244,244,306,320,347,295,321,321,337,287,287,386,386,398,497,13,13,24,57,57,75,98,20,55,71,102,102,102,207,207,227,227,227,227,244,244,261,284,307,8,25,39,39,52,52,52],"floor_reached":50,"playtime":3003,"items_purged":[],"score":560,"play_id":"63fe337f-96e4-4d02-9389-8ad42b261e0e","local_time":"20181130194347","is_ascension_mode":false,"campfire_choices":[{"data":"Metallicize","floor":6,"key":"SMITH"},{"floor":12,"key":"REST"},{"data":"Perfected Strike","floor":15,"key":"SMITH"},{"data":"Perfected Strike","floor":24,"key":"SMITH"},{"floor":32,"key":"REST"},{"floor":40,"key":"REST"},{"floor":49,"key":"REST"}],"neow_cost":"NONE","seed_source_timestamp":1374946779886969,"circlet_count":0,"master_deck":["Strike_R+1","Strike_R+1","Strike_R+1","Strike_R+1","Strike_R+1","Defend_R+1","Defend_R+1","Defend_R+1","Defend_R+1","Infernal Blade","Metallicize+1","Perfected Strike+1","Perfected Strike+1","Carnage","Ghostly Armor+1","Double Tap","Pommel Strike","Ghostly Armor","Metallicize","Twin Strike+1","Double Tap+1","Pommel Strike","Demon Form","Dramatic Entrance","Wild Strike","Impervious","Parasite","Twin Strike+1","Wild Strike","Wild Strike+1"],"relics":["Burning Blood","Ancient Tea Set","Tiny Chest","Boot","Gambling Chip","Runic Pyramid","Lantern","Sling","Strawberry","StoneCalendar","Pen Nib","Darkstone Periapt","Red Skull","Lizard Tail","Bronze Scales","War Paint","Anchor"],"potions_floor_usage":[7,11,16,28,28,33,33,50,50],"damage_taken":[{"damage":6,"enemies":"2 Louse","floor":1,"turns":4},{"damage":5,"enemies":"Cultist","floor":3,"turns":4},{"damage":2,"enemies":"Small Slimes","floor":4,"turns":3},{"damage":18,"enemies":"Gremlin Nob","floor":7,"turns":4},{"damage":0,"enemies":"Red Slaver","floor":8,"turns":5},{"damage":23,"enemies":"Lagavulin","floor":11,"turns":6},{"damage":2,"enemies":"Looter","floor":13,"turns":2},{"damage":23,"enemies":"Slime Boss","floor":16,"turns":13},{"damage":4,"enemies":"3 Byrds","floor":18,"turns":5},{"damage":2,"enemies":"2 Thieves","floor":22,"turns":2},{"damage":29,"enemies":"Book of Stabbing","floor":23,"turns":3},{"damage":6,"enemies":"Cultist and Chosen","floor":25,"turns":4},{"damage":24,"enemies":"Slavers","floor":28,"turns":6},{"damage":24,"enemies":"Chosen and Byrds","floor":29,"turns":5},{"damage":16,"enemies":"Book of Stabbing","floor":30,"turns":5},{"damage":53,"enemies":"Collector","floor":33,"turns":6},{"damage":44,"enemies":"3 Darklings","floor":35,"turns":7},{"damage":6,"enemies":"Orb Walker","floor":39,"turns":4},{"damage":29,"enemies":"Spire Growth","floor":41,"turns":3},{"damage":28,"enemies":"Writhing Mass","floor":45,"turns":8},{"damage":0,"enemies":"4 Shapes","floor":46,"turns":4},{"damage":36,"enemies":"Transient","floor":48,"turns":5},{"damage":97,"enemies":"Awakened One","floor":50,"turns":9}],"seed_played":"-5889619970918424803","potions_obtained":[{"floor":1,"key":"FearPotion"},{"floor":3,"key":"Ancient Potion"},{"floor":4,"key":"EssenceOfSteel"},{"floor":11,"key":"Block Potion"},{"floor":13,"key":"Regen Potion"},{"floor":16,"key":"Ancient Potion"},{"floor":25,"key":"Explosive Potion"},{"floor":30,"key":"EssenceOfSteel"},{"floor":41,"key":"LiquidBronze"},{"floor":46,"key":"PowerPotion"}],"is_trial":false,"path_per_floor":["M","?","M","M","?","R","E","M","T","$","E","R","M","?","R","B",null,"M","?","$","?","M","E","R","M","T","$","E","M","E","$","R","B",null,"M","?","?","?","M","R","M","T","T","$","M","M","$","M","R","B"],"character_chosen":"IRONCLAD","items_purchased":["Perfected Strike","Lantern","Sling","Strawberry","Metallicize","Anchor","Impervious"],"campfire_rested":4,"item_purchase_floors":[10,20,20,20,27,44,44],"current_hp_per_floor":[80,80,80,80,80,80,68,74,74,74,57,80,80,80,80,63,80,80,80,87,87,87,64,64,64,64,64,61,43,33,33,59,12,87,49,49,49,49,49,75,52,52,52,52,36,42,42,12,39,0],"gold":52,"neow_bonus":"ONE_RANDOM_RARE_CARD","is_prod":false,"is_daily":false,"chose_seed":false,"campfire_upgraded":3,"win_rate":0,"timestamp":1543603427,"path_taken":["M","?","M","?","?","R","E","?","T","?","E","R","?","?","R","BOSS","M","?","$","?","M","E","R","M","T","?","E","?","E","$","R","BOSS","M","?","?","?","?","R","M","?","T","$","M","?","?","M","R","BOSS"],"build_version":"2018-11-15","purchased_purges":0,"victory":false,"max_hp_per_floor":[80,80,80,80,80,80,80,80,80,80,80,80,80,80,80,80,80,80,80,87,87,87,87,87,87,87,87,87,87,87,87,87,87,87,87,87,87,87,87,87,87,87,87,87,93,93,93,93,93,93],"card_choices":[{"not_picked":["Dropkick","Second Wind"],"picked":"Shrug It Off","floor":1},{"not_picked":["Body Slam","Armaments"],"picked":"Infernal Blade","floor":3},{"not_picked":["Twin Strike","True Grit"],"picked":"Metallicize","floor":4},{"not_picked":["Uppercut","Armaments","Reckless Charge"],"picked":"SKIP","floor":7},{"not_picked":["Ghostly Armor","Pummel"],"picked":"Perfected Strike","floor":8},{"not_picked":["Body Slam","Iron Wave"],"picked":"Carnage","floor":11},{"not_picked":["True Grit","Evolve"],"picked":"Ghostly Armor","floor":13},{"not_picked":["Limit Break","Dark Embrace"],"picked":"Double Tap","floor":16},{"not_picked":["Havoc","Armaments"],"picked":"Pommel Strike","floor":18},{"not_picked":["Armaments+1","Cleave"],"picked":"Ghostly Armor","floor":22},{"not_picked":["Bloodletting","Rage","Corruption"],"picked":"SKIP","floor":23},{"not_picked":["Dual Wield","Rampage","Corruption+1"],"picked":"SKIP","floor":25},{"not_picked":["Intimidate","Reckless Charge"],"picked":"Twin Strike+1","floor":28},{"not_picked":["Pummel+1","Armaments"],"picked":"Double Tap","floor":29},{"not_picked":["Warcry","Heavy Blade"],"picked":"Pommel Strike","floor":30},{"not_picked":["Double Tap","Barricade"],"picked":"Demon Form","floor":33},{"not_picked":["Shrug It Off+1","Intimidate","Rampage+1"],"picked":"SKIP","floor":35},{"not_picked":["Bandage Up","Violence"],"picked":"Dramatic Entrance","floor":38},{"not_picked":["Cleave+1","Power Through","Battle Trance+1"],"picked":"SKIP","floor":39},{"not_picked":["Clothesline+1","Whirlwind"],"picked":"Wild Strike","floor":41},{"not_picked":["Sever Soul+1","Feel No Pain"],"picked":"Twin Strike+1","floor":45},{"not_picked":["Corruption","Entrench"],"picked":"Wild Strike","floor":46},{"not_picked":["Heavy Blade","Battle Trance+1"],"picked":"Wild Strike+1","floor":48}],"player_experience":121193,"relics_obtained":[{"floor":7,"key":"Tiny Chest"},{"floor":9,"key":"Boot"},{"floor":11,"key":"Gambling Chip"},{"floor":23,"key":"StoneCalendar"},{"floor":26,"key":"Pen Nib"},{"floor":28,"key":"Darkstone Periapt"},{"floor":30,"key":"Red Skull"},{"floor":42,"key":"Bronze Scales"},{"floor":43,"key":"War Paint"}],"event_choices":[{"cards_removed":["Berserk"],"damage_healed":0,"gold_gain":0,"player_choice":"Gave Card","damage_taken":0,"relics_obtained":["Ancient Tea Set"],"max_hp_gain":0,"max_hp_loss":0,"event_name":"WeMeetAgain","floor":2,"gold_loss":0},{"damage_healed":0,"gold_gain":100,"player_choice":"Pray","damage_taken":0,"max_hp_gain":0,"max_hp_loss":0,"event_name":"Golden Shrine","floor":5,"gold_loss":0},{"cards_removed":["Bash"],"damage_healed":0,"gold_gain":0,"player_choice":"Card Removal","damage_taken":0,"max_hp_gain":0,"max_hp_loss":0,"event_name":"The Cleric","floor":14,"gold_loss":50},{"damage_healed":0,"gold_gain":99,"player_choice":"Stole From Cult","damage_taken":0,"max_hp_gain":0,"max_hp_loss":0,"event_name":"Nest","floor":19,"gold_loss":0},{"damage_healed":0,"gold_gain":0,"player_choice":"Simplicity","damage_taken":0,"max_hp_gain":0,"max_hp_loss":0,"event_name":"Back to Basics","floor":21,"gold_loss":0,"cards_upgraded":["Strike_R","Strike_R","Strike_R","Strike_R","Strike_R","Defend_R","Defend_R","Defend_R","Defend_R"]},{"cards_removed":["Shrug It Off"],"damage_healed":0,"gold_gain":0,"player_choice":"Removed Skill","damage_taken":0,"max_hp_gain":0,"max_hp_loss":0,"event_name":"Falling","floor":36,"gold_loss":0},{"damage_healed":0,"gold_gain":0,"player_choice":"Ignored","damage_taken":0,"max_hp_gain":0,"max_hp_loss":0,"event_name":"Mysterious Sphere","floor":37,"gold_loss":0},{"damage_healed":0,"gold_gain":0,"player_choice":"Memory 1","damage_taken":0,"max_hp_gain":0,"max_hp_loss":0,"event_name":"SensoryStone","floor":38,"gold_loss":0}],"is_beta":false,"boss_relics":[{"not_picked":["Philosopher\u0027s Stone","Cursed Key"],"picked":"Runic Pyramid"},{"not_picked":["Orrery","White Beast Statue"],"picked":"Lizard Tail"}],"items_purged_floors":[],"is_endless":false,"potions_floor_spawned":[1,3,4,11,13,16,25,30,41,46],"killed_by":"Awakened One","ascension_level":0}