{"gold_per_floor":[112,31,31,43,43,68,78,96,146,175,175,189,189,289,289,384,384,395,395,395,164,180,180,196,213,237,251,251,264,282,296,296,296],"floor_reached":33,"playtime":1358,"items_purged":["Strike_B"],"score":286,"play_id":"5f7829af-0dd9-46e9-bcb7-dd81448c9190","local_time":"20181209003442","is_ascension_mode":false,"campfire_choices":[{"floor":11,"key":"RECALL"},{"data":"Defragment","floor":13,"key":"SMITH"},{"floor":15,"key":"REST"},{"data":"Creative AI","floor":23,"key":"SMITH"},{"data":"Force Field","floor":28,"key":"SMITH"},{"floor":32,"key":"REST"}],"neow_cost":"NONE","seed_source_timestamp":88973619400673,"circlet_count":0,"master_deck":["Strike_B","Strike_B","Strike_B","Defend_B","Defend_B","Defend_B","Defend_B","Zap+1","Dualcast","Self Repair","Defragment+1","Force Field+1","Electrodynamics","Creative AI+1","Genetic Algorithm+1"],"relics":["Cracked Core","Singing Bowl","Pen Nib","Nuclear Battery","DataDisk"],"potions_floor_usage":[6,16,16,29,33],"damage_taken":[{"damage":8,"enemies":"Jaw Worm","floor":1,"turns":3},{"damage":1,"enemies":"Cultist","floor":4,"turns":3},{"damage":18,"enemies":"Gremlin Nob","floor":6,"turns":5},{"damage":2,"enemies":"2 Louse","floor":7,"turns":3},{"damage":17,"enemies":"Exordium Thugs","floor":8,"turns":4},{"damage":26,"enemies":"Lagavulin","floor":10,"turns":7},{"damage":14,"enemies":"2 Fungi Beasts","floor":12,"turns":3},{"damage":40,"enemies":"Hexaghost","floor":16,"turns":10},{"damage":20,"enemies":"Spheric Guardian","floor":18,"turns":4},{"damage":19,"enemies":"Shell Parasite","floor":22,"turns":6},{"damage":15,"enemies":"Snake Plant","floor":24,"turns":3},{"damage":13,"enemies":"3 Cultists","floor":25,"turns":3},{"damage":11,"enemies":"Snecko","floor":27,"turns":5},{"damage":20,"enemies":"Centurion and Healer","floor":29,"turns":6},{"damage":5,"enemies":"Sentry and Sphere","floor":30,"turns":4},{"damage":15,"enemies":"Snake Plant","floor":31,"turns":3},{"damage":73,"enemies":"Automaton","floor":33,"turns":6}],"seed_played":"-9069972511028002377","potions_obtained":[{"floor":1,"key":"PowerPotion"},{"floor":8,"key":"Weak Potion"},{"floor":10,"key":"LiquidBronze"},{"floor":16,"key":"Ancient Potion"},{"floor":22,"key":"Ancient Potion"},{"floor":24,"key":"FearPotion"},{"floor":30,"key":"GamblersBrew"}],"is_trial":false,"path_per_floor":["M","$","?","M","$","E","M","M","T","E","R","M","R","?","R","B",null,"M","?","?","$","M","R","M","M","T","M","R","M","M","M","R","B"],"character_chosen":"DEFECT","items_purchased":["Self Repair","Creative AI"],"campfire_rested":2,"item_purchase_floors":[2,21],"current_hp_per_floor":[67,67,67,73,73,62,69,61,61,42,42,37,37,37,61,28,81,70,54,54,54,44,44,38,34,34,32,32,21,25,17,47,0],"gold":296,"neow_bonus":"UPGRADE_CARD","is_prod":false,"is_daily":false,"chose_seed":false,"campfire_upgraded":3,"win_rate":0,"timestamp":1544312082,"path_taken":["M","$","?","M","$","E","?","M","T","E","R","M","R","?","R","BOSS","M","?","?","$","M","R","?","M","T","M","R","M","M","M","R","BOSS"],"build_version":"2018-12-06","purchased_purges":1,"victory":false,"max_hp_per_floor":[75,75,75,75,75,75,77,79,79,79,79,81,81,81,81,81,81,83,88,88,88,90,90,92,94,94,96,96,98,100,100,100,100],"card_choices":[{"not_picked":["Aggregate","Barrage","Sweeping Beam"],"picked":"SKIP","floor":1},{"not_picked":["Beam Cell","Core Surge","Hello World"],"picked":"SKIP","floor":4},{"not_picked":["Steam","White Noise"],"picked":"Defragment","floor":6},{"not_picked":["Chaos","Hologram","Fusion"],"picked":"Singing Bowl","floor":7},{"not_picked":["Stack","Beam Cell","Hologram"],"picked":"Singing Bowl","floor":8},{"not_picked":["Leap","Auto Shields"],"picked":"Force Field","floor":10},{"not_picked":["Turbo","Chaos","Chill"],"picked":"Singing Bowl","floor":12},{"not_picked":["Fission","Buffer"],"picked":"Electrodynamics","floor":16},{"not_picked":["Beam Cell+1","Compile Driver+1","Gash"],"picked":"Singing Bowl","floor":18},{"not_picked":["Rip and Tear","Ball Lightning","Sunder"],"picked":"Singing Bowl","floor":22},{"not_picked":["Hologram","Reprogram","Aggregate"],"picked":"Singing Bowl","floor":24},{"not_picked":["Rainbow","Streamline","Stack"],"picked":"Singing Bowl","floor":25},{"not_picked":["Conserve Battery","Turbo","Aggregate"],"picked":"Singing Bowl","floor":27},{"not_picked":["Blizzard","Cold Snap+1","FTL+1"],"picked":"Singing Bowl","floor":29},{"not_picked":["Gash","Steam","Reprogram+1"],"picked":"Singing Bowl","floor":30},{"not_picked":["Ball Lightning","Steam"],"picked":"Genetic Algorithm+1","floor":31}],"player_experience":562299,"relics_obtained":[{"floor":6,"key":"Singing Bowl"},{"floor":10,"key":"Pen Nib"},{"floor":26,"key":"DataDisk"}],"event_choices":[{"damage_healed":0,"gold_gain":0,"player_choice":"0 cards matched","damage_taken":0,"max_hp_gain":0,"max_hp_loss":0,"event_name":"Match and Keep!","floor":3,"gold_loss":0,"cards_obtained":[]},{"damage_healed":0,"gold_gain":100,"player_choice":"Pray","damage_taken":0,"max_hp_gain":0,"max_hp_loss":0,"event_name":"Golden Shrine","floor":14,"gold_loss":0},{"damage_healed":0,"gold_gain":0,"player_choice":"Shed Blood","damage_taken":21,"max_hp_gain":5,"max_hp_loss":0,"event_name":"Forgotten Altar","floor":19,"gold_loss":0},{"damage_healed":0,"gold_gain":0,"player_choice":"Ignored","damage_taken":0,"max_hp_gain":0,"max_hp_loss":0,"event_name":"N\u0027loth","floor":20,"gold_loss":0}],"is_beta":false,"boss_relics":[{"not_picked":["Ectoplasm","Black Star"],"picked":"Nuclear Battery"}],"items_purged_floors":[21],"is_endless":false,"potions_floor_spawned":[1,8,10,16,22,24,30],"killed_by":"Automaton","ascension_level":0}