{"gold_per_floor":[115,115,65,85,85,85,118,136,161,194,194,26,26,42,42,142,142,156,10,23,42,42,42,72,72,95,95,27,37,37,68,68,68],"floor_reached":33,"playtime":1950,"items_purged":[],"score":432,"play_id":"4bdd99a0-d78e-44bf-bdf0-e0371aa42b7b","local_time":"20190113132838","is_ascension_mode":true,"campfire_choices":[{"data":"Crippling Poison","floor":6.0,"key":"SMITH"},{"floor":13,"key":"REST"},{"data":"Deadly Poison","floor":15,"key":"SMITH"},{"floor":23,"key":"REST"},{"data":"Mind Blast","floor":25,"key":"SMITH"},{"floor":27,"key":"REST"},{"floor":32,"key":"REST"}],"neow_cost":"NONE","seed_source_timestamp":3158606131075190,"circlet_count":0,"master_deck":["Defend_G","Defend_G","Defend_G","Defend_G","Defend_G","Strike_G","Strike_G","Strike_G","Survivor","Neutralize+1","Crippling Poison+1","Acrobatics+1","Concentrate","Deadly Poison+1","Backflip","Dagger Spray","After Image","Mind Blast+1","PiercingWail","Burst","Deadly Poison","Deflect","Blur","Caltrops+1","Dodge and Roll"],"special_seed":0,"relics":["Ring of the Snake","Blood Vial","Strawberry","Ornamental Fan","Letter Opener","Black Star","Omamori","Frozen Egg 2","Pear","Lantern","PreservedInsect","Snake Skull","Mercury Hourglass"],"potions_floor_usage":[10,18,22,24,31],"damage_taken":[{"damage":1.0,"enemies":"Jaw Worm","floor":1.0,"turns":5.0},{"damage":4.0,"enemies":"2 Louse","floor":4.0,"turns":3.0},{"damage":31.0,"enemies":"3 Sentries","floor":7.0,"turns":20.0},{"damage":0.0,"enemies":"Small Slimes","floor":8.0,"turns":3.0},{"damage":22,"enemies":"Gremlin Nob","floor":10,"turns":4},{"damage":1,"enemies":"Blue Slaver","floor":14,"turns":4},{"damage":11,"enemies":"Hexaghost","floor":16,"turns":9},{"damage":0,"enemies":"Shell Parasite","floor":18,"turns":7},{"damage":14,"enemies":"2 Thieves","floor":20,"turns":4},{"damage":23,"enemies":"Centurion and Healer","floor":21,"turns":9},{"damage":24,"enemies":"Colosseum Slavers","floor":22,"turns":6},{"damage":29,"enemies":"Slavers","floor":24,"turns":10},{"damage":16,"enemies":"Snecko","floor":29,"turns":6},{"damage":19,"enemies":"Gremlin Leader","floor":31,"turns":6},{"damage":42,"enemies":"Automaton","floor":33,"turns":8}],"seed_played":"-4599033214394689029","potions_obtained":[{"floor":7.0,"key":"Dexterity Potion"},{"floor":8.0,"key":"Energy Potion"},{"floor":14,"key":"SpeedPotion"},{"floor":20,"key":"Swift Potion"},{"floor":29,"key":"Fire Potion"}],"is_trial":false,"path_per_floor":["M","?","?","M","?","R","E","M","T","E","T","$","R","M","R","B",null,"M","$","M","M","?","R","E","R","T","R","?","M","?","E","R","B"],"character_chosen":"THE_SILENT","items_purchased":["After Image","Mind Blast","Omamori"],"campfire_rested":4,"item_purchase_floors":[12,12,19],"current_hp_per_floor":[62,48,48,44,44,44,13,15,22,2,2,2,25,26,26,17,62,64,64,52,31,9,32,15,15,15,41,41,27,27,10,36,0],"gold":68,"neow_bonus":"THREE_CARDS","is_prod":false,"is_daily":false,"chose_seed":false,"campfire_upgraded":3,"win_rate":0,"timestamp":1547382518,"path_taken":["M","?","?","?","?","R","E","M","T","E","?","$","R","M","R","BOSS","M","$","M","M","?","R","E","R","T","R","?","?","?","E","R","BOSS"],"build_version":"2019-01-10","purchased_purges":0,"victory":false,"max_hp_per_floor":[70,70,70,70,70,70,70,70,77,77,77,77,77,77,77,77,77,77,77,77,77,77,77,87,87,87,87,87,87,87,87,87,87],"card_choices":[{"not_picked":["Poisoned Stab","Quick Slash"],"picked":"Crippling Poison","floor":0.0},{"not_picked":["Setup","Slice"],"picked":"Acrobatics","floor":1.0},{"not_picked":["Quick Slash","Flying Knee","Deflect"],"picked":"SKIP","floor":4.0},{"not_picked":["Poisoned Stab","Quick Slash"],"picked":"Deadly Poison","floor":7.0},{"not_picked":["Dodge and Roll","Reflex"],"picked":"Backflip","floor":8.0},{"not_picked":["Prepared","Flying Knee"],"picked":"Dagger Spray","floor":10},{"not_picked":["Flying Knee","Dagger Throw"],"picked":"PiercingWail","floor":14},{"not_picked":["After Image","Tools of the Trade"],"picked":"Burst","floor":16},{"not_picked":["Heel Hook","Outmaneuver"],"picked":"Deadly Poison","floor":18},{"not_picked":["Concentrate","Sucker Punch","Endless Agony"],"picked":"SKIP","floor":20},{"not_picked":["Bane","PiercingWail+1"],"picked":"Deflect","floor":21},{"not_picked":["Deflect","Endless Agony"],"picked":"Blur","floor":24},{"not_picked":["Blade Dance+1","Storm of Steel"],"picked":"Caltrops+1","floor":29},{"not_picked":["Endless Agony+1","Bouncing Flask+1"],"picked":"Dodge and Roll","floor":31}],"player_experience":725964,"relics_obtained":[{"floor":7.0,"key":"Blood Vial"},{"floor":9.0,"key":"Strawberry"},{"floor":10,"key":"Ornamental Fan"},{"floor":11,"key":"Letter Opener"},{"floor":24,"key":"Frozen Egg 2"},{"floor":24,"key":"Pear"},{"floor":26,"key":"Lantern"},{"floor":31,"key":"Snake Skull"},{"floor":31,"key":"Mercury Hourglass"}],"event_choices":[{"damage_healed":0.0,"max_hp_gain":0.0,"max_hp_loss":0.0,"gold_gain":0.0,"event_name":"Shining Light","player_choice":"Entered Light","floor":2.0,"gold_loss":0.0,"damage_taken":14.0,"cards_upgraded":["Neutralize","Acrobatics"]},{"cards_removed":["Strike_G"],"damage_healed":0.0,"max_hp_gain":0.0,"max_hp_loss":0.0,"gold_gain":0.0,"event_name":"The Cleric","player_choice":"Card Removal","floor":3.0,"gold_loss":50.0,"damage_taken":0.0},{"damage_healed":0.0,"max_hp_gain":0.0,"max_hp_loss":0.0,"gold_gain":0.0,"cards_transformed":["Strike_G"],"event_name":"Living Wall","player_choice":"Change","floor":5.0,"gold_loss":0.0,"damage_taken":0.0,"cards_obtained":["Concentrate"]},{"damage_healed":0,"gold_gain":0,"player_choice":"Fight","damage_taken":0,"max_hp_gain":0,"max_hp_loss":0,"event_name":"Colosseum","floor":22,"gold_loss":0},{"damage_healed":0,"gold_gain":0,"player_choice":"Fled From Nobs","damage_taken":0,"max_hp_gain":0,"max_hp_loss":0,"event_name":"Colosseum","floor":22,"gold_loss":0},{"damage_healed":0,"gold_gain":0,"player_choice":"Paid Gold","damage_taken":0,"relics_obtained":["PreservedInsect"],"max_hp_gain":0,"max_hp_loss":0,"event_name":"WeMeetAgain","floor":28,"gold_loss":68},{"damage_healed":0,"gold_gain":0,"player_choice":"Ignored","damage_taken":0,"max_hp_gain":0,"max_hp_loss":0,"event_name":"Cursed Tome","floor":30,"gold_loss":0}],"is_beta":false,"boss_relics":[{"not_picked":["Lizard Tail","Snecko Eye"],"picked":"Black Star"}],"items_purged_floors":[],"is_endless":false,"potions_floor_spawned":[7,8,14,20,29],"killed_by":"Automaton","ascension_level":8}