{"gold_per_floor":[118,130,130,205,155,186,206,220,220,249,249,67,95,114,114,219,219,239,250,250,264,277,303,318,344,344,344,364,378,378,60,60,60],"floor_reached":33,"playtime":2388,"items_purged":["Distraction"],"score":384,"play_id":"e632e203-520e-41b6-bb16-8842aa5b281b","local_time":"20190124163106","is_ascension_mode":false,"campfire_choices":[{"floor":15,"key":"REST"},{"floor":30,"key":"REST"},{"floor":32,"key":"REST"}],"neow_cost":"NONE","seed_source_timestamp":8396041278313,"circlet_count":0,"master_deck":["Survivor","Catalyst","Deflect","Deadly Poison","Noxious Fumes","Dagger Spray+1","hubris:DuctTapeCard+2","Dodge and Roll","Bane+1","Wraith Form v2","Burst","Envenom","Slice","Sucker Punch","Riddle With Holes","Flying Knee","Infinite Blades","Caltrops","Calculated Gamble","Backflip","Leg Sweep","Backflip+1"],"relics":["Ring of the Snake","NeowsBlessing","Regal Pillow","Paper Crane","hubris:Reverence","Pocketwatch","hubris:DuctTape","Pandora\u0027s Box","Whetstone","hubris:Zylophone","Mummified Hand","Strange Spoon"],"potions_floor_usage":[10,12,16,22,23,24,25,33],"damage_taken":[{"damage":0,"enemies":"Jaw Worm","floor":1,"turns":1},{"damage":0,"enemies":"Small Slimes","floor":2,"turns":1},{"damage":0,"enemies":"Gremlin Nob","floor":6,"turns":1},{"damage":0,"enemies":"Cultist","floor":7,"turns":5},{"damage":4,"enemies":"Blue Slaver","floor":8,"turns":3},{"damage":29,"enemies":"3 Sentries","floor":10,"turns":11},{"damage":22,"enemies":"Gremlin Nob","floor":13,"turns":5},{"damage":0,"enemies":"Exordium Wildlife","floor":14,"turns":3},{"damage":21,"enemies":"Hexaghost","floor":16,"turns":8},{"damage":6,"enemies":"theJungle:5_Spyders","floor":18,"turns":4},{"damage":7,"enemies":"theJungle:MUSHROOMGANG","floor":19,"turns":4},{"damage":14,"enemies":"Snake Plant","floor":21,"turns":4},{"damage":13,"enemies":"theJungle:SlimyTreeVines","floor":22,"turns":4},{"damage":0,"enemies":"theJungle:MamaSnecko","floor":23,"turns":5},{"damage":18,"enemies":"theJungle:2_Snecko_Cultists","floor":24,"turns":4},{"damage":13,"enemies":"theJungle:Cassacara","floor":25,"turns":6},{"damage":5,"enemies":"theJungle:Lyon","floor":28,"turns":4},{"damage":6,"enemies":"theJungle:JungleHuntersEncounter","floor":29,"turns":5},{"damage":78,"enemies":"theJungle:TotemBoss","floor":33,"turns":8}],"seed_played":"-6058648704870729498","potions_obtained":[{"floor":1,"key":"Energy Potion"},{"floor":6,"key":"Poison Potion"},{"floor":13,"key":"Energy Potion"},{"floor":14,"key":"Poison Potion"},{"floor":21,"key":"EssenceOfSteel"},{"floor":22,"key":"FearPotion"},{"floor":23,"key":"Weak Potion"},{"floor":24,"key":"Energy Potion"}],"is_trial":false,"path_per_floor":["M","M","?","?","?","E","M","M","T","E","T","$","E","M","R","B",null,"M","M","?","M","M","E","M","E","T","?","M","M","R","$","R","B"],"character_chosen":"THE_SILENT","items_purchased":["Noxious Fumes","Fruit Juice","Dagger Spray","Strange Spoon","Poison Potion"],"campfire_rested":3,"item_purchase_floors":[12,12,12,31,31],"current_hp_per_floor":[70,70,63,52,52,52,52,48,48,19,19,24,2,2,39,18,75,69,62,62,48,41,41,23,10,10,12,7,1,38,38,75,0],"gold":60,"neow_bonus":"THREE_ENEMY_KILL","is_prod":false,"is_daily":false,"chose_seed":false,"campfire_upgraded":0,"win_rate":0,"timestamp":1548340266,"path_taken":["M","M","?","?","?","E","?","M","T","E","?","$","E","M","R","BOSS","M","M","?","?","M","E","M","E","T","?","M","M","R","?","R","BOSS"],"build_version":"2019-01-23","purchased_purges":1,"victory":false,"max_hp_per_floor":[70,70,70,70,70,70,70,70,70,70,70,75,75,75,75,75,75,75,75,75,75,75,75,75,75,75,75,75,75,75,75,75,75],"card_choices":[{"not_picked":["Riddle With Holes","Flying Knee"],"picked":"Catalyst","floor":1},{"not_picked":["Sucker Punch","Heel Hook","Outmaneuver"],"picked":"SKIP","floor":2},{"not_picked":["Blade Dance","Outmaneuver"],"picked":"Deflect","floor":6},{"not_picked":["Underhanded Strike","Terror"],"picked":"Poisoned Stab","floor":7},{"not_picked":["PiercingWail","Flying Knee"],"picked":"Deadly Poison","floor":8},{"not_picked":["Envenom","Underhanded Strike","Unload"],"picked":"SKIP","floor":10},{"not_picked":["Underhanded Strike","Masterful Stab"],"picked":"Dodge and Roll","floor":13},{"not_picked":["Prepared","Deadly Poison"],"picked":"Bane","floor":14},{"not_picked":["Grand Finale","Storm of Steel"],"picked":"Wraith Form v2","floor":16},{"not_picked":["Acrobatics","Dagger Spray"],"picked":"Caltrops","floor":18},{"not_picked":["hubris:SlightOfHand","Prepared"],"picked":"Calculated Gamble","floor":19},{"not_picked":["Prepared+1","Sucker Punch","Dagger Throw+1"],"picked":"SKIP","floor":21},{"not_picked":["Slice+1","Poisoned Stab","Deflect"],"picked":"SKIP","floor":22},{"not_picked":["Cloak And Dagger","Riddle With Holes","Deflect"],"picked":"SKIP","floor":23},{"not_picked":["Deadly Poison","Underhanded Strike+1"],"picked":"Backflip","floor":24},{"not_picked":["Heel Hook+1","Deflect","Accuracy"],"picked":"SKIP","floor":25},{"not_picked":["Glass Knife","Deflect"],"picked":"Leg Sweep","floor":28},{"not_picked":["Quick Slash+1","Underhanded Strike+1"],"picked":"Backflip+1","floor":29}],"player_experience":195596,"relics_obtained":[{"floor":6,"key":"Regal Pillow"},{"floor":9,"key":"Paper Crane"},{"floor":10,"key":"hubris:Reverence"},{"floor":11,"key":"Pocketwatch"},{"floor":13,"key":"hubris:DuctTape"},{"floor":23,"key":"Whetstone"},{"floor":25,"key":"hubris:Zylophone"},{"floor":26,"key":"Mummified Hand"}],"event_choices":[{"cards_removed":["Defend_G"],"damage_healed":0,"gold_gain":0,"player_choice":"Card Removal","damage_taken":7,"max_hp_gain":0,"max_hp_loss":0,"event_name":"Golden Wing","floor":3,"gold_loss":0},{"damage_healed":0,"gold_gain":75,"player_choice":"Gather Gold","damage_taken":11,"max_hp_gain":0,"max_hp_loss":0,"event_name":"World of Goop","floor":4,"gold_loss":0},{"cards_removed":["Strike_G"],"damage_healed":0,"gold_gain":0,"player_choice":"Card Removal","damage_taken":0,"max_hp_gain":0,"max_hp_loss":0,"event_name":"The Cleric","floor":5,"gold_loss":50},{"damage_healed":0,"gold_gain":0,"player_choice":"Upgraded","damage_taken":0,"max_hp_gain":0,"max_hp_loss":0,"event_name":"Upgrade Shrine","floor":20,"gold_loss":0,"cards_upgraded":["hubris:DuctTapeCard"]}],"is_beta":false,"boss_relics":[{"not_picked":["Orrery","Ectoplasm"],"picked":"Pandora\u0027s Box"}],"items_purged_floors":[31],"is_endless":false,"potions_floor_spawned":[1,6,13,14,21,22,23,24],"killed_by":"theJungle:TotemBoss","ascension_level":0}