{"gold_per_floor":[111,125,125,125,135,135,152,128,155,155,80,100,100,0,0,100,100,114,114,103,103,123,123,154,154],"floor_reached":25,"playtime":1026,"items_purged":["Strike_R","Strike_R"],"score":211,"play_id":"adef1c1d-aad3-49c2-a404-17bc1c593dd4","local_time":"20190131192105","is_ascension_mode":false,"campfire_choices":[{"data":"Flame Barrier","floor":6,"key":"SMITH"},{"data":"Heavy Blade","floor":13,"key":"SMITH"},{"data":"Shrug It Off","floor":15,"key":"SMITH"},{"data":"Demon Form","floor":23,"key":"SMITH"}],"neow_cost":"NONE","seed_source_timestamp":693170669481900,"circlet_count":0,"master_deck":["Strike_R+1","Strike_R","Strike_R","Defend_R","Defend_R","Defend_R","Defend_R","Bash","Ghostly Armor","Whirlwind+1","Flame Barrier+1","Spot Weakness","Heavy Blade+1","Shrug It Off+1","Iron Wave","Juggernaut","Thunderclap","Dual Wield","Twin Strike","Headbutt","Uppercut","Metallicize","Demon Form+1"],"relics":["Burning Blood","Potion Belt","Orrery","Bronze Scales","Ancient Tea Set"],"potions_floor_usage":[16,16,24],"damage_taken":[{"damage":6,"enemies":"Jaw Worm","floor":1,"turns":4},{"damage":0,"enemies":"2 Louse","floor":2,"turns":3},{"damage":0,"enemies":"Small Slimes","floor":5,"turns":5},{"damage":7,"enemies":"Red Slaver","floor":7,"turns":6},{"damage":9,"enemies":"Blue Slaver","floor":12,"turns":4},{"damage":1,"enemies":"Slime Boss","floor":16,"turns":8},{"damage":0,"enemies":"3 Byrds","floor":18,"turns":6},{"damage":4,"enemies":"2 Thieves","floor":20,"turns":4},{"damage":26,"enemies":"Centurion and Healer","floor":22,"turns":7},{"damage":25,"enemies":"Book of Stabbing","floor":24,"turns":6},{"damage":65,"enemies":"Cultist and Chosen","floor":25,"turns":4}],"seed_played":"-214995029315051832","potions_obtained":[{"floor":1,"key":"Strength Potion"},{"floor":5,"key":"Poison Potion"},{"floor":7,"key":"LiquidBronze"},{"floor":12,"key":"FearPotion"},{"floor":20,"key":"EssenceOfSteel"},{"floor":22,"key":"Block Potion"}],"is_trial":false,"path_per_floor":["M","M","?","?","M","R","M","$","T","?","$","M","R","$","R","B",null,"M","?","M","?","M","R","E","M"],"character_chosen":"IRONCLAD","items_purchased":["Heavy Blade"],"campfire_rested":0,"item_purchase_floors":[8],"current_hp_per_floor":[80,80,64,64,70,70,69,69,69,69,69,66,66,66,66,71,80,80,80,80,80,60,60,41,0],"gold":154,"neow_bonus":"ONE_RANDOM_RARE_CARD","is_prod":false,"is_daily":false,"chose_seed":false,"campfire_upgraded":4,"win_rate":0,"timestamp":1548991265,"path_taken":["M","M","?","?","M","R","M","$","T","?","$","?","R","?","R","BOSS","M","?","M","?","M","R","E","M"],"build_version":"2019-01-23","purchased_purges":2,"victory":false,"max_hp_per_floor":[80,80,80,80,80,80,80,80,80,80,80,80,80,80,80,80,80,80,80,80,80,80,80,80,80],"card_choices":[{"not_picked":["True Grit","Combust"],"picked":"Ghostly Armor","floor":1},{"not_picked":["Warcry","Reckless Charge"],"picked":"Whirlwind","floor":2},{"not_picked":["Pommel Strike","Feel No Pain"],"picked":"Flame Barrier","floor":5},{"not_picked":["Fiend Fire","Sword Boomerang"],"picked":"Spot Weakness","floor":7},{"not_picked":["Flex","Heavy Blade"],"picked":"Iron Wave","floor":12},{"not_picked":["Brutality","Double Tap"],"picked":"Juggernaut","floor":16},{"not_picked":["Clash","Anger"],"picked":"Thunderclap","floor":17},{"not_picked":["Sword Boomerang","Fire Breathing"],"picked":"Dual Wield","floor":17},{"not_picked":["Rupture","Combust"],"picked":"Twin Strike","floor":17},{"not_picked":["Hemokinesis","Thunderclap"],"picked":"Headbutt","floor":17},{"not_picked":["Wild Strike","Pommel Strike"],"picked":"Uppercut","floor":17},{"not_picked":["Sever Soul","Blood for Blood"],"picked":"Metallicize","floor":18},{"not_picked":["Clash","Pommel Strike+1","Headbutt+1"],"picked":"SKIP","floor":20},{"not_picked":["Rupture","Clash"],"picked":"Demon Form","floor":22},{"not_picked":["Infernal Blade","Dropkick","Blood for Blood"],"picked":"SKIP","floor":24}],"player_experience":79150,"relics_obtained":[{"floor":9,"key":"Potion Belt"},{"floor":24,"key":"Ancient Tea Set"}],"event_choices":[{"damage_healed":0,"gold_gain":0,"player_choice":"Entered Light","damage_taken":16,"max_hp_gain":0,"max_hp_loss":0,"event_name":"Shining Light","floor":3,"gold_loss":0,"cards_upgraded":["Whirlwind","Strike_R"]},{"cards_removed":["Fiend Fire"],"damage_healed":0,"gold_gain":0,"player_choice":"Forget","damage_taken":0,"max_hp_gain":0,"max_hp_loss":0,"event_name":"Living Wall","floor":4,"gold_loss":0},{"damage_healed":0,"gold_gain":0,"player_choice":"1 cards matched","damage_taken":0,"max_hp_gain":0,"max_hp_loss":0,"event_name":"Match and Keep!","floor":10,"gold_loss":0,"cards_obtained":["Shrug It Off"]},{"damage_healed":0,"gold_gain":0,"player_choice":"Ignored","damage_taken":0,"max_hp_gain":0,"max_hp_loss":0,"event_name":"Ghosts","floor":19,"gold_loss":0},{"damage_healed":0,"gold_gain":0,"player_choice":"Gave Potion","damage_taken":0,"relics_obtained":["Bronze Scales"],"max_hp_gain":0,"max_hp_loss":0,"event_name":"WeMeetAgain","floor":21,"gold_loss":0}],"is_beta":false,"boss_relics":[{"not_picked":["Empty Cage","Runic Dome"],"picked":"Orrery"}],"items_purged_floors":[11,14],"is_endless":false,"potions_floor_spawned":[1,5,7,12,20,22],"killed_by":"Cultist and Chosen","ascension_level":0}