{"gold_per_floor":[116,116,116,64,64,64,93,105,117,139,76,102,102,114,114,213,213,231,131,131,6,105,135,135,185,185,203,203,221,71,82,82,185,185,198,198,209,209,225,50,50,50,50,50,82,82],"floor_reached":46,"playtime":1681,"items_purged":["Strike_R","Defend_R","Bash","Defend_R","Sword Boomerang"],"score":485,"play_id":"082e8907-d480-494f-94f4-b6f7c9c3270d","local_time":"20190129223012","is_ascension_mode":false,"campfire_choices":[{"data":"Strike_R","floor":6,"key":"SMITH"},{"data":"Shrug It Off","floor":8,"key":"SMITH"},{"data":"Clothesline","floor":13,"key":"SMITH"},{"data":"Defend_R","floor":15,"key":"SMITH"},{"data":"Exhume","floor":32,"key":"SMITH"},{"floor":41,"key":"REST"}],"neow_cost":"TEN_PERCENT_HP_LOSS","seed_source_timestamp":5326203585506,"circlet_count":0,"master_deck":["Shrug It Off+1","Clothesline+1","Exhume+1","Blood for Blood","Whirlwind","Evolve"],"relics":["Burning Blood","Torii","Red Skull","MawBank","Dead Branch","Orichalcum","Black Star","Singing Bowl","Darkstone Periapt","Kunai","Pandora\u0027s Box","Self Forming Clay","Sundial","Prayer Wheel"],"potions_floor_usage":[7,33,33,45,45,46],"damage_taken":[{"damage":1,"enemies":"Small Slimes","floor":1,"turns":4},{"damage":28,"enemies":"Lagavulin","floor":7,"turns":7},{"damage":0,"enemies":"Jaw Worm","floor":10,"turns":3},{"damage":0,"enemies":"2 Louse","floor":14,"turns":2},{"damage":24,"enemies":"Slime Boss","floor":16,"turns":11},{"damage":8,"enemies":"Chosen","floor":18,"turns":6},{"damage":33,"enemies":"Gremlin Leader","floor":23,"turns":7},{"damage":0,"enemies":"3 Byrds","floor":27,"turns":6},{"damage":24,"enemies":"Cultist and Chosen","floor":29,"turns":9},{"damage":4,"enemies":"Snake Plant","floor":31,"turns":5},{"damage":37,"enemies":"Automaton","floor":33,"turns":14},{"damage":23,"enemies":"3 Darklings","floor":35,"turns":8},{"damage":16,"enemies":"3 Shapes","floor":37,"turns":4},{"damage":34,"enemies":"Transient","floor":39,"turns":5},{"damage":54,"enemies":"Giant Head","floor":45,"turns":10},{"damage":22,"enemies":"4 Shapes","floor":46,"turns":1}],"seed_played":"-3039103392865472195","potions_obtained":[{"floor":1,"key":"FearPotion"},{"floor":14,"key":"FearPotion"},{"floor":18,"key":"GamblersBrew"},{"floor":23,"key":"Energy Potion"},{"floor":31,"key":"Block Potion"},{"floor":33,"key":"Energy Potion"},{"floor":45,"key":"PowerPotion"}],"is_trial":false,"path_per_floor":["M","?","?","$","?","R","E","R","T","M","$","T","R","M","R","B",null,"M","$","?","$","?","E","$","?","T","M","?","M","$","M","R","B",null,"M","?","M","?","M","$","R","$","T","?","E","M"],"character_chosen":"IRONCLAD","items_purchased":["Shrug It Off"],"campfire_rested":1,"item_purchase_floors":[4],"current_hp_per_floor":[72,65,65,65,62,62,40,40,40,46,46,46,46,52,52,34,72,70,70,70,70,70,45,45,45,45,53,53,37,37,41,41,12,82,67,67,59,59,33,33,59,59,59,61,15,0],"gold":82,"neow_bonus":"ONE_RARE_RELIC","is_prod":false,"is_daily":false,"chose_seed":false,"campfire_upgraded":5,"win_rate":0,"timestamp":1548813612,"path_taken":["M","?","?","?","?","R","E","R","T","M","?","?","R","M","R","BOSS","M","$","?","$","?","E","$","?","T","?","?","M","?","M","R","BOSS","M","?","?","?","M","$","R","$","T","?","E","M"],"build_version":"2019-01-23","purchased_purges":5,"victory":false,"max_hp_per_floor":[72,72,72,72,72,72,72,72,72,72,72,72,72,72,72,72,72,72,72,72,72,72,74,74,74,74,76,76,78,78,80,80,82,82,84,84,86,86,88,88,88,88,88,90,92,92],"card_choices":[{"not_picked":["Sentinel","Body Slam","Thunderclap"],"picked":"SKIP","floor":1},{"not_picked":["Corruption","Rupture"],"picked":"Clothesline","floor":7},{"not_picked":["Perfected Strike","Thunderclap","Twin Strike"],"picked":"SKIP","floor":10},{"not_picked":["Thunderclap","Burning Pact","Immolate"],"picked":"SKIP","floor":14},{"not_picked":["Fiend Fire","Double Tap"],"picked":"Exhume","floor":16},{"not_picked":["Perfected Strike","Pummel","Fire Breathing"],"picked":"SKIP","floor":18},{"not_picked":["Warcry+1","True Grit","Havoc+1"],"picked":"Singing Bowl","floor":23},{"not_picked":["Perfected Strike","Clothesline","Flex"],"picked":"Singing Bowl","floor":27},{"not_picked":["Armaments+1","Wild Strike+1","Iron Wave"],"picked":"Singing Bowl","floor":29},{"not_picked":["Reaper","True Grit","Clothesline+1"],"picked":"Singing Bowl","floor":31},{"not_picked":["Feed","Juggernaut","Exhume"],"picked":"Singing Bowl","floor":33},{"not_picked":["True Grit","Rupture","Battle Trance+1"],"picked":"Singing Bowl","floor":35},{"not_picked":["Entrench","Burning Pact","Uppercut+1"],"picked":"Singing Bowl","floor":37},{"not_picked":["Armaments+1","Body Slam","Combust"],"picked":"Singing Bowl","floor":39},{"not_picked":["Impatience","Trip","Purity"],"picked":"Singing Bowl","floor":44},{"not_picked":["Bludgeon","Uppercut","Combust+1"],"picked":"Singing Bowl","floor":45}],"player_experience":262861,"relics_obtained":[{"floor":7,"key":"MawBank"},{"floor":9,"key":"Dead Branch"},{"floor":12,"key":"Orichalcum"},{"floor":23,"key":"Singing Bowl"},{"floor":23,"key":"Darkstone Periapt"},{"floor":26,"key":"Kunai"},{"floor":43,"key":"Self Forming Clay"},{"floor":45,"key":"Sundial"},{"floor":45,"key":"Prayer Wheel"}],"event_choices":[{"cards_removed":["Strike_R"],"damage_healed":0,"gold_gain":0,"player_choice":"Card Removal","damage_taken":7,"max_hp_gain":0,"max_hp_loss":0,"event_name":"Golden Wing","floor":2,"gold_loss":0},{"cards_removed":["Defend_R"],"damage_healed":0,"gold_gain":0,"player_choice":"Forget","damage_taken":0,"max_hp_gain":0,"max_hp_loss":0,"event_name":"Living Wall","floor":3,"gold_loss":0},{"damage_healed":0,"gold_gain":0,"player_choice":"Success","damage_taken":3,"relics_obtained":["Red Skull"],"max_hp_gain":0,"max_hp_loss":0,"event_name":"Scrap Ooze","floor":5,"gold_loss":0},{"damage_healed":0,"gold_gain":0,"cards_transformed":["Strike_R","Strike_R"],"player_choice":"Became Test Subject","damage_taken":0,"max_hp_gain":0,"max_hp_loss":0,"event_name":"Drug Dealer","floor":20,"gold_loss":0,"cards_obtained":["Blood for Blood","Whirlwind"]},{"damage_healed":0,"gold_gain":99,"player_choice":"Stole From Cult","damage_taken":0,"max_hp_gain":0,"max_hp_loss":0,"event_name":"Nest","floor":22,"gold_loss":0},{"damage_healed":0,"gold_gain":100,"player_choice":"Bet on Murderer","damage_taken":0,"max_hp_gain":0,"max_hp_loss":0,"event_name":"The Joust","floor":25,"gold_loss":50},{"damage_healed":0,"gold_gain":0,"player_choice":"Ignored","damage_taken":0,"max_hp_gain":0,"max_hp_loss":0,"event_name":"Vampires","floor":28,"gold_loss":0},{"damage_healed":0,"gold_gain":0,"player_choice":"Ignored","damage_taken":0,"max_hp_gain":0,"max_hp_loss":0,"event_name":"SecretPortal","floor":36,"gold_loss":0},{"damage_healed":0,"gold_gain":0,"player_choice":"Ignored","damage_taken":0,"max_hp_gain":0,"max_hp_loss":0,"event_name":"Mysterious Sphere","floor":38,"gold_loss":0},{"damage_healed":0,"gold_gain":0,"player_choice":"Memory 1","damage_taken":0,"max_hp_gain":0,"max_hp_loss":0,"event_name":"SensoryStone","floor":44,"gold_loss":0}],"is_beta":false,"boss_relics":[{"not_picked":["Sozu","Runic Dome"],"picked":"Black Star"},{"not_picked":["Philosopher\u0027s Stone","Calling Bell"],"picked":"Pandora\u0027s Box"}],"items_purged_floors":[11,19,21,30,40],"is_endless":false,"potions_floor_spawned":[1,14,18,23,31,33,45],"killed_by":"4 Shapes","ascension_level":0}