{"gold_per_floor":[111,127,140,140,151,151,167,185,210,29,40,40,40,74,74,171,171,190,190,35,45,45,144,144,144,144,144,163,178,78,93,93,193,193,208,208,222,237,112,112,122,122],"floor_reached":42,"playtime":1638,"items_purged":["Decay","Pain","Writhe"],"score":583,"play_id":"8d2d1dc1-7f79-4d35-a085-69fcc3949eea","local_time":"20190129203626","is_ascension_mode":true,"campfire_choices":[{"data":"Barrage","floor":6.0,"key":"SMITH"},{"data":"Darkness","floor":12.0,"key":"SMITH"},{"data":"Zap","floor":15.0,"key":"SMITH"},{"data":"Multi-Cast","floor":24.0,"key":"SMITH"},{"floor":27.0,"key":"REST"},{"floor":32.0,"key":"REST"},{"floor":40,"key":"REST"}],"neow_cost":"TEN_PERCENT_HP_LOSS","seed_source_timestamp":274081501462955,"circlet_count":0,"master_deck":["Defend_B+1","Defend_B+1","Defend_B+1","Zap+1","Dualcast","Core Surge","Cold Snap","Rip and Tear","Barrage+1","Lockon+1","Darkness+1","Machine Learning","Coolheaded","Multi-Cast+1","Impatience","Darkness","Tempest+1","Gash+1","Force Field+1","Defragment+1","White Noise+1","Conserve Battery+1"],"special_seed":0,"relics":["Cracked Core","FaceOfCleric","Oddly Smooth Stone","Letter Opener","Cursed Key","MawBank","Vajra","Astrolabe"],"potions_floor_usage":[38,41,41],"damage_taken":[{"damage":0.0,"enemies":"Jaw Worm","floor":1.0,"turns":4.0},{"damage":0.0,"enemies":"Cultist","floor":2.0,"turns":2.0},{"damage":0.0,"enemies":"2 Louse","floor":3.0,"turns":2.0},{"damage":14.0,"enemies":"Red Slaver","floor":5.0,"turns":2.0},{"damage":7.0,"enemies":"Exordium Thugs","floor":7.0,"turns":4.0},{"damage":10.0,"enemies":"3 Louse","floor":8.0,"turns":3.0},{"damage":0.0,"enemies":"Large Slime","floor":11.0,"turns":3.0},{"damage":19.0,"enemies":"Lagavulin","floor":14.0,"turns":5.0},{"damage":16.0,"enemies":"Hexaghost","floor":16.0,"turns":6.0},{"damage":2.0,"enemies":"Shell Parasite","floor":18.0,"turns":2.0},{"damage":7.0,"enemies":"Spheric Guardian","floor":21.0,"turns":3.0},{"damage":6.0,"enemies":"Snake Plant","floor":28.0,"turns":3.0},{"damage":20.0,"enemies":"Shelled Parasite and Fungi","floor":29.0,"turns":6.0},{"damage":0.0,"enemies":"Sentry and Sphere","floor":31.0,"turns":3.0},{"damage":51,"enemies":"Champ","floor":33,"turns":8},{"damage":7,"enemies":"Orb Walker","floor":35,"turns":3},{"damage":52,"enemies":"3 Darklings","floor":37,"turns":5},{"damage":21,"enemies":"Writhing Mass","floor":38,"turns":3},{"damage":8,"enemies":"Transient","floor":41,"turns":5},{"damage":51,"enemies":"Reptomancer","floor":42,"turns":3}],"seed_played":"-25247541268284132","potions_obtained":[{"floor":1.0,"key":"GamblersBrew"},{"floor":5.0,"key":"Weak Potion"},{"floor":14.0,"key":"FearPotion"},{"floor":18.0,"key":"Poison Potion"},{"floor":29.0,"key":"Weak Potion"},{"floor":33,"key":"SkillPotion"},{"floor":35,"key":"AttackPotion"},{"floor":38,"key":"Weak Potion"}],"is_trial":false,"path_per_floor":["M","M","M","?","M","R","M","M","T","$","M","R","?","E","R","B",null,"M","T","$","M","?","?","R","?","T","R","M","M","$","M","R","B",null,"M","?","M","M","$","R","M","E"],"character_chosen":"DEFECT","items_purchased":["Darkness","Machine Learning","Impatience"],"campfire_rested":3,"item_purchase_floors":[10,10,20],"current_hp_per_floor":[68,68,68,68,55,55,49,40,40,40,41,41,41,23,23,8,58,57,57,57,51,37,37,37,37,37,61,56,37,37,38,63,13,67,61,83,32,12,12,38,31,0],"gold":122,"neow_bonus":"TRANSFORM_TWO_CARDS","is_prod":false,"is_daily":false,"chose_seed":false,"campfire_upgraded":4,"win_rate":0,"timestamp":1548754586,"path_taken":["M","M","M","?","M","R","?","M","T","$","M","R","?","E","R","BOSS","M","?","?","M","?","?","R","?","T","R","M","?","$","M","R","BOSS","M","?","M","M","$","R","M","E"],"build_version":"2019-01-23","purchased_purges":3,"victory":false,"max_hp_per_floor":[68,68,68,68,69,69,70,71,71,71,72,72,72,73,73,74,74,75,75,75,76,81,81,81,81,81,81,82,83,83,84,84,85,85,86,86,87,88,88,88,89,89],"card_choices":[{"not_picked":["Stack","Melter"],"picked":"Rip and Tear","floor":1.0},{"not_picked":["Stack","Turbo"],"picked":"Barrage","floor":2.0},{"not_picked":["Conserve Battery","Self Repair","Steam"],"picked":"SKIP","floor":3.0},{"not_picked":["Compile Driver","Force Field","Sweeping Beam"],"picked":"SKIP","floor":5.0},{"not_picked":["Compile Driver","Aggregate","BootSequence"],"picked":"SKIP","floor":7.0},{"not_picked":["Hologram","Conserve Battery"],"picked":"Lockon","floor":8.0},{"not_picked":["Doom and Gloom","Leap"],"picked":"Coolheaded","floor":11.0},{"not_picked":["All For One","Turbo","Blizzard"],"picked":"SKIP","floor":14.0},{"not_picked":["Biased Cognition","Amplify"],"picked":"Multi-Cast","floor":16.0},{"not_picked":["Force Field+1","Aggregate","Steam"],"picked":"SKIP","floor":18.0},{"not_picked":["Turbo+1","Streamline","Steam"],"picked":"SKIP","floor":21.0},{"not_picked":["Force Field","Compile Driver+1","Sweeping Beam"],"picked":"SKIP","floor":28.0},{"not_picked":["Cold Snap","Beam Cell"],"picked":"Darkness","floor":29.0},{"not_picked":["Stack","Ball Lightning+1","Sweeping Beam+1"],"picked":"SKIP","floor":31.0},{"not_picked":["Streamline+1","Self Repair"],"picked":"Defragment+1","floor":35},{"not_picked":["Compile Driver","Cold Snap"],"picked":"White Noise+1","floor":37},{"not_picked":["Skim","Leap"],"picked":"Conserve Battery+1","floor":38},{"not_picked":["Barrage+1","Coolheaded","Doom and Gloom+1"],"picked":"SKIP","floor":41}],"player_experience":679576,"relics_obtained":[{"floor":9.0,"key":"Oddly Smooth Stone"},{"floor":14.0,"key":"Letter Opener"},{"floor":19.0,"key":"MawBank"},{"floor":26.0,"key":"Vajra"}],"event_choices":[{"damage_healed":0.0,"max_hp_gain":0.0,"max_hp_loss":0.0,"gold_gain":0.0,"event_name":"FaceTrader","player_choice":"Trade","floor":4.0,"gold_loss":0.0,"damage_taken":0.0,"relics_obtained":["FaceOfCleric"]},{"damage_healed":0.0,"max_hp_gain":0.0,"max_hp_loss":0.0,"gold_gain":0.0,"event_name":"Upgrade Shrine","player_choice":"Upgraded","floor":13.0,"gold_loss":0.0,"damage_taken":0.0,"cards_upgraded":["Lockon"]},{"damage_healed":0.0,"max_hp_gain":5.0,"max_hp_loss":0.0,"gold_gain":0.0,"event_name":"Forgotten Altar","player_choice":"Shed Blood","floor":22.0,"gold_loss":0.0,"damage_taken":19.0},{"damage_healed":0.0,"max_hp_gain":0.0,"max_hp_loss":0.0,"gold_gain":99.0,"event_name":"Nest","player_choice":"Stole From Cult","floor":23.0,"gold_loss":0.0,"damage_taken":0.0},{"damage_healed":0.0,"max_hp_gain":0.0,"max_hp_loss":0.0,"gold_gain":0.0,"event_name":"Back to Basics","player_choice":"Simplicity","floor":25.0,"gold_loss":0.0,"damage_taken":0.0,"cards_upgraded":["Strike_B","Strike_B","Defend_B","Defend_B","Defend_B","Defend_B"]},{"damage_healed":22,"gold_gain":0,"player_choice":"Writhe","damage_taken":0,"max_hp_gain":0,"max_hp_loss":0,"event_name":"Winding Halls","floor":36,"gold_loss":0,"cards_obtained":["Writhe"]}],"is_beta":false,"boss_relics":[{"not_picked":["Lizard Tail","Snecko Eye"],"picked":"Cursed Key"},{"not_picked":["Velvet Choker","Orrery"],"picked":"Astrolabe"}],"items_purged_floors":[20,30,39],"is_endless":false,"potions_floor_spawned":[1,5,14,18,29,31,33,35,38],"killed_by":"Reptomancer","ascension_level":9}