{"gold_per_floor":[17,33,44,44,44,44,63,92,92,125,125,138,138,166,166,268,268,252,202,117,117,134,134,152,152,152,152,179,179,192,208,208,306,306,318,318,365,365,416,450,461,488,538,571,571,498,498,598,598,598,598,598,10,36,36],"floor_reached":56,"playtime":3452,"items_purged":["Strike_R","Pain","Strike_R"],"score":1778,"play_id":"eeddaa4e-85ee-46d8-9a3c-48f1805a37ef","local_time":"20190129180306","is_ascension_mode":true,"campfire_choices":[{"data":"Bash","floor":6.0,"key":"SMITH"},{"data":"Flame Barrier","floor":11.0,"key":"SMITH"},{"data":"Clothesline","floor":13.0,"key":"SMITH"},{"data":"Body Slam","floor":15.0,"key":"SMITH"},{"data":"Barricade","floor":23.0,"key":"SMITH"},{"data":"Entrench","floor":25.0,"key":"SMITH"},{"data":"True Grit","floor":27.0,"key":"SMITH"},{"data":"Entrench","floor":32.0,"key":"SMITH"},{"floor":47.0,"key":"RECALL"},{"data":"Impervious","floor":49.0,"key":"SMITH"},{"data":"Dual Wield","floor":52.0,"key":"SMITH"}],"neow_cost":"NO_GOLD","seed_source_timestamp":420365557696000,"circlet_count":0,"master_deck":["Strike_R","Strike_R","Defend_R","Defend_R","Defend_R","Defend_R","Bash+1","Shrug It Off","Thunderclap","Clothesline+1","True Grit+1","Headbutt","Flame Barrier+1","Body Slam+1","Barricade+1","Entrench+1","Entrench+1","Shrug It Off","Dual Wield+1","Shockwave","Impervious+1","Body Slam+1","Demon Form","Dropkick+1","Finesse+1","Bandage Up+1","Metamorphosis+1","Pommel Strike+1","Warcry+1","PanicButton+1"],"special_seed":0,"relics":["Burning Blood","Incense Burner","Orichalcum","Ornamental Fan","Dodecahedron","Singing Bowl","Smiling Mask","Sozu","Mummified Hand","Mercury Hourglass","Self Forming Clay","Cursed Key","Unceasing Top","Vajra","Molten Egg 2","Omamori","Toxic Egg 2","Gambling Chip","Bottled Lightning","Boot","Bottled Tornado"],"potions_floor_usage":[55],"damage_taken":[{"damage":1.0,"enemies":"Cultist","floor":1.0,"turns":4.0},{"damage":9.0,"enemies":"Jaw Worm","floor":2.0,"turns":5.0},{"damage":0.0,"enemies":"Small Slimes","floor":3.0,"turns":4.0},{"damage":6.0,"enemies":"Looter","floor":7.0,"turns":4.0},{"damage":40.0,"enemies":"Lagavulin","floor":8.0,"turns":11.0},{"damage":9.0,"enemies":"3 Sentries","floor":10.0,"turns":10.0},{"damage":6.0,"enemies":"Large Slime","floor":12.0,"turns":6.0},{"damage":5.0,"enemies":"Gremlin Nob","floor":14.0,"turns":5.0},{"damage":23.0,"enemies":"The Guardian","floor":16.0,"turns":12.0},{"damage":18.0,"enemies":"2 Thieves","floor":18.0,"turns":4.0},{"damage":7.0,"enemies":"Spheric Guardian","floor":22.0,"turns":5.0},{"damage":0.0,"enemies":"Centurion and Healer","floor":24.0,"turns":7.0},{"damage":11.0,"enemies":"Gremlin Leader","floor":28.0,"turns":6.0},{"damage":14.0,"enemies":"Sentry and Sphere","floor":30.0,"turns":7.0},{"damage":18.0,"enemies":"Snake Plant","floor":31.0,"turns":5.0},{"damage":5.0,"enemies":"Champ","floor":33.0,"turns":12.0},{"damage":2.0,"enemies":"3 Darklings","floor":35.0,"turns":10.0},{"damage":27.0,"enemies":"2 Orb Walkers","floor":37.0,"turns":6.0},{"damage":6.0,"enemies":"Reptomancer","floor":40.0,"turns":8.0},{"damage":4.0,"enemies":"3 Shapes","floor":41.0,"turns":5.0},{"damage":6.0,"enemies":"Nemesis","floor":42.0,"turns":7.0},{"damage":3.0,"enemies":"Giant Head","floor":44.0,"turns":5.0},{"damage":0.0,"enemies":"Mind Bloom Boss Battle","floor":48.0,"turns":5.0},{"damage":12.0,"enemies":"Awakened One","floor":50.0,"turns":9.0},{"damage":46,"enemies":"Shield and Spear","floor":54,"turns":11},{"damage":1,"enemies":"The Heart","floor":55,"turns":10}],"seed_played":"8098673734643877805","potions_obtained":[{"floor":1.0,"key":"LiquidBronze"},{"floor":7.0,"key":"SkillPotion"},{"floor":16.0,"key":"SteroidPotion"}],"is_trial":false,"path_per_floor":["M","M","M","?","$","R","M","E","T","E","R","M","R","E","R","B",null,"M","$","?","?","M","R","M","R","T","R","E","?","M","M","R","B",null,"M","?","?","?","T","E","M","E","T","E","?","$","R","?","R","B",null,"R","$","E","B",null],"character_chosen":"IRONCLAD","items_purchased":["Pommel Strike+1","Warcry+1","Bottled Lightning","Boot","PanicButton+1"],"campfire_rested":0,"item_purchase_floors":[46,53,53,53,53],"current_hp_per_floor":[77,74,80,77,77,77,77,43,43,40,40,42,42,43,43,26,68,58,58,58,58,59,59,65,65,65,65,60,60,52,40,40,41,75,81,81,62,62,62,64,66,66,66,69,59,59,59,73,73,73,89,89,89,51,62],"gold":36,"neow_bonus":"ONE_RARE_RELIC","is_prod":false,"is_daily":false,"chose_seed":false,"campfire_upgraded":10,"win_rate":0,"timestamp":1548784986,"path_taken":["M","?","M","?","?","R","M","E","T","E","R","M","R","E","R","BOSS","M","$","?","?","M","R","M","R","T","R","E","?","M","M","R","BOSS","M","?","?","?","?","E","?","E","T","E","?","$","R","?","R","BOSS","R","$","E","BOSS"],"build_version":"2019-01-23","purchased_purges":3,"victory":true,"max_hp_per_floor":[80,80,80,80,80,80,80,80,80,80,80,82,82,82,82,82,82,84,84,84,84,86,86,86,86,86,86,86,86,86,86,86,86,86,88,88,90,90,90,92,92,92,92,92,92,92,92,94,94,94,94,94,94,96,96],"card_choices":[{"not_picked":["Dual Wield","Warcry"],"picked":"Shrug It Off","floor":1.0},{"not_picked":["Clash","Armaments"],"picked":"Thunderclap","floor":2.0},{"not_picked":["Sword Boomerang","Perfected Strike"],"picked":"Clothesline","floor":3.0},{"not_picked":["Havoc","Brutality"],"picked":"True Grit","floor":7.0},{"not_picked":["Corruption","Armaments"],"picked":"Headbutt","floor":8.0},{"not_picked":["Body Slam","Clash"],"picked":"Flame Barrier","floor":10.0},{"not_picked":["Iron Wave","Searing Blow","Blood for Blood"],"picked":"Singing Bowl","floor":12.0},{"not_picked":["Burning Pact","Headbutt"],"picked":"Body Slam","floor":14.0},{"not_picked":["Reaper","Berserk"],"picked":"Barricade","floor":16.0},{"not_picked":["Wild Strike+1","Corruption","Anger"],"picked":"Singing Bowl","floor":18.0},{"not_picked":["Infernal Blade","Ghostly Armor","Rampage+1"],"picked":"Singing Bowl","floor":22.0},{"not_picked":["Anger","Iron Wave"],"picked":"Entrench","floor":24.0},{"not_picked":["Clash","Armaments+1"],"picked":"Entrench","floor":28.0},{"not_picked":["Sword Boomerang","Rampage+1"],"picked":"Dual Wield","floor":30.0},{"not_picked":["Armaments+1","Pommel Strike"],"picked":"Shockwave","floor":31.0},{"not_picked":["Double Tap","Reaper"],"picked":"Impervious","floor":33.0},{"not_picked":["Iron Wave","Twin Strike","Wild Strike"],"picked":"Singing Bowl","floor":35.0},{"not_picked":["Corruption+1","Headbutt","Flex+1"],"picked":"Singing Bowl","floor":37.0},{"not_picked":["Intimidate","Clash+1","Armaments"],"picked":"Singing Bowl","floor":40.0},{"not_picked":["Blood for Blood+1","Hemokinesis+1"],"picked":"Body Slam+1","floor":41.0},{"not_picked":["Flame Barrier+1","Headbutt+1"],"picked":"Demon Form","floor":42.0},{"not_picked":["Inflame","Ghostly Armor"],"picked":"Dropkick+1","floor":44.0},{"not_picked":["PanicButton+1","Good Instincts+1"],"picked":"Finesse+1","floor":45.0},{"not_picked":["Swift Strike+1","Panache"],"picked":"Bandage Up+1","floor":45.0},{"not_picked":["Blind+1","Dramatic Entrance+1"],"picked":"Metamorphosis+1","floor":45.0},{"not_picked":["Havoc+1","Rupture+1","Iron Wave+1"],"picked":"Singing Bowl","floor":48.0},{"not_picked":["Feel No Pain+1","Cleave+1","Thunderclap+1"],"picked":"Singing Bowl","floor":54}],"player_experience":179442,"relics_obtained":[{"floor":8.0,"key":"Ornamental Fan"},{"floor":9.0,"key":"Dodecahedron"},{"floor":10.0,"key":"Singing Bowl"},{"floor":14.0,"key":"Smiling Mask"},{"floor":26.0,"key":"Mercury Hourglass"},{"floor":28.0,"key":"Self Forming Clay"},{"floor":37.0,"key":"Unceasing Top"},{"floor":39.0,"key":"Vajra"},{"floor":40.0,"key":"Molten Egg 2"},{"floor":42.0,"key":"Omamori"},{"floor":44.0,"key":"Toxic Egg 2"},{"floor":48.0,"key":"Gambling Chip"},{"floor":54,"key":"Bottled Tornado"}],"event_choices":[{"damage_healed":0.0,"max_hp_gain":0.0,"max_hp_loss":0.0,"gold_gain":0.0,"event_name":"Scrap Ooze","player_choice":"Success","floor":4.0,"gold_loss":0.0,"damage_taken":3.0,"relics_obtained":["Orichalcum"]},{"damage_healed":0.0,"max_hp_gain":0.0,"max_hp_loss":0.0,"gold_gain":0.0,"event_name":"Addict","player_choice":"Obtained Relic","floor":20.0,"gold_loss":85.0,"damage_taken":0.0,"relics_obtained":["Mummified Hand"]},{"damage_healed":0.0,"max_hp_gain":0.0,"max_hp_loss":0.0,"gold_gain":0.0,"event_name":"Ghosts","player_choice":"Ignored","floor":21.0,"gold_loss":0.0,"damage_taken":0.0},{"damage_healed":0.0,"max_hp_gain":0.0,"max_hp_loss":0.0,"gold_gain":0.0,"event_name":"The Library","player_choice":"Read","floor":29.0,"gold_loss":0.0,"damage_taken":0.0,"cards_obtained":["Shrug It Off"]},{"damage_healed":0.0,"max_hp_gain":0.0,"max_hp_loss":0.0,"gold_gain":0.0,"event_name":"Tomb of Lord Red Mask","player_choice":"Ignored","floor":36.0,"gold_loss":0.0,"damage_taken":0.0},{"damage_healed":0.0,"max_hp_gain":0.0,"max_hp_loss":0.0,"gold_gain":0.0,"event_name":"Mysterious Sphere","player_choice":"Fight","floor":37.0,"gold_loss":0.0,"damage_taken":0.0},{"cards_removed":["Strike_R"],"damage_healed":0.0,"max_hp_gain":0.0,"max_hp_loss":0.0,"gold_gain":0.0,"event_name":"Falling","player_choice":"Removed Attack","floor":38.0,"gold_loss":0.0,"damage_taken":0.0},{"damage_healed":0.0,"max_hp_gain":0.0,"max_hp_loss":0.0,"gold_gain":0.0,"event_name":"SensoryStone","player_choice":"Memory 3","floor":45.0,"gold_loss":0.0,"damage_taken":10.0},{"damage_healed":0.0,"max_hp_gain":0.0,"max_hp_loss":0.0,"gold_gain":0.0,"event_name":"MindBloom","player_choice":"Fight","floor":48.0,"gold_loss":0.0,"damage_taken":0.0}],"is_beta":false,"boss_relics":[{"not_picked":["Tiny House","Ectoplasm"],"picked":"Sozu"},{"not_picked":["Runic Dome","Lizard Tail"],"picked":"Cursed Key"}],"items_purged_floors":[19,46,53],"is_endless":false,"potions_floor_spawned":[1,7,16,18,22,33,35,42,44],"ascension_level":9}