{"gold_per_floor":[118,43,43,43,59,92,92,107,107,164,164,178,178,189,189,288,288,301,201,201,212,43,76,88,114,167,199,299,314,328,328,328,425,425,439,27,42,42,122,134,172,239,277,306,318,54,87,105,105,105],"floor_reached":51,"playtime":1952,"items_purged":["Bash","Strike_R","Defend_R","Defend_R"],"score":818,"play_id":"43ce86db-cd7a-4815-9101-38d30eb8bad8","local_time":"20190125204335","is_ascension_mode":false,"campfire_choices":[{"data":"Shrug It Off","floor":11,"key":"SMITH"},{"data":"Twin Strike","floor":13,"key":"SMITH"},{"data":"Sword Boomerang","floor":15,"key":"SMITH"},{"data":"Limit Break","floor":32,"key":"SMITH"},{"floor":40,"key":"DIG"},{"floor":45,"key":"RECALL"},{"data":"1","floor":49,"key":"LIFT"}],"neow_cost":"NONE","seed_source_timestamp":527735972450776,"circlet_count":0,"master_deck":["Strike_R","Strike_R","Defend_R+1","Defend_R+1","Thunderclap","Sword Boomerang+1","Reaper","Twin Strike+1","Shrug It Off+1","Rupture+1","Limit Break+1","Infernal Blade+1","Flex","Flex","Flex+1","Headbutt+1","Pummel","Shrug It Off+1","Seeing Red+1","Offering","Bloodletting+1","Offering","Inflame+1","Inflame+1","Pummel+1"],"relics":["Burning Blood","Pen Nib","Meat on the Bone","Frozen Egg 2","Matryoshka","Runic Pyramid","Vajra","Turnip","Molten Egg 2","Tiny Chest","Blue Candle","Red Mask","Shovel","Shuriken","Black Star","Bottled Flame","MawBank","The Courier","Bronze Scales","War Paint","Dream Catcher","Girya","Omamori","Brimstone","Oddly Smooth Stone","Thread and Needle"],"potions_floor_usage":[6,10,25,25,42,42,50],"damage_taken":[{"damage":3,"enemies":"Small Slimes","floor":1,"turns":3},{"damage":4,"enemies":"2 Louse","floor":5,"turns":3},{"damage":54,"enemies":"Lagavulin","floor":6,"turns":9},{"damage":7,"enemies":"Cultist","floor":8,"turns":4},{"damage":22,"enemies":"Gremlin Nob","floor":10,"turns":4},{"damage":10,"enemies":"Red Slaver","floor":12,"turns":3},{"damage":1,"enemies":"2 Fungi Beasts","floor":14,"turns":4},{"damage":58,"enemies":"The Guardian","floor":16,"turns":11},{"damage":19,"enemies":"3 Byrds","floor":18,"turns":5},{"damage":17,"enemies":"2 Thieves","floor":21,"turns":4},{"damage":20,"enemies":"Gremlin Leader","floor":23,"turns":5},{"damage":36,"enemies":"Shelled Parasite and Fungi","floor":24,"turns":4},{"damage":20,"enemies":"Book of Stabbing","floor":25,"turns":5},{"damage":21,"enemies":"Masked Bandits","floor":27,"turns":3},{"damage":2,"enemies":"Colosseum Slavers","floor":28,"turns":4},{"damage":12,"enemies":"Colosseum Nobs","floor":28,"turns":4},{"damage":6,"enemies":"Cultist and Chosen","floor":29,"turns":4},{"damage":6,"enemies":"Centurion and Healer","floor":30,"turns":3},{"damage":39,"enemies":"Collector","floor":33,"turns":7},{"damage":2,"enemies":"Orb Walker","floor":35,"turns":3},{"damage":26,"enemies":"3 Shapes","floor":37,"turns":3},{"damage":28,"enemies":"Reptomancer","floor":41,"turns":3},{"damage":32,"enemies":"2 Orb Walkers","floor":42,"turns":4},{"damage":18,"enemies":"Jaw Worm Horde","floor":44,"turns":2},{"damage":42,"enemies":"Nemesis","floor":47,"turns":3},{"damage":15,"enemies":"Maw","floor":48,"turns":3},{"damage":80,"enemies":"Time Eater","floor":50,"turns":6}],"seed_played":"-9170359574882776409","potions_obtained":[{"floor":5,"key":"FearPotion"},{"floor":8,"key":"Swift Potion"},{"floor":12,"key":"Dexterity Potion"},{"floor":14,"key":"Swift Potion"},{"floor":21,"key":"Poison Potion"},{"floor":24,"key":"Regen Potion"},{"floor":29,"key":"Weak Potion"},{"floor":33,"key":"GamblersBrew"},{"floor":35,"key":"FairyPotion"},{"floor":47,"key":"Fire Potion"},{"floor":48,"key":"Weak Potion"}],"is_trial":false,"path_per_floor":["M","$","?","$","M","E","?","M","T","?","R","M","R","M","R","B",null,"M","$","?","M","$","E","M","E","T","?","?","M","M","?","R","B",null,"M","$","M","?","T","R","E","?","T","M","R","$","E","M","R","B",null],"character_chosen":"IRONCLAD","items_purchased":["Vajra","Flex","Bottled Flame","Inflame+1","Brimstone"],"campfire_rested":0,"item_purchase_floors":[22,22,36,36,46],"current_hp_per_floor":[80,80,85,85,85,37,20,31,31,31,31,45,45,58,58,22,85,72,72,72,61,61,66,59,57,57,66,74,85,85,85,85,63,85,85,85,65,65,65,65,55,66,66,85,85,85,85,76,76,51],"gold":105,"neow_bonus":"RANDOM_COMMON_RELIC","is_prod":false,"is_daily":false,"chose_seed":false,"campfire_upgraded":4,"win_rate":0,"timestamp":1548461615,"path_taken":["M","$","?","$","M","E","?","M","T","?","R","M","R","M","R","BOSS","M","$","?","M","?","E","?","E","T","?","?","M","M","?","R","BOSS","M","$","M","?","?","R","E","?","T","?","R","?","E","M","R","BOSS"],"build_version":"2019-01-23","purchased_purges":4,"victory":true,"max_hp_per_floor":[80,80,85,85,85,85,85,85,85,85,85,85,85,85,85,85,85,85,85,85,85,85,85,85,85,85,85,85,85,85,85,85,85,85,85,85,85,85,85,85,85,85,85,85,85,85,85,85,85,85],"card_choices":[{"not_picked":["Cleave","Armaments"],"picked":"Thunderclap","floor":1},{"not_picked":["Rage","Anger"],"picked":"Sword Boomerang","floor":5},{"not_picked":["Body Slam","Blood for Blood"],"picked":"Reaper","floor":6},{"not_picked":["Dropkick","Battle Trance"],"picked":"Twin Strike","floor":8},{"not_picked":["Armaments","Thunderclap"],"picked":"Shrug It Off","floor":10},{"not_picked":["Warcry","Perfected Strike"],"picked":"Rupture+1","floor":12},{"not_picked":["Perfected Strike","Flex","Clothesline"],"picked":"SKIP","floor":14},{"not_picked":["Fiend Fire","Reaper"],"picked":"Limit Break","floor":16},{"not_picked":["Heavy Blade+1","Havoc"],"picked":"Infernal Blade+1","floor":18},{"not_picked":["Sword Boomerang","Dual Wield"],"picked":"Flex","floor":21},{"not_picked":["Clash+1","Fiend Fire"],"picked":"Headbutt+1","floor":23},{"not_picked":["Cleave","Warcry"],"picked":"Pummel","floor":24},{"not_picked":["Barricade+1","Pommel Strike"],"picked":"Shrug It Off+1","floor":25},{"not_picked":["Pummel+1","Anger+1"],"picked":"Seeing Red+1","floor":27},{"not_picked":["Anger+1","Burning Pact"],"picked":"Offering","floor":29},{"not_picked":["Wild Strike+1","Sword Boomerang+1","Thunderclap+1"],"picked":"SKIP","floor":30},{"not_picked":["Fiend Fire+1","Barricade+1"],"picked":"Offering","floor":33},{"not_picked":["Shrug It Off","Havoc+1","Evolve+1"],"picked":"SKIP","floor":35},{"not_picked":["True Grit","Clothesline+1","Sword Boomerang+1"],"picked":"SKIP","floor":37},{"not_picked":["Double Tap","Anger+1"],"picked":"Inflame+1","floor":41},{"not_picked":["Heavy Blade+1","Clash+1","Fire Breathing+1"],"picked":"SKIP","floor":44},{"not_picked":["Bludgeon+1","Flame Barrier"],"picked":"Pummel+1","floor":47},{"not_picked":["Combust+1","Sever Soul+1","Thunderclap+1"],"picked":"SKIP","floor":48}],"player_experience":209252,"relics_obtained":[{"floor":6,"key":"Meat on the Bone"},{"floor":9,"key":"Frozen Egg 2"},{"floor":10,"key":"Matryoshka"},{"floor":23,"key":"Turnip"},{"floor":25,"key":"Molten Egg 2"},{"floor":26,"key":"Tiny Chest"},{"floor":26,"key":"Blue Candle"},{"floor":27,"key":"Red Mask"},{"floor":28,"key":"Shovel"},{"floor":28,"key":"Shuriken"},{"floor":39,"key":"MawBank"},{"floor":39,"key":"The Courier"},{"floor":40,"key":"Bronze Scales"},{"floor":41,"key":"War Paint"},{"floor":41,"key":"Dream Catcher"},{"floor":42,"key":"Girya"},{"floor":43,"key":"Omamori"},{"floor":47,"key":"Oddly Smooth Stone"},{"floor":47,"key":"Thread and Needle"}],"event_choices":[{"damage_healed":0,"gold_gain":0,"player_choice":"Donut","damage_taken":0,"max_hp_gain":5,"max_hp_loss":0,"event_name":"Big Fish","floor":3,"gold_loss":0},{"damage_healed":0,"gold_gain":0,"player_choice":"Entered Light","damage_taken":17,"max_hp_gain":0,"max_hp_loss":0,"event_name":"Shining Light","floor":7,"gold_loss":0,"cards_upgraded":["Defend_R","Defend_R"]},{"damage_healed":0,"gold_gain":0,"player_choice":"Searched \u00272\u0027 times","damage_taken":0,"max_hp_gain":0,"max_hp_loss":0,"event_name":"Dead Adventurer","floor":10,"gold_loss":0},{"damage_healed":0,"gold_gain":0,"cards_transformed":["Strike_R"],"player_choice":"Transformed","damage_taken":0,"max_hp_gain":0,"max_hp_loss":0,"event_name":"Transmorgrifier","floor":20,"gold_loss":0,"cards_obtained":["Flex"]},{"damage_healed":0,"gold_gain":0,"player_choice":"Fought Bandits","damage_taken":0,"max_hp_gain":0,"max_hp_loss":0,"event_name":"Masked Bandits","floor":27,"gold_loss":0},{"damage_healed":0,"gold_gain":0,"player_choice":"Fight","damage_taken":0,"max_hp_gain":0,"max_hp_loss":0,"event_name":"Colosseum","floor":28,"gold_loss":0},{"damage_healed":0,"gold_gain":0,"player_choice":"Fought Nobs","damage_taken":0,"max_hp_gain":0,"max_hp_loss":0,"event_name":"Colosseum","floor":28,"gold_loss":0},{"damage_healed":0,"gold_gain":0,"player_choice":"Read","damage_taken":0,"max_hp_gain":0,"max_hp_loss":0,"event_name":"The Library","floor":31,"gold_loss":0,"cards_obtained":["Bloodletting"]},{"cards_removed":["Strike_R"],"damage_healed":0,"gold_gain":0,"player_choice":"Removed Attack","damage_taken":0,"max_hp_gain":0,"max_hp_loss":0,"event_name":"Falling","floor":38,"gold_loss":0},{"damage_healed":0,"gold_gain":0,"player_choice":"Fight","damage_taken":0,"max_hp_gain":0,"max_hp_loss":0,"event_name":"Mysterious Sphere","floor":42,"gold_loss":0}],"is_beta":false,"boss_relics":[{"not_picked":["Velvet Choker","Mark of Pain"],"picked":"Runic Pyramid"},{"not_picked":["Busted Crown","Sozu"],"picked":"Black Star"}],"items_purged_floors":[2,19,36,46],"is_endless":false,"potions_floor_spawned":[5,8,12,14,21,24,28,29,33,35,37,47,48],"ascension_level":0}