{"gold_per_floor":[111,111,111,111,124,158,158,183,183,196,196,74,87,97,97,97],"floor_reached":16,"playtime":593,"items_purged":["Strike_R"],"score":203,"play_id":"67bcc3ff-eb20-4830-a2d4-188c6a0aca9f","local_time":"20190130172518","is_ascension_mode":true,"campfire_choices":[{"data":"Blood for Blood","floor":7,"key":"SMITH"},{"data":"Entrench","floor":15,"key":"SMITH"}],"neow_cost":"NONE","seed_source_timestamp":507436633864100,"circlet_count":0,"master_deck":["AscendersBane","Strike_R","Strike_R","Strike_R","Strike_R","Defend_R+1","Defend_R","Defend_R+1","Defend_R","Bash+1","Seeing Red","Blood for Blood+1","Thunderclap+1","Whirlwind+1","Dropkick+1","Double Tap","Bash+1","Shrug It Off","Body Slam+1","Entrench+1"],"relics":["Burning Blood","NeowsBlessing","Molten Egg 2","Ancient Tea Set"],"potions_floor_usage":[16,16],"damage_taken":[{"damage":0,"enemies":"Jaw Worm","floor":1,"turns":1},{"damage":0,"enemies":"2 Louse","floor":5,"turns":1},{"damage":0,"enemies":"Lagavulin","floor":6,"turns":1},{"damage":36,"enemies":"3 Sentries","floor":8,"turns":8},{"damage":10,"enemies":"Cultist","floor":10,"turns":4},{"damage":0,"enemies":"Large Slime","floor":13,"turns":2},{"damage":0,"enemies":"Exordium Thugs","floor":14,"turns":2},{"damage":58,"enemies":"Hexaghost","floor":16,"turns":9}],"seed_played":"-8470452343863934390","potions_obtained":[{"floor":5,"key":"Swift Potion"},{"floor":6,"key":"Ancient Potion"},{"floor":8,"key":"Poison Potion"},{"floor":13,"key":"Fruit Juice"}],"is_trial":false,"path_per_floor":["M","$","?","?","M","E","R","E","T","M","?","$","M","M","R","B"],"character_chosen":"IRONCLAD","items_purchased":["Shrug It Off"],"campfire_rested":0,"item_purchase_floors":[12],"current_hp_per_floor":[78,78,62,62,68,74,74,44,44,40,40,40,46,52,52,0],"gold":97,"neow_bonus":"THREE_ENEMY_KILL","is_prod":false,"is_daily":false,"chose_seed":false,"campfire_upgraded":2,"win_rate":0,"timestamp":1548869118,"path_taken":["M","$","?","?","M","E","R","E","T","M","?","$","?","M","R","BOSS"],"build_version":"2019-01-23","purchased_purges":1,"victory":false,"max_hp_per_floor":[80,80,80,80,80,80,80,80,80,80,80,80,80,80,80,85],"card_choices":[{"not_picked":["Anger","Havoc"],"picked":"Seeing Red","floor":1},{"not_picked":["Perfected Strike","Sever Soul"],"picked":"Blood for Blood","floor":5},{"not_picked":["Iron Wave","Havoc"],"picked":"Thunderclap","floor":6},{"not_picked":["Flex","Infernal Blade"],"picked":"Whirlwind+1","floor":8},{"not_picked":["Bludgeon+1","Clash+1"],"picked":"Dropkick+1","floor":10},{"not_picked":["Armaments","Infernal Blade"],"picked":"Body Slam+1","floor":13},{"not_picked":["Clothesline+1","Metallicize"],"picked":"Entrench","floor":14}],"player_experience":184959,"relics_obtained":[{"floor":6,"key":"Molten Egg 2"},{"floor":8,"key":"Ancient Tea Set"}],"event_choices":[{"damage_healed":0,"gold_gain":0,"player_choice":"Entered Light","damage_taken":16,"max_hp_gain":0,"max_hp_loss":0,"event_name":"Shining Light","floor":3,"gold_loss":0,"cards_upgraded":["Defend_R","Defend_R"]},{"damage_healed":0,"gold_gain":0,"player_choice":"Grow","damage_taken":0,"max_hp_gain":0,"max_hp_loss":0,"event_name":"Living Wall","floor":4,"gold_loss":0,"cards_upgraded":["Bash"]},{"damage_healed":0,"gold_gain":0,"player_choice":"2 cards matched","damage_taken":0,"max_hp_gain":0,"max_hp_loss":0,"event_name":"Match and Keep!","floor":11,"gold_loss":0,"cards_obtained":["Double Tap","Bash"]}],"is_beta":false,"boss_relics":[],"items_purged_floors":[12],"is_endless":false,"potions_floor_spawned":[5,6,8,13],"killed_by":"Hexaghost","ascension_level":10}