{"gold_per_floor":[109,125,125,143,66,76,106,106,129,129,304,304,332,343,343,438,438,458,483,483,44,44,44,44],"floor_reached":24,"playtime":1067,"items_purged":["Zap"],"score":202,"play_id":"ad99b502-6df5-4509-b360-9f51a13408e4","local_time":"20190116144105","is_ascension_mode":false,"campfire_choices":[{"data":"Blizzard","floor":10,"key":"SMITH"},{"data":"Capacitor","floor":12,"key":"SMITH"},{"data":"Cold Snap","floor":15,"key":"SMITH"},{"data":"Barrage","floor":23,"key":"SMITH"}],"neow_cost":"CURSE","seed_source_timestamp":526681600433152,"circlet_count":0,"master_deck":["Strike_B","Strike_B","Strike_B","Strike_B","Defend_B","Defend_B","Defend_B","Defend_B","Dualcast","Injury","Cold Snap+1","Cold Snap","Coolheaded","Blizzard+1","Gash+1","Capacitor+1","Doubt","Cold Snap+1","Auto Shields","All For One","BootSequence","Barrage+1","Coolheaded"],"relics":["Cracked Core","Thread and Needle","Bag of Preparation","Orichalcum","Centennial Puzzle","Whetstone","Cursed Key","Red Mask","Lee\u0027s Waffle","Anchor"],"potions_floor_usage":[4,7,16,19],"damage_taken":[{"damage":0,"enemies":"2 Louse","floor":1,"turns":3},{"damage":1,"enemies":"Small Slimes","floor":2,"turns":3},{"damage":0,"enemies":"Jaw Worm","floor":4,"turns":4},{"damage":0,"enemies":"Large Slime","floor":6,"turns":7},{"damage":6,"enemies":"Gremlin Nob","floor":7,"turns":3},{"damage":3,"enemies":"3 Sentries","floor":13,"turns":7},{"damage":0,"enemies":"Exordium Wildlife","floor":14,"turns":4},{"damage":28,"enemies":"Hexaghost","floor":16,"turns":14},{"damage":0,"enemies":"Chosen","floor":18,"turns":7},{"damage":17,"enemies":"Masked Bandits","floor":19,"turns":8},{"damage":0,"enemies":"Colosseum Slavers","floor":22,"turns":5},{"damage":93,"enemies":"Gremlin Leader","floor":24,"turns":14}],"seed_played":"-5909793403743334328","potions_obtained":[{"floor":1,"key":"Regen Potion"},{"floor":4,"key":"SteroidPotion"},{"floor":13,"key":"FearPotion"},{"floor":18,"key":"AttackPotion"}],"is_trial":false,"path_per_floor":["M","M","?","M","$","M","E","?","T","R","?","R","E","M","R","B",null,"M","?","?","$","?","R","E"],"character_chosen":"DEFECT","items_purchased":["Blizzard","Lee\u0027s Waffle","Anchor","Coolheaded"],"campfire_rested":0,"item_purchase_floors":[5,21,21,21],"current_hp_per_floor":[75,74,56,68,68,68,62,75,75,75,75,75,72,72,72,44,75,75,58,44,87,87,87,0],"gold":44,"neow_bonus":"ONE_RARE_RELIC","is_prod":false,"is_daily":false,"chose_seed":false,"campfire_upgraded":4,"win_rate":0,"timestamp":1547646065,"path_taken":["M","M","?","M","$","M","E","?","T","R","?","R","E","M","R","BOSS","M","?","?","$","?","R","E"],"build_version":"2019-01-10","purchased_purges":1,"victory":false,"max_hp_per_floor":[75,75,75,75,75,75,75,75,75,75,75,75,75,75,75,75,75,75,75,80,87,87,87,87],"card_choices":[{"not_picked":["Beam Cell","Consume"],"picked":"Cold Snap","floor":1},{"not_picked":["Leap","Skim"],"picked":"Cold Snap","floor":2},{"not_picked":["Static Discharge","Melter"],"picked":"Coolheaded","floor":4},{"not_picked":["Turbo","Compile Driver"],"picked":"Gash","floor":6},{"not_picked":["Rip and Tear","Hyperbeam"],"picked":"Capacitor","floor":7},{"not_picked":["Self Repair","Sweeping Beam"],"picked":"Cold Snap","floor":13},{"not_picked":["Ball Lightning","Undo"],"picked":"Auto Shields","floor":14},{"not_picked":["Thunder Strike","Hyperbeam"],"picked":"All For One","floor":16},{"not_picked":["Ball Lightning","Static Discharge+1"],"picked":"BootSequence","floor":18},{"not_picked":["Darkness","Melter"],"picked":"Barrage","floor":19}],"player_experience":425689,"relics_obtained":[{"floor":7,"key":"Orichalcum"},{"floor":9,"key":"Centennial Puzzle"},{"floor":13,"key":"Whetstone"},{"floor":19,"key":"Red Mask"}],"event_choices":[{"damage_healed":0,"gold_gain":0,"player_choice":"Success","damage_taken":18,"relics_obtained":["Bag of Preparation"],"max_hp_gain":0,"max_hp_loss":0,"event_name":"Scrap Ooze","floor":3,"gold_loss":0},{"damage_healed":25,"gold_gain":0,"player_choice":"Banana","damage_taken":0,"max_hp_gain":0,"max_hp_loss":0,"event_name":"Big Fish","floor":8,"gold_loss":0},{"damage_healed":0,"gold_gain":175,"player_choice":"AGREE","damage_taken":0,"max_hp_gain":0,"max_hp_loss":0,"event_name":"Liars Game","floor":11,"gold_loss":0,"cards_obtained":["Doubt"]},{"damage_healed":0,"gold_gain":0,"player_choice":"Fought Bandits","damage_taken":0,"max_hp_gain":0,"max_hp_loss":0,"event_name":"Masked Bandits","floor":19,"gold_loss":0},{"damage_healed":0,"gold_gain":0,"player_choice":"Shed Blood","damage_taken":19,"max_hp_gain":5,"max_hp_loss":0,"event_name":"Forgotten Altar","floor":20,"gold_loss":0},{"damage_healed":0,"gold_gain":0,"player_choice":"Fight","damage_taken":0,"max_hp_gain":0,"max_hp_loss":0,"event_name":"Colosseum","floor":22,"gold_loss":0},{"damage_healed":0,"gold_gain":0,"player_choice":"Fled From Nobs","damage_taken":0,"max_hp_gain":0,"max_hp_loss":0,"event_name":"Colosseum","floor":22,"gold_loss":0}],"is_beta":false,"boss_relics":[{"not_picked":["Fusion Hammer","Lizard Tail"],"picked":"Cursed Key"}],"items_purged_floors":[21],"is_endless":false,"potions_floor_spawned":[1,4,13,18,22],"killed_by":"Gremlin Leader","ascension_level":0}