{"gold_per_floor":[114,129,144,144,24,54,84,84,84,84,3,33,48,63,63,163,213,228,228,107,122,137,137,137],"floor_reached":24,"playtime":1023,"items_purged":[],"score":241,"play_id":"42d0e9a4-fc66-426e-b3cb-75ca57f73a08","local_time":"20181226170505","daily_mods":["Chimera","Vintage","DeadlyEvents"],"is_ascension_mode":false,"campfire_choices":[{"floor":8.0,"key":"REST"},{"floor":10.0,"key":"REST"},{"floor":15.0,"key":"REST"},{"floor":23,"key":"REST"}],"neow_cost":"","seed_source_timestamp":0,"circlet_count":0,"master_deck":["Bash","Survivor+1","Zap","Strike_R","Strike_G","Strike_B","Defend_R","Defend_G","Defend_B","Defragment","Hologram","Leap","Sunder","Auto Shields","Creative AI","Rip and Tear","Defragment","Leap"],"special_seed":17891,"relics":["Cracked Core","Bottled Lightning","Bag of Preparation","Question Card","Girya","Singing Bowl","Pear","Shuriken","Vajra","Dream Catcher","Tiny House","Mercury Hourglass","Enchiridion","Nunchaku","Pen Nib"],"potions_floor_usage":[18,24],"damage_taken":[{"damage":0.0,"enemies":"Cultist","floor":1.0,"turns":3.0},{"damage":2.0,"enemies":"Jaw Worm","floor":2.0,"turns":5.0},{"damage":2.0,"enemies":"Small Slimes","floor":3.0,"turns":5.0},{"damage":36.0,"enemies":"3 Sentries","floor":6.0,"turns":6.0},{"damage":26.0,"enemies":"Lagavulin","floor":7.0,"turns":8.0},{"damage":32.0,"enemies":"3 Sentries","floor":12.0,"turns":7.0},{"damage":21.0,"enemies":"3 Louse","floor":13.0,"turns":4.0},{"damage":0.0,"enemies":"Blue Slaver","floor":14.0,"turns":4.0},{"damage":3.0,"enemies":"Slime Boss","floor":16.0,"turns":11.0},{"damage":39,"enemies":"Shell Parasite","floor":18,"turns":7},{"damage":14,"enemies":"3 Byrds","floor":21,"turns":4},{"damage":0,"enemies":"Snecko","floor":22,"turns":4},{"damage":0,"enemies":"Slavers","floor":24,"turns":1}],"seed_played":"4795555821384986317","potions_obtained":[{"floor":3.0,"key":"Fire Potion"},{"floor":12.0,"key":"SkillPotion"},{"floor":13.0,"key":"SpeedPotion"},{"floor":14.0,"key":"Swift Potion"},{"floor":17.0,"key":"Fruit Juice"},{"floor":21,"key":"Swift Potion"}],"is_trial":false,"path_per_floor":["M","M","M","M","?","$","E","E","R","T","R","$","E","M","M","R","B",null,"M","?","$","M","M","R","E"],"character_chosen":"DEFECT","items_purchased":["Defragment","Hologram","Sunder","Defragment","Leap"],"campfire_rested":4,"item_purchase_floors":[5,5,11,20,20],"current_hp_per_floor":[75,73,71,71,71,35,11,34,44,70,70,38,17,17,45,42,94,60,44,44,30,30,61,61],"gold":137,"neow_bonus":"","is_prod":false,"is_daily":true,"chose_seed":false,"campfire_upgraded":0,"win_rate":0,"timestamp":1545840305,"path_taken":["M","?","M","?","$","E","?","R","T","R","$","E","M","M","R","BOSS","M","?","$","M","M","R","E"],"build_version":"2018-12-20","purchased_purges":0,"victory":false,"max_hp_per_floor":[75,75,75,75,75,75,77,77,87,87,87,87,87,87,89,89,94,99,99,99,99,99,101,101],"card_choices":[{"not_picked":["Loop","Melter","Conserve Battery"],"picked":"Leap","floor":6.0},{"not_picked":["BootSequence","Reprogram","Hologram","Fission"],"picked":"Singing Bowl","floor":7.0},{"not_picked":["Genetic Algorithm","Recycle","Hologram"],"picked":"Auto Shields","floor":12.0},{"not_picked":["Steam Power","Go for the Eyes","Recycle","Streamline"],"picked":"Singing Bowl","floor":15.0},{"not_picked":["Seek","Fission","Machine Learning"],"picked":"Creative AI","floor":16.0},{"not_picked":["Melter","Rebound","Sweeping Beam"],"picked":"Rip and Tear","floor":17.0},{"not_picked":["Rebound","Barrage","Beam Cell","Compile Driver"],"picked":"Singing Bowl","floor":23}],"player_experience":229260,"relics_obtained":[{"floor":1.0,"key":"Bottled Lightning"},{"floor":2.0,"key":"Bag of Preparation"},{"floor":3.0,"key":"Question Card"},{"floor":6.0,"key":"Girya"},{"floor":7.0,"key":"Singing Bowl"},{"floor":9.0,"key":"Pear"},{"floor":12.0,"key":"Shuriken"},{"floor":13.0,"key":"Vajra"},{"floor":14.0,"key":"Dream Catcher"},{"floor":18,"key":"Mercury Hourglass"},{"floor":19,"key":"Enchiridion"},{"floor":21,"key":"Nunchaku"},{"floor":22,"key":"Pen Nib"}],"event_choices":[{"damage_healed":0.0,"max_hp_gain":0.0,"max_hp_loss":0.0,"gold_gain":0.0,"event_name":"Scrap Ooze","player_choice":"Fled","floor":4.0,"gold_loss":0.0,"damage_taken":0.0},{"damage_healed":0,"gold_gain":0,"player_choice":"Obtained Book","damage_taken":16,"max_hp_gain":0,"max_hp_loss":0,"event_name":"Cursed Tome","floor":19,"gold_loss":0}],"is_beta":false,"boss_relics":[{"not_picked":["Runic Pyramid","Black Star"],"picked":"Tiny House"}],"items_purged_floors":[],"is_endless":false,"potions_floor_spawned":[3,12,13,14,21],"killed_by":"Slavers","ascension_level":0}