{"gold_per_floor":[114,125,75,75,75,91,119,136,183,183,197,216,67,80,80,180,180,194,104,122,122,140,140],"floor_reached":23,"playtime":1418,"items_purged":["Regret"],"score":195,"play_id":"4d65f0fd-b0a3-4e6e-a024-1667795200b8","local_time":"20190105160318","is_ascension_mode":false,"campfire_choices":[{"floor":10,"key":"RECALL"},{"floor":15,"key":"REST"}],"neow_cost":"NONE","seed_source_timestamp":671405257047282,"circlet_count":0,"master_deck":["Strike_B","Strike_B","Defend_B","Defend_B","Defend_B","Defend_B","Zap","Dualcast","Coolheaded","Loop","Redo","Rebound","Go for the Eyes","Echo Form+1","Aggregate","Self Repair","White Noise","Buffer","Coolheaded+1","FTL","White Noise"],"relics":["Cracked Core","PreservedInsect","Bag of Preparation","Blood Vial","White Beast Statue"],"potions_floor_usage":[2,12,16,23],"damage_taken":[{"damage":0,"enemies":"Cultist","floor":1,"turns":3},{"damage":5,"enemies":"2 Louse","floor":2,"turns":3},{"damage":3,"enemies":"Jaw Worm","floor":6,"turns":3},{"damage":23,"enemies":"Gremlin Nob","floor":7,"turns":4},{"damage":6,"enemies":"Red Slaver","floor":8,"turns":4},{"damage":21,"enemies":"Blue Slaver","floor":11,"turns":3},{"damage":23,"enemies":"Gremlin Gang","floor":12,"turns":6},{"damage":21,"enemies":"Exordium Wildlife","floor":14,"turns":4},{"damage":28,"enemies":"Hexaghost","floor":16,"turns":9},{"damage":10,"enemies":"Chosen","floor":18,"turns":7},{"damage":32,"enemies":"Spheric Guardian","floor":20,"turns":8},{"damage":28,"enemies":"Snake Plant","floor":22,"turns":9},{"damage":61,"enemies":"Book of Stabbing","floor":23,"turns":8}],"seed_played":"-4500590639670786497","potions_obtained":[{"floor":2,"key":"Fruit Juice"},{"floor":7,"key":"Regen Potion"},{"floor":11,"key":"EntropicBrew"},{"floor":16,"key":"FocusPotion"}],"is_trial":false,"path_per_floor":["M","M","?","?","T","M","E","M","T","R","M","M","$","M","R","B",null,"M","?","M","?","M","E"],"character_chosen":"DEFECT","items_purchased":["Self Repair"],"campfire_rested":1,"item_purchase_floors":[13],"current_hp_per_floor":[82,82,82,82,82,79,56,50,50,50,31,25,25,13,39,13,87,84,84,68,68,56,0],"gold":140,"neow_bonus":"TEN_PERCENT_HP_BONUS","is_prod":false,"is_daily":false,"chose_seed":false,"campfire_upgraded":0,"win_rate":0,"timestamp":1546722198,"path_taken":["M","M","?","?","?","?","E","M","T","R","M","M","$","M","R","BOSS","M","?","?","?","M","E"],"build_version":"2019-01-03v4","purchased_purges":1,"victory":false,"max_hp_per_floor":[82,87,87,87,87,87,87,87,87,87,87,87,87,87,87,87,87,87,87,87,87,87,87],"card_choices":[{"not_picked":["Compile Driver","Beam Cell"],"picked":"Coolheaded","floor":1},{"not_picked":["Redo","BootSequence"],"picked":"Loop","floor":2},{"not_picked":["Tempest","Undo"],"picked":"Redo","floor":6},{"not_picked":["Beam Cell","Scrape"],"picked":"Rebound","floor":7},{"not_picked":["Hologram","Steam"],"picked":"Go for the Eyes","floor":8},{"not_picked":["Coolheaded","Genetic Algorithm"],"picked":"Echo Form","floor":11},{"not_picked":["Go for the Eyes","Steam"],"picked":"Aggregate","floor":12},{"not_picked":["Stack","Darkness"],"picked":"White Noise","floor":14},{"not_picked":["Reboot","All For One"],"picked":"Buffer","floor":16},{"not_picked":["Leap","Cold Snap"],"picked":"Coolheaded+1","floor":18},{"not_picked":["Rip and Tear","Turbo"],"picked":"FTL","floor":20},{"not_picked":["Sweeping Beam","Redo"],"picked":"White Noise","floor":22}],"player_experience":33284,"relics_obtained":[{"floor":7,"key":"Bag of Preparation"},{"floor":9,"key":"Blood Vial"}],"event_choices":[{"cards_removed":["Strike_B"],"damage_healed":0,"gold_gain":0,"player_choice":"Card Removal","damage_taken":0,"max_hp_gain":0,"max_hp_loss":0,"event_name":"The Cleric","floor":3,"gold_loss":50},{"damage_healed":0,"gold_gain":0,"player_choice":"Box","damage_taken":0,"relics_obtained":["PreservedInsect"],"max_hp_gain":0,"max_hp_loss":0,"event_name":"Big Fish","floor":4,"gold_loss":0,"cards_obtained":["Regret"]},{"cards_removed":["Strike_B"],"damage_healed":0,"gold_gain":0,"player_choice":"Upgrade and Remove","damage_taken":0,"max_hp_gain":0,"max_hp_loss":0,"event_name":"Designer","floor":19,"gold_loss":90,"cards_upgraded":["Echo Form"]},{"damage_healed":0,"gold_gain":0,"player_choice":"Ignored","damage_taken":0,"max_hp_gain":0,"max_hp_loss":0,"event_name":"Ghosts","floor":21,"gold_loss":0}],"is_beta":false,"boss_relics":[{"not_picked":["Eternal Feather","Runic Pyramid"],"picked":"White Beast Statue"}],"items_purged_floors":[13],"is_endless":false,"potions_floor_spawned":[2,7,11,16,18,20,22],"killed_by":"Book of Stabbing","ascension_level":0}