{"gold_per_floor":[119,119,131,131,141,141,171,171,249,268,295,310,310,310,310,310],"floor_reached":16,"playtime":493,"items_purged":[],"score":149,"play_id":"03944f5d-6835-4dec-88b4-89fceee6b2a0","local_time":"20190120163131","is_ascension_mode":true,"campfire_choices":[{"data":"Bash","floor":6,"key":"SMITH"},{"data":"Cleave","floor":8,"key":"SMITH"},{"data":"Pommel Strike","floor":13,"key":"SMITH"},{"data":"Metallicize","floor":15,"key":"SMITH"}],"neow_cost":"NONE","seed_source_timestamp":333281149919200,"circlet_count":0,"master_deck":["Strike_R","Strike_R","Strike_R","Defend_R","Defend_R","Defend_R","Defend_R","Bash+1","Cleave+1","Battle Trance","Pummel","Pommel Strike+1","Metallicize+1"],"relics":["Burning Blood","Regal Pillow","Vajra","Question Card","Letter Opener"],"potions_floor_usage":[11,16,16],"damage_taken":[{"damage":6,"enemies":"Cultist","floor":1,"turns":3},{"damage":9,"enemies":"2 Louse","floor":3,"turns":2},{"damage":0,"enemies":"Small Slimes","floor":5,"turns":2},{"damage":49,"enemies":"Lagavulin","floor":7,"turns":9},{"damage":2,"enemies":"Gremlin Gang","floor":10,"turns":3},{"damage":19,"enemies":"3 Sentries","floor":11,"turns":8},{"damage":0,"enemies":"2 Fungi Beasts","floor":12,"turns":2},{"damage":26,"enemies":"Hexaghost","floor":16,"turns":9}],"seed_played":"8626140440130534658","potions_obtained":[{"floor":4,"key":"Poison Potion"},{"floor":4,"key":"Swift Potion"},{"floor":4,"key":"Dexterity Potion"},{"floor":5,"key":"Dexterity Potion"},{"floor":11,"key":"Explosive Potion"}],"is_trial":false,"path_per_floor":["M","?","M","?","M","R","E","R","T","M","E","M","R","?","R","B"],"character_chosen":"IRONCLAD","items_purchased":[],"campfire_rested":0,"item_purchase_floors":[],"current_hp_per_floor":[72,65,62,62,68,68,25,25,25,29,16,22,22,22,22,0],"gold":310,"neow_bonus":"RANDOM_COMMON_RELIC","is_prod":false,"is_daily":false,"chose_seed":false,"campfire_upgraded":4,"win_rate":0,"timestamp":1548001891,"path_taken":["M","?","M","?","M","R","E","R","T","?","E","M","R","?","R","BOSS"],"build_version":"2019-01-17v2","purchased_purges":0,"victory":false,"max_hp_per_floor":[80,80,80,80,80,80,80,80,80,80,80,80,80,80,80,80],"card_choices":[{"not_picked":["Wild Strike","Perfected Strike"],"picked":"Cleave","floor":1},{"not_picked":["Headbutt","Havoc","Rupture"],"picked":"SKIP","floor":3},{"not_picked":["Headbutt","Warcry"],"picked":"Battle Trance","floor":5},{"not_picked":["Second Wind","Havoc"],"picked":"Pummel","floor":7},{"not_picked":["Flex","Rage","Clash"],"picked":"Pommel Strike","floor":10},{"not_picked":["Entrench","Limit Break","Wild Strike"],"picked":"Metallicize","floor":11},{"not_picked":["Havoc","Pommel Strike","Wild Strike","Headbutt"],"picked":"SKIP","floor":12}],"player_experience":139025,"relics_obtained":[{"floor":7,"key":"Vajra"},{"floor":9,"key":"Question Card"},{"floor":11,"key":"Letter Opener"}],"event_choices":[{"cards_removed":["Strike_R"],"damage_healed":0,"gold_gain":0,"player_choice":"Card Removal","damage_taken":7,"max_hp_gain":0,"max_hp_loss":0,"event_name":"Golden Wing","floor":2,"gold_loss":0},{"damage_healed":0,"gold_gain":0,"player_choice":"Got Potions","damage_taken":0,"max_hp_gain":0,"max_hp_loss":0,"event_name":"Lab","floor":4,"gold_loss":0},{"cards_removed":["Strike_R"],"damage_healed":0,"gold_gain":0,"player_choice":"Purged","damage_taken":0,"max_hp_gain":0,"max_hp_loss":0,"event_name":"Purifier","floor":14,"gold_loss":0}],"is_beta":false,"boss_relics":[],"items_purged_floors":[],"is_endless":false,"potions_floor_spawned":[5,7,11],"killed_by":"Hexaghost","ascension_level":7}