{"gold_per_floor":[117,117,70,81,81,81,95,130,130,80,255,287,287,297,297,400,400,417,429,117,129,129,129,129,141,141,157,82,97,97,97,97,197,197,216,227,227,241,1,1,18,30,30,30,30,43,62,62,62,62],"floor_reached":50,"playtime":1698,"items_purged":[],"score":711,"play_id":"ef630799-efcf-41a8-ae87-6de5c2ca1a8e","local_time":"20181231144102","is_ascension_mode":true,"campfire_choices":[{"data":"Perfected Strike","floor":6.0,"key":"SMITH"},{"floor":15.0,"key":"REST"},{"data":"Demon Form","floor":23.0,"key":"SMITH"},{"data":"Perfected Strike","floor":30.0,"key":"SMITH"},{"data":"Flame Barrier","floor":32.0,"key":"SMITH"},{"floor":40.0,"key":"REST"},{"floor":44,"key":"REST"},{"floor":49,"key":"REST"}],"neow_cost":"NONE","seed_source_timestamp":0,"circlet_count":0,"master_deck":["Strike_R","Strike_R","Strike_R","Strike_R","Strike_R","Defend_R","Defend_R","Defend_R","Twin Strike","Shrug It Off","Perfected Strike+1","Ghostly Armor","Feed","Wild Strike","Disarm+1","Flame Barrier+1","Demon Form+1","Perfected Strike+1","Perfected Strike+1","Demon Form","Sword Boomerang","Spot Weakness","Parasite","Clumsy","Bandage Up","Pommel Strike+1","Heavy Blade"],"special_seed":0,"relics":["Burning Blood","Omamori","Mercury Hourglass","Art of War","Kunai","Cursed Key","Darkstone Periapt","Mummified Hand","Membership Card","Gremlin Horn"],"potions_floor_usage":[42,46,50],"damage_taken":[{"damage":9.0,"enemies":"2 Louse","floor":1.0,"turns":4.0},{"damage":0.0,"enemies":"Cultist","floor":4.0,"turns":3.0},{"damage":0.0,"enemies":"Small Slimes","floor":7.0,"turns":2.0},{"damage":26.0,"enemies":"Gremlin Nob","floor":8.0,"turns":4.0},{"damage":35.0,"enemies":"Lagavulin","floor":12.0,"turns":4.0},{"damage":0.0,"enemies":"2 Fungi Beasts","floor":14.0,"turns":3.0},{"damage":28.0,"enemies":"Slime Boss","floor":16.0,"turns":12.0},{"damage":0.0,"enemies":"Spheric Guardian","floor":18.0,"turns":3.0},{"damage":12.0,"enemies":"Shell Parasite","floor":19.0,"turns":6.0},{"damage":28.0,"enemies":"Shelled Parasite and Fungi","floor":21.0,"turns":5.0},{"damage":14.0,"enemies":"Snake Plant","floor":25.0,"turns":5.0},{"damage":2.0,"enemies":"Centurion and Healer","floor":27.0,"turns":4.0},{"damage":7.0,"enemies":"Shelled Parasite and Fungi","floor":29.0,"turns":4.0},{"damage":62.0,"enemies":"Automaton","floor":33.0,"turns":9.0},{"damage":30.0,"enemies":"3 Darklings","floor":35.0,"turns":4.0},{"damage":3.0,"enemies":"3 Shapes","floor":36.0,"turns":4.0},{"damage":36.0,"enemies":"3 Darklings","floor":38.0,"turns":8.0},{"damage":35.0,"enemies":"Spire Growth","floor":41.0,"turns":6.0},{"damage":30,"enemies":"Writhing Mass","floor":42,"turns":6},{"damage":29,"enemies":"3 Darklings","floor":46,"turns":4},{"damage":2,"enemies":"Jaw Worm Horde","floor":47,"turns":5},{"damage":106,"enemies":"Time Eater","floor":50,"turns":7}],"seed_played":"4427606959383195045","potions_obtained":[{"floor":4.0,"key":"SpeedPotion"},{"floor":14.0,"key":"EssenceOfSteel"},{"floor":21.0,"key":"Explosive Potion"},{"floor":29.0,"key":"Swift Potion"},{"floor":33.0,"key":"Fire Potion"},{"floor":35.0,"key":"Explosive Potion"},{"floor":38.0,"key":"Explosive Potion"},{"floor":42,"key":"GamblersBrew"},{"floor":46,"key":"Swift Potion"}],"is_trial":false,"path_per_floor":["M","?","$","M","?","R","M","E","T","?","?","E","?","M","R","B",null,"M","M","$","M","?","R","?","M","T","M","?","M","R","?","R","B",null,"M","M","?","M","$","R","M","M","T","R","?","M","M","?","R","B"],"character_chosen":"IRONCLAD","items_purchased":["Shrug It Off","Perfected Strike","Darkstone Periapt","Membership Card","Spot Weakness"],"campfire_rested":4,"item_purchase_floors":[3,20,20,39,39],"current_hp_per_floor":[69,69,69,75,75,75,80,60,60,60,60,31,31,37,61,42,73,82,79,79,60,60,60,90,85,91,95,95,97,97,97,97,41,88,64,67,67,37,37,68,39,21,27,61,61,42,53,53,88,0],"gold":62,"neow_bonus":"RANDOM_COMMON_RELIC","is_prod":false,"is_daily":false,"chose_seed":false,"campfire_upgraded":4,"win_rate":0,"timestamp":1546263662,"path_taken":["M","?","$","M","?","R","?","E","T","?","?","E","?","?","R","BOSS","M","M","$","M","?","R","?","M","T","M","?","?","R","?","R","BOSS","M","M","?","M","$","R","M","M","T","R","?","?","M","?","R","BOSS"],"build_version":"2018-12-20","purchased_purges":0,"victory":false,"max_hp_per_floor":[80,80,80,80,80,80,80,80,80,80,80,80,80,80,80,83,83,86,89,89,92,92,92,92,95,101,101,101,104,104,104,104,104,104,104,104,104,104,104,104,104,110,116,116,116,116,119,119,119,119],"card_choices":[{"not_picked":["Cleave","Searing Blow"],"picked":"Twin Strike","floor":1.0},{"not_picked":["Body Slam","Wild Strike"],"picked":"Perfected Strike","floor":4.0},{"not_picked":["Pommel Strike","Pummel"],"picked":"Feed","floor":7.0},{"not_picked":["Seeing Red","Rage"],"picked":"Wild Strike","floor":8.0},{"not_picked":["Bloodletting","Wild Strike"],"picked":"Disarm","floor":12.0},{"not_picked":["Clash","Sentinel"],"picked":"Flame Barrier","floor":14.0},{"not_picked":["Barricade","Reaper"],"picked":"Demon Form","floor":16.0},{"not_picked":["Armaments","Clothesline","Anger"],"picked":"SKIP","floor":18.0},{"not_picked":["True Grit","Thunderclap+1","Sever Soul"],"picked":"SKIP","floor":19.0},{"not_picked":["Headbutt+1","Clash","Havoc+1"],"picked":"SKIP","floor":21.0},{"not_picked":["Immolate","Sever Soul"],"picked":"Perfected Strike+1","floor":25.0},{"not_picked":["Thunderclap","Havoc","Cleave+1"],"picked":"SKIP","floor":27.0},{"not_picked":["Rampage","Thunderclap","Sword Boomerang"],"picked":"SKIP","floor":29.0},{"not_picked":["Immolate","Bludgeon"],"picked":"Demon Form","floor":33.0},{"not_picked":["Thunderclap","Flame Barrier+1","Blood for Blood"],"picked":"SKIP","floor":35.0},{"not_picked":["Fire Breathing+1","Armaments","Rage"],"picked":"SKIP","floor":36.0},{"not_picked":["Iron Wave","Flex+1"],"picked":"Sword Boomerang","floor":38.0},{"not_picked":["Armaments+1","Clash+1","Ghostly Armor"],"picked":"SKIP","floor":41.0},{"not_picked":["Feel No Pain+1","Evolve+1","Cleave"],"picked":"SKIP","floor":42},{"not_picked":["Seeing Red+1","Shrug It Off+1"],"picked":"Pommel Strike+1","floor":46},{"not_picked":["Barricade","Havoc"],"picked":"Heavy Blade","floor":47}],"player_experience":247492,"relics_obtained":[{"floor":8.0,"key":"Mercury Hourglass"},{"floor":9.0,"key":"Art of War"},{"floor":12.0,"key":"Kunai"},{"floor":26.0,"key":"Mummified Hand"},{"floor":43,"key":"Gremlin Horn"}],"event_choices":[{"damage_healed":0.0,"max_hp_gain":0.0,"max_hp_loss":0.0,"gold_gain":0.0,"event_name":"Golden Wing","player_choice":"Ignored","floor":2.0,"gold_loss":0.0,"damage_taken":0.0},{"damage_healed":0.0,"max_hp_gain":0.0,"max_hp_loss":0.0,"gold_gain":0.0,"cards_transformed":["Bash"],"event_name":"Transmorgrifier","player_choice":"Transformed","floor":5.0,"gold_loss":0.0,"damage_taken":0.0,"cards_obtained":["Ghostly Armor"]},{"cards_removed":["Defend_R"],"damage_healed":0.0,"max_hp_gain":0.0,"max_hp_loss":0.0,"gold_gain":0.0,"event_name":"The Cleric","player_choice":"Card Removal","floor":10.0,"gold_loss":50.0,"damage_taken":0.0},{"damage_healed":0.0,"max_hp_gain":0.0,"max_hp_loss":0.0,"gold_gain":175.0,"event_name":"Liars Game","player_choice":"AGREE","floor":11.0,"gold_loss":0.0,"damage_taken":0.0,"cards_obtained":["Doubt"]},{"damage_healed":0.0,"max_hp_gain":0.0,"max_hp_loss":0.0,"gold_gain":0.0,"event_name":"Living Wall","player_choice":"Grow","floor":13.0,"gold_loss":0.0,"damage_taken":0.0,"cards_upgraded":["Disarm"]},{"damage_healed":0.0,"max_hp_gain":0.0,"max_hp_loss":0.0,"gold_gain":0.0,"event_name":"Forgotten Altar","player_choice":"Smashed Altar","floor":22.0,"gold_loss":0.0,"damage_taken":0.0,"cards_obtained":["Decay"]},{"damage_healed":30.0,"max_hp_gain":0.0,"max_hp_loss":0.0,"gold_gain":0.0,"event_name":"The Library","player_choice":"Heal","floor":24.0,"gold_loss":0.0,"damage_taken":0.0},{"cards_removed":["Normality"],"damage_healed":0.0,"max_hp_gain":0.0,"max_hp_loss":0.0,"gold_gain":0.0,"event_name":"Beggar","player_choice":"Gave Gold","floor":28.0,"gold_loss":75.0,"damage_taken":0.0},{"damage_healed":0.0,"max_hp_gain":0.0,"max_hp_loss":0.0,"gold_gain":0.0,"event_name":"Ghosts","player_choice":"Ignored","floor":31.0,"gold_loss":0.0,"damage_taken":0.0},{"damage_healed":0.0,"max_hp_gain":0.0,"max_hp_loss":0.0,"gold_gain":0.0,"event_name":"SensoryStone","player_choice":"Memory 1","floor":37.0,"gold_loss":0.0,"damage_taken":0.0},{"damage_healed":0,"gold_gain":0,"player_choice":"1 cards matched","damage_taken":0,"max_hp_gain":0,"max_hp_loss":0,"event_name":"Match and Keep!","floor":45,"gold_loss":0,"cards_obtained":["Bandage Up"]},{"damage_healed":0,"gold_gain":0,"player_choice":"Ignored","damage_taken":0,"max_hp_gain":0,"max_hp_loss":0,"event_name":"Mysterious Sphere","floor":48,"gold_loss":0}],"is_beta":false,"boss_relics":[{"not_picked":["Runic Dome","Philosopher\u0027s Stone"],"picked":"Cursed Key"},{"not_picked":["Empty Cage","Astrolabe","Coffee Dripper"]}],"items_purged_floors":[],"is_endless":false,"potions_floor_spawned":[4,14,21,29,33,35,38,42,46],"killed_by":"Time Eater","ascension_level":8}