{"gold_per_floor":[110,127,127,127,127,127,155,155,180,193,218,69,46,65,65,170,220,240,255,170,170,181,181,193,193,220,220,319,319,345,345,345,345],"floor_reached":33,"playtime":1201,"items_purged":[],"score":336,"play_id":"42f8111b-0146-4525-90d2-15e0f1b32581","local_time":"20181231012931","is_ascension_mode":false,"campfire_choices":[{"data":"Bash","floor":6,"key":"SMITH"},{"data":"Strike_R","floor":8,"key":"SMITH"},{"data":"Pommel Strike","floor":15,"key":"SMITH"},{"floor":23,"key":"REST"},{"floor":27,"key":"REST"},{"data":"Clash","floor":32,"key":"SMITH"}],"neow_cost":"NONE","seed_source_timestamp":787581711060490,"circlet_count":0,"master_deck":["Strike_R","Strike_R","Strike_R","Strike_R","Strike_R+1","Defend_R","Defend_R","Defend_R+1","Bash+1","Pommel Strike+1","Clash+1"],"relics":["Burning Blood","NeowsBlessing","Shuriken","Strawberry","Omamori","Juzu Bracelet","Tiny House","Vajra","Enchiridion","Anchor","Smiling Mask"],"potions_floor_usage":[16,18,19,22,33],"damage_taken":[{"damage":0,"enemies":"Small Slimes","floor":1,"turns":1},{"damage":0,"enemies":"2 Louse","floor":2,"turns":1},{"damage":0,"enemies":"Lagavulin","floor":7,"turns":1},{"damage":1,"enemies":"Cultist","floor":10,"turns":3},{"damage":0,"enemies":"Exordium Thugs","floor":14,"turns":3},{"damage":88,"enemies":"Hexaghost","floor":16,"turns":10},{"damage":5,"enemies":"3 Byrds","floor":18,"turns":6},{"damage":8,"enemies":"Spheric Guardian","floor":19,"turns":4},{"damage":34,"enemies":"3 Cultists","floor":22,"turns":6},{"damage":51,"enemies":"Centurion and Healer","floor":24,"turns":7},{"damage":5,"enemies":"Gremlin Leader","floor":30,"turns":5},{"damage":61,"enemies":"Collector","floor":33,"turns":7}],"seed_played":"-6264055937865458614","potions_obtained":[{"floor":7,"key":"Weak Potion"},{"floor":10,"key":"AttackPotion"},{"floor":17,"key":"Energy Potion"},{"floor":18,"key":"Strength Potion"},{"floor":19,"key":"SteroidPotion"},{"floor":30,"key":"Dexterity Potion"}],"is_trial":false,"path_per_floor":["M","M","?","?","$","R","E","R","T","M","T","$","$","M","R","B",null,"M","M","?","?","M","R","M","?","T","R","?","?","E","?","R","B"],"character_chosen":"IRONCLAD","items_purchased":["Juzu Bracelet","Clash"],"campfire_rested":2,"item_purchase_floors":[12,13],"current_hp_per_floor":[80,80,85,85,85,85,85,85,92,92,92,92,92,92,92,10,97,97,95,95,76,48,78,33,17,17,47,47,47,48,82,82,21],"gold":345,"neow_bonus":"THREE_ENEMY_KILL","is_prod":false,"is_daily":false,"chose_seed":false,"campfire_upgraded":4,"win_rate":0,"timestamp":1546232371,"path_taken":["M","M","?","?","$","R","E","R","T","?","?","?","$","M","R","BOSS","M","M","?","?","M","R","M","?","T","R","?","?","E","?","R","BOSS"],"build_version":"2018-12-20","purchased_purges":0,"victory":false,"max_hp_per_floor":[80,80,85,85,85,85,85,85,92,92,92,92,92,92,92,92,97,97,97,97,102,102,102,102,102,102,102,102,102,102,102,102,102],"card_choices":[{"not_picked":["Wild Strike","Sword Boomerang","Blood for Blood"],"picked":"SKIP","floor":1},{"not_picked":["True Grit","Sentinel","Sword Boomerang"],"picked":"SKIP","floor":2},{"not_picked":["Power Through","True Grit","Searing Blow"],"picked":"SKIP","floor":7},{"not_picked":["Body Slam","Headbutt"],"picked":"Pommel Strike","floor":10},{"not_picked":["True Grit","Entrench","Sentinel"],"picked":"SKIP","floor":14},{"not_picked":["Body Slam","Shrug It Off","Rupture+1"],"picked":"SKIP","floor":18},{"not_picked":["Pummel","Dual Wield","Ghostly Armor"],"picked":"SKIP","floor":19},{"not_picked":["Burning Pact+1","Sword Boomerang","Armaments"],"picked":"SKIP","floor":22},{"not_picked":["Heavy Blade","Double Tap","Clothesline"],"picked":"SKIP","floor":24},{"not_picked":["Metallicize","Perfected Strike","Iron Wave+1"],"picked":"SKIP","floor":30}],"player_experience":130311,"relics_obtained":[{"floor":7,"key":"Shuriken"},{"floor":9,"key":"Strawberry"},{"floor":11,"key":"Omamori"},{"floor":25,"key":"Enchiridion"},{"floor":26,"key":"Anchor"},{"floor":30,"key":"Smiling Mask"}],"event_choices":[{"damage_healed":0,"gold_gain":0,"player_choice":"Donut","damage_taken":0,"max_hp_gain":5,"max_hp_loss":0,"event_name":"Big Fish","floor":3,"gold_loss":0},{"damage_healed":0,"gold_gain":0,"player_choice":"Bought 0 Potions","damage_taken":0,"max_hp_gain":0,"max_hp_loss":0,"event_name":"The Woman in Blue","floor":4,"gold_loss":0},{"damage_healed":0,"gold_gain":0,"player_choice":"Obtained Relic","damage_taken":0,"relics_obtained":["Vajra"],"max_hp_gain":0,"max_hp_loss":0,"event_name":"Addict","floor":20,"gold_loss":85},{"damage_healed":0,"gold_gain":0,"player_choice":"Shed Blood","damage_taken":24,"max_hp_gain":5,"max_hp_loss":0,"event_name":"Forgotten Altar","floor":21,"gold_loss":0},{"damage_healed":0,"gold_gain":0,"player_choice":"Obtained Book","damage_taken":16,"max_hp_gain":0,"max_hp_loss":0,"event_name":"Cursed Tome","floor":25,"gold_loss":0},{"damage_healed":0,"gold_gain":99,"player_choice":"Stole From Cult","damage_taken":0,"max_hp_gain":0,"max_hp_loss":0,"event_name":"Nest","floor":28,"gold_loss":0},{"cards_removed":["Defend_R"],"damage_healed":0,"gold_gain":0,"player_choice":"Offered Basic","damage_taken":0,"max_hp_gain":0,"max_hp_loss":0,"event_name":"Bonfire Elementals","floor":29,"gold_loss":0},{"damage_healed":34,"gold_gain":0,"player_choice":"Heal","damage_taken":0,"max_hp_gain":0,"max_hp_loss":0,"event_name":"The Library","floor":31,"gold_loss":0}],"is_beta":false,"boss_relics":[{"not_picked":["Empty Cage","Snecko Eye"],"picked":"Tiny House"}],"items_purged_floors":[],"is_endless":false,"potions_floor_spawned":[7,10,18,19,30],"killed_by":"Collector","ascension_level":0}