{"gold_per_floor":[114,114,135,135,135,166,166,185,209,227,227,227,227,17,17,141,141,155,155,155,80,118,151,151,182,230,250,350,3,3,3,3,102,102,122,122,122,122,134,134,159,183,206,206,232,332,45,59,59,59,59,59,59,91,91],"floor_reached":56,"playtime":3257,"items_purged":["Defend_B","Strike_B"],"score":1358,"play_id":"9c16b1ed-6fb7-4724-a288-4951a542b86a","local_time":"20190127143405","is_ascension_mode":false,"campfire_choices":[{"floor":7,"key":"REST"},{"data":"Heatsinks","floor":11,"key":"SMITH"},{"floor":15,"key":"REST"},{"floor":32,"key":"REST"},{"data":"Discovery","floor":40,"key":"SMITH"},{"floor":44,"key":"RECALL"},{"floor":49,"key":"DIG"},{"floor":52,"key":"DIG"}],"neow_cost":"PERCENT_DAMAGE","seed_source_timestamp":677055645088930,"circlet_count":0,"master_deck":["Strike_B","Strike_B","Defend_B","Defend_B","Zap+1","Dualcast+1","Heatsinks+1","Heatsinks","Force Field","Conserve Battery+1","Creative AI","Buffer","Reboot","Capacitor","Defragment+1","Echo Form","Panache","Discovery+1","Magnetism","Defragment","Force Field"],"relics":["Cracked Core","Bird Faced Urn","Bloody Idol","Oddly Smooth Stone","Juzu Bracelet","Lizard Tail","Gremlin Horn","Red Mask","Bottled Tornado","Shovel","Darkstone Periapt","Lantern","Mummified Hand","White Beast Statue","Strawberry","Boot","Mango","Calipers","Torii","Mercury Hourglass","Pear","Kunai"],"potions_floor_usage":[6,22,23,25,55,55],"damage_taken":[{"damage":0,"enemies":"Small Slimes","floor":1,"turns":3},{"damage":0,"enemies":"Cultist","floor":3,"turns":3},{"damage":21,"enemies":"Lagavulin","floor":6,"turns":6},{"damage":0,"enemies":"Jaw Worm","floor":8,"turns":3},{"damage":0,"enemies":"Blue Slaver","floor":10,"turns":4},{"damage":24,"enemies":"The Guardian","floor":16,"turns":8},{"damage":10,"enemies":"Chosen","floor":18,"turns":8},{"damage":29,"enemies":"2 Thieves","floor":21,"turns":5},{"damage":20,"enemies":"Masked Bandits","floor":22,"turns":7},{"damage":63,"enemies":"Gremlin Leader","floor":23,"turns":9},{"damage":46,"enemies":"Slavers","floor":25,"turns":5},{"damage":12,"enemies":"Centurion and Healer","floor":27,"turns":9},{"damage":0,"enemies":"Automaton","floor":33,"turns":6},{"damage":13,"enemies":"3 Shapes","floor":35,"turns":4},{"damage":11,"enemies":"Orb Walker","floor":39,"turns":3},{"damage":0,"enemies":"Giant Head","floor":41,"turns":5},{"damage":0,"enemies":"Nemesis","floor":45,"turns":5},{"damage":24,"enemies":"Mind Bloom Boss Battle","floor":46,"turns":3},{"damage":0,"enemies":"Writhing Mass","floor":48,"turns":3},{"damage":67,"enemies":"Time Eater","floor":50,"turns":9},{"damage":8,"enemies":"Shield and Spear","floor":54,"turns":4},{"damage":24,"enemies":"The Heart","floor":55,"turns":7}],"seed_played":"-7873694796956368490","potions_obtained":[{"floor":1,"key":"SkillPotion"},{"floor":3,"key":"Block Potion"},{"floor":16,"key":"Strength Potion"},{"floor":22,"key":"FocusPotion"},{"floor":25,"key":"Energy Potion"},{"floor":35,"key":"FocusPotion"},{"floor":39,"key":"FearPotion"},{"floor":48,"key":"AttackPotion"},{"floor":54,"key":"LiquidBronze"}],"is_trial":false,"path_per_floor":["M","?","M","?","?","E","R","M","T","M","R","?","?","$","R","B",null,"M","?","?","M","?","E","T","E","T","M","?","$","?","?","R","B",null,"M","?","?","?","M","R","E","T","T","R","E","?","$","M","R","B",null,"R","$","E","B",null],"character_chosen":"DEFECT","items_purchased":["Creative AI","Mummified Hand","Torii"],"campfire_rested":3,"item_purchase_floors":[14,29,47],"current_hp_per_floor":[54,36,36,21,21,6,28,32,32,36,36,36,36,36,58,70,75,73,73,73,50,44,39,39,11,11,25,25,25,25,25,47,74,75,75,75,65,65,71,71,78,78,78,78,92,79,79,92,92,71,92,102,102,102,97],"gold":91,"neow_bonus":"ONE_RARE_RELIC","is_prod":false,"is_daily":false,"chose_seed":false,"campfire_upgraded":2,"win_rate":0,"timestamp":1548612245,"path_taken":["M","?","M","?","?","E","R","?","T","M","R","?","?","?","R","BOSS","M","?","?","M","?","E","?","E","T","M","?","$","?","?","R","BOSS","M","?","?","?","M","R","E","?","T","R","E","?","?","M","R","BOSS","R","$","E","BOSS"],"build_version":"2019-01-23","purchased_purges":2,"victory":true,"max_hp_per_floor":[75,75,75,75,75,75,75,75,75,75,75,75,75,75,75,75,75,75,75,75,75,75,75,75,75,75,75,75,75,75,75,75,75,75,75,75,75,71,71,71,78,78,78,78,92,92,92,92,92,92,92,102,102,102,102],"card_choices":[{"not_picked":["Ball Lightning","Darkness"],"picked":"Heatsinks","floor":1},{"not_picked":["Gash","Rebound"],"picked":"Heatsinks","floor":3},{"not_picked":["Conserve Battery","Recycle"],"picked":"Force Field","floor":6},{"not_picked":["Barrage","Gash"],"picked":"Conserve Battery","floor":8},{"not_picked":["Cold Snap","Redo","Compile Driver"],"picked":"SKIP","floor":10},{"not_picked":["Rainbow","All For One"],"picked":"Buffer","floor":16},{"not_picked":["Auto Shields","Hologram+1","Go for the Eyes"],"picked":"SKIP","floor":18},{"not_picked":["FTL","Turbo+1"],"picked":"Capacitor","floor":21},{"not_picked":["Reinforced Body","Hologram","Rebound"],"picked":"SKIP","floor":23},{"not_picked":["Reinforced Body","Hologram","Rebound"],"picked":"SKIP","floor":23},{"not_picked":["Auto Shields+1","Core Surge","Leap+1"],"picked":"SKIP","floor":25},{"not_picked":["Conserve Battery","White Noise"],"picked":"Defragment+1","floor":27},{"not_picked":["All For One","Machine Learning"],"picked":"Echo Form","floor":33},{"not_picked":["Leap","Tempest","Steam"],"picked":"SKIP","floor":35},{"not_picked":["Purity","PanicButton"],"picked":"Panache","floor":37},{"not_picked":["Purity","Madness"],"picked":"Discovery","floor":37},{"not_picked":["Trip","Violence"],"picked":"Magnetism","floor":37},{"not_picked":["Redo+1","Recycle+1","Steam+1"],"picked":"SKIP","floor":39},{"not_picked":["Rainbow","Redo+1","Cold Snap"],"picked":"SKIP","floor":41},{"not_picked":["Cold Snap","Gash+1","Aggregate+1"],"picked":"SKIP","floor":45},{"not_picked":["Go for the Eyes+1","Conserve Battery+1"],"picked":"Defragment","floor":46},{"not_picked":["Beam Cell+1","Go for the Eyes","Chaos+1"],"picked":"SKIP","floor":48},{"not_picked":["Recycle+1","Go for the Eyes+1"],"picked":"Force Field","floor":54}],"player_experience":249083,"relics_obtained":[{"floor":6,"key":"Oddly Smooth Stone"},{"floor":9,"key":"Juzu Bracelet"},{"floor":22,"key":"Red Mask"},{"floor":23,"key":"Bottled Tornado"},{"floor":24,"key":"Shovel"},{"floor":25,"key":"Darkstone Periapt"},{"floor":26,"key":"Lantern"},{"floor":41,"key":"Strawberry"},{"floor":43,"key":"Boot"},{"floor":45,"key":"Mango"},{"floor":46,"key":"Calipers"},{"floor":49,"key":"Mercury Hourglass"},{"floor":52,"key":"Pear"},{"floor":54,"key":"Kunai"}],"event_choices":[{"damage_healed":0,"gold_gain":0,"player_choice":"Take Damage","damage_taken":18,"relics_obtained":["Golden Idol"],"max_hp_gain":0,"max_hp_loss":0,"event_name":"Golden Idol","floor":2,"gold_loss":0},{"damage_healed":0,"gold_gain":0,"player_choice":"Entered Light","damage_taken":15,"max_hp_gain":0,"max_hp_loss":0,"event_name":"Shining Light","floor":4,"gold_loss":0,"cards_upgraded":["Dualcast","Strike_B"]},{"damage_healed":0,"gold_gain":0,"player_choice":"Forge","damage_taken":0,"max_hp_gain":0,"max_hp_loss":0,"event_name":"Accursed Blacksmith","floor":5,"gold_loss":0,"cards_upgraded":["Zap"]},{"cards_removed":["Defend_B"],"damage_healed":0,"gold_gain":0,"player_choice":"Forget","damage_taken":0,"max_hp_gain":0,"max_hp_loss":0,"event_name":"Living Wall","floor":12,"gold_loss":0},{"damage_healed":0,"gold_gain":0,"player_choice":"Upgraded","damage_taken":0,"max_hp_gain":0,"max_hp_loss":0,"event_name":"Upgrade Shrine","floor":13,"gold_loss":0,"cards_upgraded":["Conserve Battery"]},{"damage_healed":0,"gold_gain":0,"player_choice":"1 cards matched","damage_taken":0,"max_hp_gain":0,"max_hp_loss":0,"event_name":"Match and Keep!","floor":19,"gold_loss":0,"cards_obtained":["Reboot"]},{"damage_healed":0,"gold_gain":0,"player_choice":"Opened","damage_taken":0,"relics_obtained":["Gremlin Horn"],"max_hp_gain":0,"max_hp_loss":0,"event_name":"The Mausoleum","floor":20,"gold_loss":0},{"damage_healed":0,"gold_gain":0,"player_choice":"Fought Bandits","damage_taken":0,"max_hp_gain":0,"max_hp_loss":0,"event_name":"Masked Bandits","floor":22,"gold_loss":0},{"damage_healed":0,"gold_gain":100,"player_choice":"Pray","damage_taken":0,"max_hp_gain":0,"max_hp_loss":0,"event_name":"Golden Shrine","floor":28,"gold_loss":0},{"damage_healed":0,"gold_gain":0,"player_choice":"Gave Idol","damage_taken":0,"relics_obtained":["Bloody Idol"],"max_hp_gain":0,"max_hp_loss":0,"event_name":"Forgotten Altar","floor":30,"relics_lost":["Golden Idol"],"gold_loss":0},{"damage_healed":0,"gold_gain":0,"player_choice":"Ignored","damage_taken":0,"max_hp_gain":0,"max_hp_loss":0,"event_name":"Ghosts","floor":31,"gold_loss":0},{"cards_removed":["Strike_B"],"damage_healed":0,"gold_gain":0,"player_choice":"Removed Attack","damage_taken":0,"max_hp_gain":0,"max_hp_loss":0,"event_name":"Falling","floor":36,"gold_loss":0},{"damage_healed":0,"gold_gain":0,"player_choice":"Memory 3","damage_taken":10,"max_hp_gain":0,"max_hp_loss":0,"event_name":"SensoryStone","floor":37,"gold_loss":0},{"damage_healed":0,"gold_gain":0,"player_choice":"Max HP","damage_taken":0,"max_hp_gain":0,"max_hp_loss":4,"event_name":"Winding Halls","floor":38,"gold_loss":0},{"damage_healed":0,"gold_gain":0,"player_choice":"Fight","damage_taken":0,"max_hp_gain":0,"max_hp_loss":0,"event_name":"MindBloom","floor":46,"gold_loss":0}],"is_beta":false,"boss_relics":[{"not_picked":["Sozu","Philosopher\u0027s Stone"],"picked":"Lizard Tail"},{"not_picked":["Cursed Key","Snecko Eye"],"picked":"White Beast Statue"}],"items_purged_floors":[14,29],"is_endless":false,"potions_floor_spawned":[1,3,16,22,25,35,39,41,45,46,48,54],"ascension_level":0}