{"gold_per_floor":[117,117,128,128,128,160,170,204,204,224,286,299,188,202,202,303,303,314,314,239,259,94,119,119,152,179,179,179,19,19,30,30,30],"floor_reached":33,"playtime":1171,"items_purged":["Strike_B","Defend_B","Defend_B"],"score":330,"play_id":"43e1e3cf-0bcd-4e78-b585-b3fd5cb976f3","local_time":"20190130201201","is_ascension_mode":false,"campfire_choices":[{"floor":15,"key":"REST"},{"floor":30,"key":"REST"},{"floor":32,"key":"REST"}],"neow_cost":"NONE","seed_source_timestamp":83945250351407,"circlet_count":0,"master_deck":["Strike_B+1","Strike_B+1","Zap","Conserve Battery","Amplify","Tempest","Defragment","Static Discharge","Static Discharge","Multi-Cast","Heatsinks","White Noise","Force Field","Sunder+1","Reboot","Static Discharge","Biased Cognition","Consume"],"relics":["Cracked Core","NeowsBlessing","Oddly Smooth Stone","Pocketwatch","Juzu Bracelet","Bottled Flame","Tiny Chest","Nuclear Battery","The Courier","Letter Opener","Boot","Blood Vial"],"potions_floor_usage":[11,12,28,33],"damage_taken":[{"damage":0,"enemies":"Jaw Worm","floor":1,"turns":1},{"damage":0,"enemies":"2 Louse","floor":3,"turns":1},{"damage":0,"enemies":"Lagavulin","floor":6,"turns":1},{"damage":0,"enemies":"Small Slimes","floor":7,"turns":3},{"damage":30,"enemies":"Gremlin Nob","floor":8,"turns":4},{"damage":4,"enemies":"Blue Slaver","floor":10,"turns":4},{"damage":5,"enemies":"3 Sentries","floor":11,"turns":6},{"damage":2,"enemies":"Gremlin Gang","floor":12,"turns":3},{"damage":0,"enemies":"2 Fungi Beasts","floor":14,"turns":2},{"damage":20,"enemies":"The Guardian","floor":16,"turns":14},{"damage":22,"enemies":"2 Thieves","floor":18,"turns":4},{"damage":7,"enemies":"3 Byrds","floor":21,"turns":2},{"damage":31,"enemies":"Book of Stabbing","floor":23,"turns":5},{"damage":12,"enemies":"Gremlin Leader","floor":25,"turns":7},{"damage":0,"enemies":"Cultist and Chosen","floor":28,"turns":1},{"damage":14,"enemies":"Centurion and Healer","floor":31,"turns":3},{"damage":43,"enemies":"Automaton","floor":33,"turns":6}],"seed_played":"8429457338304771234","potions_obtained":[{"floor":1,"key":"Dexterity Potion"},{"floor":7,"key":"FocusPotion"},{"floor":11,"key":"Energy Potion"},{"floor":16,"key":"Fire Potion"},{"floor":18,"key":"Dexterity Potion"},{"floor":21,"key":"SmokeBomb"}],"is_trial":false,"path_per_floor":["M","?","M","?","?","E","M","E","T","M","E","M","$","M","R","B",null,"M","?","?","M","$","E","?","E","T","?","M","$","R","M","R","B"],"character_chosen":"DEFECT","items_purchased":["Static Discharge","White Noise","Force Field","Consume"],"campfire_rested":3,"item_purchase_floors":[13,22,22,29],"current_hp_per_floor":[75,57,57,42,42,42,42,12,12,8,3,1,1,1,23,3,75,53,53,53,46,46,15,15,3,3,3,5,5,27,15,37,0],"gold":30,"neow_bonus":"THREE_ENEMY_KILL","is_prod":false,"is_daily":false,"chose_seed":false,"campfire_upgraded":0,"win_rate":0,"timestamp":1548891721,"path_taken":["M","?","M","?","?","E","?","E","T","M","E","M","$","M","R","BOSS","M","?","?","M","$","E","?","E","T","?","M","?","R","M","R","BOSS"],"build_version":"2019-01-23","purchased_purges":3,"victory":false,"max_hp_per_floor":[75,75,75,75,75,75,75,75,75,75,75,75,75,75,75,75,75,75,75,75,75,75,75,75,75,75,75,75,75,75,75,75,75],"card_choices":[{"not_picked":["Double Energy","Rebound","Turbo"],"picked":"SKIP","floor":1},{"not_picked":["Recycle","Turbo"],"picked":"Conserve Battery","floor":3},{"not_picked":["Steam","Compile Driver"],"picked":"Tempest","floor":6},{"not_picked":["Beam Cell","Go for the Eyes","Glacier"],"picked":"SKIP","floor":7},{"not_picked":["Compile Driver","Streamline","Skim"],"picked":"SKIP","floor":8},{"not_picked":["Rebound","Stack"],"picked":"Defragment","floor":10},{"not_picked":["Genetic Algorithm","Go for the Eyes","Fission"],"picked":"SKIP","floor":11},{"not_picked":["Barrage","Glacier","Rebound"],"picked":"SKIP","floor":12},{"not_picked":["Coolheaded","Hologram"],"picked":"Static Discharge","floor":14},{"not_picked":["Meteor Strike","Amplify"],"picked":"Multi-Cast","floor":16},{"not_picked":["Steam","Compile Driver"],"picked":"Heatsinks","floor":18},{"not_picked":["Leap","Genetic Algorithm","Scrape"],"picked":"SKIP","floor":21},{"not_picked":["Conserve Battery","Go for the Eyes+1"],"picked":"Sunder+1","floor":23},{"not_picked":["Skim","Gash"],"picked":"Biased Cognition","floor":25},{"not_picked":["Melter+1","Hologram","Compile Driver"],"picked":"SKIP","floor":31}],"player_experience":277730,"relics_obtained":[{"floor":6,"key":"Pocketwatch"},{"floor":8,"key":"Juzu Bracelet"},{"floor":9,"key":"Bottled Flame"},{"floor":11,"key":"Tiny Chest"},{"floor":23,"key":"Letter Opener"},{"floor":25,"key":"Boot"},{"floor":26,"key":"Blood Vial"}],"event_choices":[{"damage_healed":0,"gold_gain":0,"player_choice":"Success","damage_taken":18,"relics_obtained":["Oddly Smooth Stone"],"max_hp_gain":0,"max_hp_loss":0,"event_name":"Scrap Ooze","floor":2,"gold_loss":0},{"damage_healed":0,"gold_gain":0,"player_choice":"Entered Light","damage_taken":15,"max_hp_gain":0,"max_hp_loss":0,"event_name":"Shining Light","floor":4,"gold_loss":0,"cards_upgraded":["Strike_B","Strike_B"]},{"damage_healed":0,"gold_gain":0,"cards_transformed":["Strike_B"],"player_choice":"Transformed","damage_taken":0,"max_hp_gain":0,"max_hp_loss":0,"event_name":"Transmorgrifier","floor":5,"gold_loss":0,"cards_obtained":["Amplify"]},{"damage_healed":0,"gold_gain":0,"player_choice":"Gave Potion","damage_taken":0,"relics_obtained":["The Courier"],"max_hp_gain":0,"max_hp_loss":0,"event_name":"WeMeetAgain","floor":19,"gold_loss":0},{"cards_removed":["Dualcast"],"damage_healed":0,"gold_gain":0,"player_choice":"Gave Gold","damage_taken":0,"max_hp_gain":0,"max_hp_loss":0,"event_name":"Beggar","floor":20,"gold_loss":75},{"damage_healed":0,"gold_gain":0,"cards_transformed":["Defend_B","Defend_B"],"player_choice":"Became Test Subject","damage_taken":0,"max_hp_gain":0,"max_hp_loss":0,"event_name":"Drug Dealer","floor":24,"gold_loss":0,"cards_obtained":["Reboot","Static Discharge"]},{"damage_healed":0,"gold_gain":0,"player_choice":"Ignored","damage_taken":0,"max_hp_gain":0,"max_hp_loss":0,"event_name":"Cursed Tome","floor":27,"gold_loss":0}],"is_beta":false,"boss_relics":[{"not_picked":["Lizard Tail","Snecko Eye"],"picked":"Nuclear Battery"}],"items_purged_floors":[13,22,29],"is_endless":false,"potions_floor_spawned":[1,7,11,16,18,21,25],"killed_by":"Automaton","ascension_level":0}