{"gold_per_floor":[111,111,36,56,73,73,101,64,90,109,109,122,139,152,152,248,248,265,265,265,19,19,19],"floor_reached":23,"playtime":820,"items_purged":["Strike_R"],"score":220,"play_id":"aec949da-fb48-4809-bbc1-be1b0506a6f8","local_time":"20190122164744","is_ascension_mode":true,"campfire_choices":[{"data":"Whirlwind","floor":6,"key":"SMITH"},{"floor":11,"key":"REST"},{"data":"Metallicize","floor":15,"key":"SMITH"}],"neow_cost":"NONE","seed_source_timestamp":19034132134175,"circlet_count":0,"master_deck":["Strike_R+1","Strike_R","Strike_R","Strike_R","Defend_R","Defend_R","Defend_R","Defend_R","Bash","Headbutt","Whirlwind+1","Ghostly Armor","Power Through","Inflame","Rupture","Clothesline","Metallicize+1","Impervious","Shrug It Off","Corruption"],"relics":["Burning Blood","Omamori","Boot","Runic Cube","Mummified Hand"],"potions_floor_usage":[16,18],"damage_taken":[{"damage":7,"enemies":"Jaw Worm","floor":1,"turns":5},{"damage":0,"enemies":"2 Louse","floor":4,"turns":2},{"damage":6,"enemies":"Small Slimes","floor":5,"turns":3},{"damage":32,"enemies":"Gremlin Nob","floor":7,"turns":4},{"damage":22,"enemies":"Gremlin Gang","floor":10,"turns":4},{"damage":0,"enemies":"3 Louse","floor":12,"turns":1},{"damage":13,"enemies":"Large Slime","floor":13,"turns":6},{"damage":10,"enemies":"2 Fungi Beasts","floor":14,"turns":3},{"damage":24,"enemies":"The Guardian","floor":16,"turns":15},{"damage":11,"enemies":"3 Byrds","floor":18,"turns":6},{"damage":45,"enemies":"Colosseum Slavers","floor":20,"turns":7},{"damage":37,"enemies":"Book of Stabbing","floor":23,"turns":7}],"seed_played":"-3500069479647056805","potions_obtained":[{"floor":7,"key":"GamblersBrew"},{"floor":10,"key":"Explosive Potion"},{"floor":13,"key":"Block Potion"},{"floor":14,"key":"EssenceOfSteel"},{"floor":16,"key":"SteroidPotion"},{"floor":22,"key":"Energy Potion"},{"floor":22,"key":"Strength Potion"}],"is_trial":false,"path_per_floor":["M","?","$","M","M","R","E","$","T","M","R","M","M","M","R","B",null,"M","?","?","$","?","E"],"character_chosen":"IRONCLAD","items_purchased":["Inflame","Mummified Hand"],"campfire_rested":1,"item_purchase_floors":[8,21],"current_hp_per_floor":[79,79,79,80,80,80,54,54,54,38,62,68,61,57,57,39,80,75,75,36,36,36,0],"gold":19,"neow_bonus":"UPGRADE_CARD","is_prod":false,"is_daily":false,"chose_seed":false,"campfire_upgraded":2,"win_rate":0,"timestamp":1548172064,"path_taken":["M","?","$","M","M","R","E","$","T","M","R","M","M","M","R","BOSS","M","?","?","$","?","E"],"build_version":"2019-01-17v2","purchased_purges":1,"victory":false,"max_hp_per_floor":[80,80,80,80,80,80,80,80,80,80,80,80,80,80,80,80,80,80,80,80,80,80,80],"card_choices":[{"not_picked":["Perfected Strike","Rupture"],"picked":"Headbutt","floor":1},{"not_picked":["Wild Strike","Reckless Charge"],"picked":"Whirlwind","floor":4},{"not_picked":["Carnage","Hemokinesis"],"picked":"Ghostly Armor","floor":5},{"not_picked":["Wild Strike","Exhume"],"picked":"Power Through","floor":7},{"not_picked":["Cleave","Perfected Strike"],"picked":"Rupture","floor":10},{"not_picked":["Rupture","Cleave","Twin Strike"],"picked":"SKIP","floor":12},{"not_picked":["Thunderclap","Clash"],"picked":"Clothesline","floor":13},{"not_picked":["Sever Soul","Body Slam"],"picked":"Metallicize","floor":14},{"not_picked":["Double Tap","Fiend Fire"],"picked":"Impervious","floor":16},{"not_picked":["Thunderclap","Twin Strike"],"picked":"Shrug It Off","floor":18}],"player_experience":232043,"relics_obtained":[{"floor":7,"key":"Omamori"},{"floor":9,"key":"Boot"}],"event_choices":[{"damage_healed":0,"gold_gain":0,"player_choice":"Ignored","damage_taken":0,"max_hp_gain":0,"max_hp_loss":0,"event_name":"Golden Idol","floor":2,"gold_loss":0},{"damage_healed":0,"gold_gain":0,"player_choice":"Read","damage_taken":0,"max_hp_gain":0,"max_hp_loss":0,"event_name":"The Library","floor":19,"gold_loss":0,"cards_obtained":["Corruption"]},{"damage_healed":0,"gold_gain":0,"player_choice":"Fight","damage_taken":0,"max_hp_gain":0,"max_hp_loss":0,"event_name":"Colosseum","floor":20,"gold_loss":0},{"damage_healed":0,"gold_gain":0,"player_choice":"Fled From Nobs","damage_taken":0,"max_hp_gain":0,"max_hp_loss":0,"event_name":"Colosseum","floor":20,"gold_loss":0},{"damage_healed":0,"gold_gain":0,"player_choice":"Got Potions","damage_taken":0,"max_hp_gain":0,"max_hp_loss":0,"event_name":"Lab","floor":22,"gold_loss":0}],"is_beta":false,"boss_relics":[{"not_picked":["Lizard Tail","Empty Cage"],"picked":"Runic Cube"}],"items_purged_floors":[3],"is_endless":false,"potions_floor_spawned":[7,10,13,14,16,20],"killed_by":"Book of Stabbing","ascension_level":3}