{"gold_per_floor":[110,124,48,62,42,42,76,76,101,142,165,190,202,273,285,370,382,409,421,445,457,469,481,27,27,81,81,100,110,123,48,48,48],"floor_reached":33,"playtime":1396,"items_purged":["Strike_R+1"],"score":497,"play_id":"15c98abb-f55d-4a48-9c82-977f09ad7721","local_time":"20190116123723","is_ascension_mode":true,"campfire_choices":[{"data":"Whirlwind","floor":6,"key":"SMITH"},{"data":"Immolate","floor":8,"key":"SMITH"},{"data":"Armaments","floor":13,"key":"SMITH"},{"floor":15,"key":"REST"},{"data":"True Grit","floor":23,"key":"SMITH"},{"data":"Chrysalis","floor":25,"key":"SMITH"},{"data":"Jack Of All Trades","floor":27,"key":"SMITH"},{"floor":32,"key":"REST"}],"neow_cost":"NONE","seed_source_timestamp":3415498883640187,"circlet_count":0,"master_deck":["AscendersBane","Strike_R+1","Strike_R+1","Strike_R+1","Strike_R+1","Defend_R+1","Defend_R+1","Defend_R+1","Defend_R+1","Bash","Immolate+1","Whirlwind+1","Power Through","Evolve","Flame Barrier","Armaments+1","Reaper","True Grit+1","Impervious","Clothesline","Chrysalis+1","Jack Of All Trades+1","Reaper","True Grit"],"relics":["Burning Blood","Red Skull","MawBank","Whetstone","Sozu","Nloth\u0027s Gift","Oddly Smooth Stone","Dream Catcher"],"potions_floor_usage":[4,7,11,11,14,14],"damage_taken":[{"damage":7,"enemies":"Jaw Worm","floor":1,"turns":2},{"damage":13,"enemies":"Cultist","floor":2,"turns":4},{"damage":9,"enemies":"Small Slimes","floor":4,"turns":4},{"damage":32,"enemies":"Lagavulin","floor":7,"turns":5},{"damage":10,"enemies":"3 Sentries","floor":10,"turns":3},{"damage":0,"enemies":"Looter","floor":11,"turns":2},{"damage":0,"enemies":"Gremlin Gang","floor":12,"turns":1},{"damage":19,"enemies":"Lagavulin Event","floor":14,"turns":4},{"damage":31,"enemies":"Slime Boss","floor":16,"turns":10},{"damage":14,"enemies":"Chosen","floor":18,"turns":4},{"damage":18,"enemies":"Shell Parasite","floor":20,"turns":7},{"damage":45,"enemies":"Chosen and Byrds","floor":28,"turns":6},{"damage":6,"enemies":"Snake Plant","floor":29,"turns":4},{"damage":22,"enemies":"Shelled Parasite and Fungi","floor":30,"turns":7},{"damage":84,"enemies":"Collector","floor":33,"turns":6}],"seed_played":"5429922891916387103","potions_obtained":[{"floor":4,"key":"Fruit Juice"},{"floor":5,"key":"Poison Potion"},{"floor":7,"key":"EntropicBrew"},{"floor":11,"key":"Swift Potion"}],"is_trial":false,"path_per_floor":["M","M","$","M","?","R","E","R","T","E","M","M","R","?","R","B",null,"M","?","M","?","?","R","$","R","T","R","M","M","M","$","R","B"],"character_chosen":"IRONCLAD","items_purchased":["Evolve","Oddly Smooth Stone","Chrysalis","Jack Of All Trades"],"campfire_rested":2,"item_purchase_floors":[3,24,24,24],"current_hp_per_floor":[67,60,60,62,62,62,36,36,36,32,38,44,44,31,55,30,68,60,60,48,48,48,48,48,48,48,48,15,15,12,12,36,0],"gold":48,"neow_bonus":"ONE_RANDOM_RARE_CARD","is_prod":false,"is_daily":false,"chose_seed":false,"campfire_upgraded":6,"win_rate":0,"timestamp":1547638643,"path_taken":["M","M","$","M","?","R","E","R","T","E","M","?","R","?","R","BOSS","M","?","?","?","?","R","$","R","T","R","M","M","?","$","R","BOSS"],"build_version":"2019-01-10","purchased_purges":1,"victory":false,"max_hp_per_floor":[75,75,75,80,80,80,80,80,80,80,80,80,80,80,80,80,80,80,80,80,80,80,80,80,80,80,80,80,80,80,80,80,80],"card_choices":[{"not_picked":["Clothesline","Clash"],"picked":"Whirlwind","floor":1},{"not_picked":["Iron Wave","Second Wind"],"picked":"Power Through","floor":2},{"not_picked":["Battle Trance","Iron Wave"],"picked":"Flame Barrier","floor":4},{"not_picked":["Anger","Twin Strike","Exhume"],"picked":"SKIP","floor":7},{"not_picked":["Disarm","Rupture"],"picked":"Armaments","floor":10},{"not_picked":["Body Slam","Armaments","Perfected Strike"],"picked":"SKIP","floor":11},{"not_picked":["Warcry","Pummel","Battle Trance"],"picked":"SKIP","floor":12},{"not_picked":["Brutality","Exhume"],"picked":"Reaper","floor":16},{"not_picked":["Clash+1","Armaments"],"picked":"True Grit","floor":18},{"not_picked":["Sword Boomerang","Dual Wield+1"],"picked":"Clothesline","floor":20},{"not_picked":["Hemokinesis","Rampage","Thunderclap"],"picked":"SKIP","floor":28},{"not_picked":["Havoc","Headbutt"],"picked":"Reaper","floor":29},{"not_picked":["Twin Strike","Searing Blow"],"picked":"True Grit","floor":30}],"player_experience":744278,"relics_obtained":[{"floor":7,"key":"Red Skull"},{"floor":9,"key":"MawBank"},{"floor":10,"key":"Whetstone"},{"floor":14,"key":"Potion Belt"},{"floor":26,"key":"Dream Catcher"}],"event_choices":[{"damage_healed":0,"gold_gain":0,"player_choice":"Bought 1 Potion","damage_taken":0,"max_hp_gain":0,"max_hp_loss":0,"event_name":"The Woman in Blue","floor":5,"gold_loss":0},{"damage_healed":0,"gold_gain":0,"player_choice":"Searched \u00271\u0027 times","damage_taken":0,"max_hp_gain":0,"max_hp_loss":0,"event_name":"Dead Adventurer","floor":14,"gold_loss":0},{"damage_healed":0,"gold_gain":0,"player_choice":"1 cards matched","damage_taken":0,"max_hp_gain":0,"max_hp_loss":0,"event_name":"Match and Keep!","floor":19,"gold_loss":0,"cards_obtained":["Impervious"]},{"damage_healed":0,"gold_gain":0,"player_choice":"Simplicity","damage_taken":0,"max_hp_gain":0,"max_hp_loss":0,"event_name":"Back to Basics","floor":21,"gold_loss":0,"cards_upgraded":["Strike_R","Strike_R","Strike_R","Defend_R","Defend_R","Defend_R","Defend_R"]},{"damage_healed":0,"gold_gain":0,"player_choice":"Traded Relic","damage_taken":0,"relics_obtained":["Nloth\u0027s Gift"],"max_hp_gain":0,"max_hp_loss":0,"event_name":"N\u0027loth","floor":22,"relics_lost":["Potion Belt"],"gold_loss":0}],"is_beta":false,"boss_relics":[{"not_picked":["Runic Dome","Snecko Eye"],"picked":"Sozu"}],"items_purged_floors":[31],"is_endless":false,"potions_floor_spawned":[4,7,11,30],"killed_by":"Collector","ascension_level":19}