{"gold_per_floor":[116,46,59,77,93,93,126,126,126,144,158,175,194,206,206,303,303,303,303,30,30,30,30,30,30,30,30,30,30,30,30,30,30],"floor_reached":33,"playtime":2052,"items_purged":[],"score":261,"play_id":"79f83496-dcb5-4a90-a83e-e26763919853","local_time":"20190105154820","is_ascension_mode":false,"campfire_choices":[{"data":"Leg Sweep","floor":6.0,"key":"SMITH"},{"data":"Backflip","floor":8.0,"key":"SMITH"},{"floor":15,"key":"REST"},{"floor":23,"key":"DIG"},{"floor":30,"key":"DIG"},{"floor":32,"key":"REST"}],"neow_cost":"NONE","seed_source_timestamp":0,"circlet_count":0,"master_deck":["Defend_G","Defend_G","Defend_G","Defend_G","Defend_G","Strike_G","Strike_G","Strike_G","Strike_G","Strike_G","Survivor","Neutralize","Poisoned Stab","Leg Sweep+1","Bane","Quick Slash","Backflip+1","Poisoned Stab","Dagger Spray","Adrenaline","Flechettes","Footwork","Backflip","Footwork","Escape Plan","Escape Plan"],"special_seed":0,"relics":["Ring of the Snake","Bottled Lightning","Shovel","Ectoplasm","TwistedFunnel","The Specimen","Bag of Preparation","Turnip"],"potions_floor_usage":[21],"damage_taken":[{"damage":0.0,"enemies":"2 Louse","floor":1.0,"turns":2.0},{"damage":0.0,"enemies":"Jaw Worm","floor":3.0,"turns":5.0},{"damage":0.0,"enemies":"Cultist","floor":4.0,"turns":4.0},{"damage":3.0,"enemies":"Exordium Thugs","floor":5.0,"turns":4.0},{"damage":25.0,"enemies":"3 Sentries","floor":7.0,"turns":12.0},{"damage":2.0,"enemies":"Looter","floor":10.0,"turns":5.0},{"damage":1.0,"enemies":"3 Louse","floor":11.0,"turns":6.0},{"damage":11,"enemies":"Exordium Thugs","floor":12,"turns":10},{"damage":0,"enemies":"2 Fungi Beasts","floor":13,"turns":4},{"damage":1,"enemies":"Lots of Slimes","floor":14,"turns":7},{"damage":54,"enemies":"Hexaghost","floor":16,"turns":16},{"damage":27,"enemies":"Spheric Guardian","floor":18,"turns":8},{"damage":8,"enemies":"Shell Parasite","floor":19,"turns":5},{"damage":11,"enemies":"Snecko","floor":21,"turns":5},{"damage":0,"enemies":"Snake Plant","floor":22,"turns":6},{"damage":0,"enemies":"Centurion and Healer","floor":24,"turns":7},{"damage":12,"enemies":"Snecko","floor":25,"turns":6},{"damage":5,"enemies":"Snake Plant","floor":27,"turns":5},{"damage":0,"enemies":"Cultist and Chosen","floor":28,"turns":6},{"damage":3,"enemies":"Sentry and Sphere","floor":31,"turns":6},{"damage":61,"enemies":"Automaton","floor":33,"turns":12}],"seed_played":"428389866464271674","potions_obtained":[{"floor":4.0,"key":"Explosive Potion"},{"floor":11,"key":"Ancient Potion"},{"floor":13,"key":"AttackPotion"},{"floor":14,"key":"Dexterity Potion"},{"floor":19,"key":"LiquidBronze"},{"floor":22,"key":"SpeedPotion"},{"floor":24,"key":"EssenceOfSteel"}],"is_trial":false,"path_per_floor":["M","$","M","M","M","R","E","R","T","M","M","M","M","M","R","B",null,"M","M","$","M","M","R","M","M","T","M","M","?","R","M","R","B"],"character_chosen":"THE_SILENT","items_purchased":["Leg Sweep","TwistedFunnel","Footwork"],"campfire_rested":2,"item_purchase_floors":[2,20,20],"current_hp_per_floor":[77,77,77,77,74,74,49,49,49,47,46,35,35,34,57,3,77,50,42,42,31,31,31,31,19,19,14,14,39,39,36,59,0],"gold":30,"neow_bonus":"TEN_PERCENT_HP_BONUS","is_prod":false,"is_daily":false,"chose_seed":false,"campfire_upgraded":2,"win_rate":0,"timestamp":1546674500,"path_taken":["M","$","M","M","M","R","E","R","T","M","M","M","M","M","R","BOSS","M","M","$","M","M","R","M","M","T","M","M","?","R","M","R","BOSS"],"build_version":"2019-01-03v4","purchased_purges":0,"victory":false,"max_hp_per_floor":[77,77,77,77,77,77,77,77,77,77,77,77,77,77,77,77,77,77,77,77,77,77,77,77,77,77,77,77,77,77,77,77,77],"card_choices":[{"not_picked":["PiercingWail","Deadly Poison"],"picked":"Poisoned Stab","floor":1.0},{"not_picked":["Flechettes","Blade Dance"],"picked":"Bane","floor":3.0},{"not_picked":["Riddle With Holes","Flying Knee"],"picked":"Quick Slash","floor":4.0},{"not_picked":["Calculated Gamble","Masterful Stab","Heel Hook"],"picked":"SKIP","floor":5.0},{"not_picked":["Reflex","Bouncing Flask"],"picked":"Backflip","floor":7.0},{"not_picked":["Bane","Bouncing Flask","Deflect"],"picked":"SKIP","floor":10.0},{"not_picked":["Night Terror","Slice","Sucker Punch"],"picked":"SKIP","floor":11},{"not_picked":["Blur","Flying Knee"],"picked":"Poisoned Stab","floor":12},{"not_picked":["Flying Knee","Accuracy","Flechettes"],"picked":"SKIP","floor":13},{"not_picked":["Dodge and Roll","Sucker Punch"],"picked":"Dagger Spray","floor":14},{"not_picked":["Glass Knife","Grand Finale"],"picked":"Adrenaline","floor":16},{"not_picked":["Infinite Blades","Deadly Poison"],"picked":"Flechettes","floor":18},{"not_picked":["Outmaneuver","Dagger Throw","Setup"],"picked":"SKIP","floor":19},{"not_picked":["Riddle With Holes","Deflect","Blade Dance"],"picked":"SKIP","floor":21},{"not_picked":["Finisher","Bouncing Flask"],"picked":"Backflip","floor":22},{"not_picked":["Bane","Well Laid Plans+1"],"picked":"Footwork","floor":24},{"not_picked":["All Out Attack","Skewer"],"picked":"Escape Plan","floor":25},{"not_picked":["Poisoned Stab","Dagger Throw+1","Deflect"],"picked":"SKIP","floor":27},{"not_picked":["Acrobatics+1","Dagger Spray"],"picked":"Escape Plan","floor":28},{"not_picked":["Finisher","Reflex","Backflip"],"picked":"SKIP","floor":31}],"player_experience":582692,"relics_obtained":[{"floor":7.0,"key":"Bottled Lightning"},{"floor":9.0,"key":"Shovel"},{"floor":23,"key":"The Specimen"},{"floor":26,"key":"Bag of Preparation"},{"floor":30,"key":"Turnip"}],"event_choices":[{"damage_healed":25,"gold_gain":0,"player_choice":"Heal","damage_taken":0,"max_hp_gain":0,"max_hp_loss":0,"event_name":"The Library","floor":29,"gold_loss":0}],"is_beta":false,"boss_relics":[{"not_picked":["Orrery","HoveringKite"],"picked":"Ectoplasm"}],"items_purged_floors":[],"is_endless":false,"potions_floor_spawned":[4,11,13,14,16,19,22,24,31],"killed_by":"Automaton","ascension_level":0}