{"gold_per_floor":[362,372,372,391,211,238,238,238,238,40,55,55,87,105,105,200,200,217,36,36,47,63,63,82,115,115,115,115,135,59,59],"floor_reached":31,"playtime":1474,"items_purged":["Strike_G"],"score":345,"play_id":"e9693610-019e-421e-86f4-a35026493fc1","local_time":"20190108055222","is_ascension_mode":true,"campfire_choices":[{"data":"Noxious Fumes","floor":7.0,"key":"SMITH"},{"data":"Footwork","floor":12.0,"key":"SMITH"},{"data":"Envenom","floor":15.0,"key":"SMITH"},{"data":"Well Laid Plans","floor":23.0,"key":"SMITH"},{"floor":27.0,"key":"REST"}],"neow_cost":"TEN_PERCENT_HP_LOSS","seed_source_timestamp":2699735739299603,"circlet_count":0,"master_deck":["Defend_G","Defend_G","Defend_G","Defend_G","Defend_G","Strike_G","Strike_G","Strike_G","Strike_G","Survivor","Neutralize","Blade Dance","Poisoned Stab","Crippling Poison","Footwork+1","Backstab","Noxious Fumes+1","Envenom+1","Cloak And Dagger","Grand Finale","Burst","Die Die Die","Mayhem","Deadly Poison","Well Laid Plans+1","Noxious Fumes","Parasite","Dagger Throw+1","Bouncing Flask"],"special_seed":0,"relics":["Ring of the Snake","NlothsMask","Bottled Lightning","Anchor","Cursed Key","Thread and Needle","Darkstone Periapt"],"potions_floor_usage":[],"damage_taken":[{"damage":0.0,"enemies":"2 Louse","floor":1.0,"turns":2.0},{"damage":0.0,"enemies":"Cultist","floor":2.0,"turns":4.0},{"damage":4.0,"enemies":"Small Slimes","floor":4.0,"turns":3.0},{"damage":19.0,"enemies":"Lagavulin","floor":6.0,"turns":8.0},{"damage":3.0,"enemies":"2 Fungi Beasts","floor":11.0,"turns":3.0},{"damage":10.0,"enemies":"3 Sentries","floor":13.0,"turns":8.0},{"damage":1.0,"enemies":"Lots of Slimes","floor":14.0,"turns":3.0},{"damage":25.0,"enemies":"Slime Boss","floor":16.0,"turns":10.0},{"damage":0.0,"enemies":"Shell Parasite","floor":18.0,"turns":7.0},{"damage":4.0,"enemies":"Chosen","floor":21.0,"turns":6.0},{"damage":10.0,"enemies":"Shelled Parasite and Fungi","floor":22.0,"turns":5.0},{"damage":5.0,"enemies":"Cultist and Chosen","floor":24.0,"turns":6.0},{"damage":13.0,"enemies":"Slavers","floor":25.0,"turns":5.0},{"damage":0.0,"enemies":"Colosseum Slavers","floor":28.0,"turns":4.0},{"damage":19.0,"enemies":"Snake Plant","floor":29.0,"turns":5.0},{"damage":18,"enemies":"Snecko","floor":31,"turns":4}],"seed_played":"-8067600082620952785","potions_obtained":[{"floor":2.0,"key":"Dexterity Potion"},{"floor":11.0,"key":"Poison Potion"},{"floor":14.0,"key":"Energy Potion"},{"floor":18.0,"key":"Dexterity Potion"},{"floor":22.0,"key":"Dexterity Potion"},{"floor":24.0,"key":"PowerPotion"},{"floor":25.0,"key":"Poison Potion"},{"floor":29.0,"key":"SteroidPotion"}],"is_trial":false,"path_per_floor":["M","M","?","M","$","E","R","?","T","$","M","R","E","M","R","B",null,"M","$","$","M","M","R","M","E","T","R","?","M","$","M"],"character_chosen":"THE_SILENT","items_purchased":["Footwork","Backstab","Envenom","Cloak And Dagger","Mayhem","Bouncing Flask"],"campfire_rested":1,"item_purchase_floors":[5,5,10,10,19,30],"current_hp_per_floor":[63,63,63,59,59,40,40,40,40,40,37,37,27,26,26,1,48,48,48,48,44,34,34,29,16,16,34,34,15,15,0],"gold":59,"neow_bonus":"TWO_FIFTY_GOLD","is_prod":false,"is_daily":false,"chose_seed":false,"campfire_upgraded":4,"win_rate":0,"timestamp":1546923142,"path_taken":["M","M","?","?","$","E","R","?","T","$","M","R","E","M","R","BOSS","M","?","$","M","?","R","?","E","T","R","?","M","$","M"],"build_version":"2019-01-03v4","purchased_purges":1,"victory":false,"max_hp_per_floor":[63,63,63,63,63,63,63,63,63,63,63,63,63,63,63,63,63,63,63,63,63,63,63,63,63,63,63,63,63,63,63],"card_choices":[{"not_picked":["Dodge and Roll","Outmaneuver"],"picked":"Blade Dance","floor":1.0},{"not_picked":["Bane","Dodge and Roll"],"picked":"Poisoned Stab","floor":2.0},{"not_picked":["Prepared","Slice"],"picked":"Crippling Poison","floor":4.0},{"not_picked":["Deadly Poison","Dodge and Roll"],"picked":"Noxious Fumes","floor":6.0},{"not_picked":["Eviscerate","Leg Sweep"],"picked":"Grand Finale","floor":11.0},{"not_picked":["Adrenaline","Slice"],"picked":"Burst","floor":13.0},{"not_picked":["Concentrate","Outmaneuver","Underhanded Strike"],"picked":"SKIP","floor":14.0},{"not_picked":["Unload","Wraith Form v2"],"picked":"Die Die Die","floor":16.0},{"not_picked":["Poisoned Stab","Sucker Punch","Quick Slash"],"picked":"SKIP","floor":18.0},{"not_picked":["Flying Knee","Outmaneuver"],"picked":"Deadly Poison","floor":21.0},{"not_picked":["Predator","Bouncing Flask"],"picked":"Well Laid Plans","floor":22.0},{"not_picked":["Dagger Spray+1","Terror+1"],"picked":"Noxious Fumes","floor":24.0},{"not_picked":["Flechettes","Well Laid Plans","Crippling Poison+1"],"picked":"SKIP","floor":25.0},{"not_picked":["Expertise","Doppelganger"],"picked":"Dagger Throw+1","floor":29.0}],"player_experience":685039,"relics_obtained":[{"floor":6.0,"key":"Bottled Lightning"},{"floor":13.0,"key":"Anchor"},{"floor":25.0,"key":"Thread and Needle"},{"floor":26.0,"key":"Darkstone Periapt"}],"event_choices":[{"damage_healed":0.0,"max_hp_gain":0.0,"max_hp_loss":0.0,"gold_gain":0.0,"event_name":"FaceTrader","player_choice":"Trade","floor":3.0,"gold_loss":0.0,"damage_taken":0.0,"relics_obtained":["NlothsMask"]},{"damage_healed":0.0,"max_hp_gain":0.0,"max_hp_loss":0.0,"gold_gain":0.0,"event_name":"The Woman in Blue","player_choice":"Bought 0 Potions","floor":8.0,"gold_loss":0.0,"damage_taken":0.0},{"damage_healed":0.0,"max_hp_gain":0.0,"max_hp_loss":0.0,"gold_gain":0.0,"event_name":"Colosseum","player_choice":"Fight","floor":28.0,"gold_loss":0.0,"damage_taken":0.0},{"damage_healed":0.0,"max_hp_gain":0.0,"max_hp_loss":0.0,"gold_gain":0.0,"event_name":"Colosseum","player_choice":"Fled From Nobs","floor":28.0,"gold_loss":0.0,"damage_taken":0.0}],"is_beta":false,"boss_relics":[{"not_picked":["Snecko Eye","Eternal Feather"],"picked":"Cursed Key"}],"items_purged_floors":[5],"is_endless":false,"potions_floor_spawned":[2,11,14,18,22,24,25,29],"killed_by":"Snecko","ascension_level":6}