{"gold_per_floor":[209,223,223,223,223,223,256,256,256,267,282,297,312,329,329,428,428,446,199,199,218,236,246,263,263,338,338,350,9,9,21,21,124,124,142,70,81,96,107,107,107,134,134,150,150,162,182,33,33,33],"floor_reached":50,"playtime":2609,"items_purged":["Rainbow"],"score":532,"play_id":"88707016-85da-4169-b768-32e6909d49f2","local_time":"20190201193212","is_ascension_mode":false,"campfire_choices":[{"floor":6,"key":"REST"},{"data":"Zap","floor":8,"key":"SMITH"},{"floor":15,"key":"REST"},{"data":"Storm","floor":25,"key":"SMITH"},{"data":"Force Field","floor":27,"key":"SMITH"},{"floor":32,"key":"REST"},{"data":"Electrodynamics","floor":40,"key":"SMITH"},{"floor":45,"key":"REST"},{"data":"Skim","floor":49,"key":"SMITH"}],"neow_cost":"NONE","seed_source_timestamp":778656674240300,"circlet_count":0,"master_deck":["Strike_B+1","Defend_B","Defend_B","Defend_B","Defend_B","Zap+1","Dualcast+1","Rebound","Go for the Eyes","Self Repair","Loop","Skim+1","Self Repair","Electrodynamics+1","Leap","Storm+1","Force Field+1","Turbo","Multi-Cast","Force Field+1","Capacitor","Self Repair","Steam+1","White Noise+1","Static Discharge+1","Echo Form+1","Hello World+1","Hello World+1","Force Field+1","BootSequence+1","Heatsinks+1","Rip and Tear","Self Repair+1","Static Discharge+1","Leap+1","Creative AI+1","Turbo"],"relics":["Cracked Core","Pen Nib","Bottled Flame","Nuclear Battery","Blue Candle","Frozen Egg 2","Lizard Tail","Mummified Hand","Boot"],"potions_floor_usage":[14,16,16,22,23,24,38,42,42,50,50,50],"damage_taken":[{"damage":6,"enemies":"2 Louse","floor":1,"turns":3},{"damage":6,"enemies":"Jaw Worm","floor":2,"turns":3},{"damage":30,"enemies":"3 Sentries","floor":7,"turns":8},{"damage":0,"enemies":"Small Slimes","floor":10,"turns":3},{"damage":10,"enemies":"Looter","floor":11,"turns":2},{"damage":0,"enemies":"Exordium Thugs","floor":12,"turns":3},{"damage":15,"enemies":"Red Slaver","floor":13,"turns":4},{"damage":14,"enemies":"Exordium Wildlife","floor":14,"turns":4},{"damage":27,"enemies":"The Guardian","floor":16,"turns":8},{"damage":10,"enemies":"2 Thieves","floor":18,"turns":2},{"damage":0,"enemies":"Chosen","floor":21,"turns":4},{"damage":12,"enemies":"Snake Plant","floor":22,"turns":4},{"damage":28,"enemies":"Chosen and Byrds","floor":23,"turns":6},{"damage":31,"enemies":"Centurion and Healer","floor":24,"turns":6},{"damage":17,"enemies":"3 Cultists","floor":28,"turns":5},{"damage":21,"enemies":"Sentry and Sphere","floor":31,"turns":4},{"damage":52,"enemies":"Collector","floor":33,"turns":8},{"damage":15,"enemies":"3 Darklings","floor":35,"turns":3},{"damage":9,"enemies":"3 Shapes","floor":37,"turns":4},{"damage":21,"enemies":"Maw","floor":38,"turns":7},{"damage":1,"enemies":"Transient","floor":39,"turns":5},{"damage":64,"enemies":"Reptomancer","floor":42,"turns":5},{"damage":35,"enemies":"4 Shapes","floor":44,"turns":5},{"damage":2,"enemies":"Maw","floor":46,"turns":6},{"damage":0,"enemies":"Writhing Mass","floor":47,"turns":5},{"damage":75,"enemies":"Time Eater","floor":50,"turns":6}],"seed_played":"-7915541837413023627","potions_obtained":[{"floor":10,"key":"FocusPotion"},{"floor":13,"key":"Explosive Potion"},{"floor":14,"key":"EssenceOfSteel"},{"floor":16,"key":"LiquidBronze"},{"floor":18,"key":"Poison Potion"},{"floor":23,"key":"PowerPotion"},{"floor":24,"key":"SteroidPotion"},{"floor":33,"key":"Swift Potion"},{"floor":37,"key":"LiquidBronze"},{"floor":38,"key":"PowerPotion"},{"floor":42,"key":"SteroidPotion"},{"floor":46,"key":"Ancient Potion"}],"is_trial":false,"path_per_floor":["M","M","?","?","?","R","E","R","T","M","M","M","M","M","R","B",null,"M","$","?","M","M","M","M","R","T","R","M","$","?","M","R","B",null,"M","$","M","M","M","R","?","E","T","M","R","M","M","$","R","B"],"character_chosen":"DEFECT","items_purchased":["Storm","Force Field","Turbo","Frozen Egg 2","Static Discharge+1","Hello World+1","PowerPotion","Swift Potion","Turbo"],"campfire_rested":4,"item_purchase_floors":[19,19,19,29,29,36,48,48,48],"current_hp_per_floor":[69,63,63,48,41,63,33,33,33,33,30,37,29,22,44,31,75,72,72,72,75,75,61,51,51,51,51,55,55,55,41,63,32,75,74,74,72,75,75,75,75,25,25,35,57,75,75,75,75,0],"gold":33,"neow_bonus":"HUNDRED_GOLD","is_prod":false,"is_daily":false,"chose_seed":false,"campfire_upgraded":5,"win_rate":0.0,"timestamp":1549078332,"path_taken":["M","M","?","?","?","R","E","R","T","M","M","M","M","M","R","BOSS","M","$","?","M","?","M","M","R","T","R","M","$","?","M","R","BOSS","M","$","M","M","M","R","?","E","T","?","R","M","M","$","R","BOSS"],"build_version":"2019-01-23","purchased_purges":1,"victory":false,"max_hp_per_floor":[75,75,75,75,75,75,75,75,75,75,75,75,75,75,75,75,75,75,75,75,75,75,75,75,75,75,75,75,75,75,75,75,75,75,75,75,75,75,75,75,75,75,75,75,75,75,75,75,75,75],"card_choices":[{"not_picked":["Coolheaded","Redo"],"picked":"Rebound","floor":1},{"not_picked":["Tempest","Scrape"],"picked":"Go for the Eyes","floor":2},{"not_picked":["Buffer","Streamline"],"picked":"Stack","floor":7},{"not_picked":["Go for the Eyes","Rebound"],"picked":"Self Repair","floor":10},{"not_picked":["Hologram","Chill"],"picked":"Rainbow","floor":11},{"not_picked":["Glacier","Gash"],"picked":"Loop","floor":12},{"not_picked":["Blizzard","Streamline"],"picked":"Skim","floor":13},{"not_picked":["Auto Shields","Defragment"],"picked":"Self Repair","floor":14},{"not_picked":["Hyperbeam","Biased Cognition"],"picked":"Electrodynamics","floor":16},{"not_picked":["Auto Shields","Recycle+1"],"picked":"Leap","floor":18},{"not_picked":["Auto Shields","Gash+1"],"picked":"Force Field+1","floor":21},{"not_picked":["FTL","Melter"],"picked":"Capacitor","floor":22},{"not_picked":["Streamline","Rebound+1"],"picked":"Self Repair","floor":23},{"not_picked":["Conserve Battery","Hyperbeam"],"picked":"Steam+1","floor":24},{"not_picked":["Sweeping Beam","Streamline"],"picked":"White Noise+1","floor":28},{"not_picked":["Coolheaded","Gash","Cold Snap"],"picked":"SKIP","floor":31},{"not_picked":["Electrodynamics+1","Seek"],"picked":"Echo Form+1","floor":33},{"not_picked":["Chaos+1","Conserve Battery"],"picked":"Hello World+1","floor":35},{"not_picked":["Gash+1","Compile Driver+1"],"picked":"Force Field+1","floor":37},{"not_picked":["Rebound+1","Chill"],"picked":"BootSequence+1","floor":38},{"not_picked":["Consume+1","Melter+1"],"picked":"Heatsinks+1","floor":39},{"not_picked":["Steam Power","Darkness"],"picked":"Self Repair+1","floor":42},{"not_picked":["Turbo","Cold Snap+1"],"picked":"Static Discharge+1","floor":44},{"not_picked":["Sunder","Streamline+1"],"picked":"Leap+1","floor":46},{"not_picked":["Rebound+1","Leap+1"],"picked":"Creative AI+1","floor":47}],"player_experience":84384,"relics_obtained":[{"floor":7,"key":"Pen Nib"},{"floor":9,"key":"Bottled Flame"},{"floor":26,"key":"Blue Candle"},{"floor":42,"key":"Mummified Hand"},{"floor":43,"key":"Boot"}],"event_choices":[{"damage_healed":0,"gold_gain":0,"player_choice":"Ignored","damage_taken":0,"max_hp_gain":0,"max_hp_loss":0,"event_name":"Liars Game","floor":3,"gold_loss":0},{"damage_healed":0,"gold_gain":0,"player_choice":"Entered Light","damage_taken":15,"max_hp_gain":0,"max_hp_loss":0,"event_name":"Shining Light","floor":4,"gold_loss":0,"cards_upgraded":["Dualcast","Strike_B"]},{"cards_removed":["Strike_B"],"damage_healed":0,"gold_gain":0,"player_choice":"Card Removal","damage_taken":7,"max_hp_gain":0,"max_hp_loss":0,"event_name":"Golden Wing","floor":5,"gold_loss":0},{"damage_healed":0,"gold_gain":0,"cards_transformed":["Strike_B"],"player_choice":"Transformed","damage_taken":0,"max_hp_gain":0,"max_hp_loss":0,"event_name":"Transmorgrifier","floor":20,"gold_loss":0,"cards_obtained":["Multi-Cast"]},{"cards_removed":["Stack"],"damage_healed":0,"gold_gain":0,"player_choice":"Purged","damage_taken":0,"max_hp_gain":0,"max_hp_loss":0,"event_name":"Purifier","floor":30,"gold_loss":0},{"damage_healed":0,"gold_gain":0,"cards_transformed":["Strike_B"],"player_choice":"Transformed","damage_taken":0,"max_hp_gain":0,"max_hp_loss":0,"event_name":"Transmorgrifier","floor":41,"gold_loss":0,"cards_obtained":["Rip and Tear"]}],"is_beta":false,"boss_relics":[{"not_picked":["Philosopher\u0027s Stone","Fusion Hammer"],"picked":"Nuclear Battery"},{"not_picked":["Calling Bell","Astrolabe"],"picked":"Lizard Tail"}],"items_purged_floors":[19],"is_endless":false,"potions_floor_spawned":[10,13,14,16,18,23,24,33,37,38,42,46],"killed_by":"Time Eater","ascension_level":0}