{"gold_per_floor":[214,233,408,408,21,52,71,101,127,127,142,177,197,272,272,371,421,435,32,32,32,45,77,91,91],"floor_reached":25,"playtime":958,"items_purged":[],"score":289,"play_id":"1405dc9d-639c-44eb-8e87-60b24a7f7a0b","local_time":"20181221193341","is_ascension_mode":true,"campfire_choices":[{"data":"Shrug It Off","floor":10,"key":"SMITH"},{"data":"Uppercut","floor":15,"key":"SMITH"}],"neow_cost":"NONE","seed_source_timestamp":155436671619516,"circlet_count":0,"master_deck":["Strike_R","Strike_R","Strike_R","Strike_R+1","Strike_R+1","Defend_R","Defend_R","Defend_R","Defend_R+1","Bash","Shrug It Off+1","Cleave","Doubt","Uppercut+1","Metallicize","Pommel Strike","Clash","Clothesline","Clash","Twin Strike","Immolate","Flame Barrier","Shrug It Off","Flex","Shrug It Off","Writhe","Flex+1","Pommel Strike","Pommel Strike+1"],"relics":["Burning Blood","Mercury Hourglass","Centennial Puzzle","Ancient Tea Set","Pen Nib","Red Skull","Tiny House","Mummified Hand","Sundial","Matryoshka"],"potions_floor_usage":[16,16,18,22,22,25],"damage_taken":[{"damage":4,"enemies":"Small Slimes","floor":1,"turns":5},{"damage":2,"enemies":"2 Louse","floor":2,"turns":4},{"damage":22,"enemies":"3 Sentries","floor":6,"turns":5},{"damage":4,"enemies":"Jaw Worm","floor":7,"turns":3},{"damage":12,"enemies":"Gremlin Nob","floor":8,"turns":4},{"damage":0,"enemies":"Large Slime","floor":11,"turns":2},{"damage":15,"enemies":"3 Sentries","floor":12,"turns":5},{"damage":2,"enemies":"3 Louse","floor":13,"turns":2},{"damage":9,"enemies":"Hexaghost","floor":16,"turns":5},{"damage":9,"enemies":"Shell Parasite","floor":18,"turns":6},{"damage":0,"enemies":"3 Byrds","floor":22,"turns":2},{"damage":58,"enemies":"Slavers","floor":23,"turns":5},{"damage":5,"enemies":"Centurion and Healer","floor":24,"turns":5},{"damage":24,"enemies":"Book of Stabbing","floor":25,"turns":4}],"seed_played":"-1956174527179360492","potions_obtained":[{"floor":1,"key":"SneckoOil"},{"floor":2,"key":"FearPotion"},{"floor":13,"key":"Fire Potion"},{"floor":16,"key":"AttackPotion"},{"floor":17,"key":"Poison Potion"},{"floor":22,"key":"SpeedPotion"}],"is_trial":false,"path_per_floor":["M","M","?","?","$","E","M","E","T","R","M","E","M","?","R","B",null,"M","$","?","?","M","E","M","E"],"character_chosen":"IRONCLAD","items_purchased":["Mercury Hourglass","Uppercut","Fire Potion","Flex","Mummified Hand","Shrug It Off","SkillPotion"],"campfire_rested":0,"item_purchase_floors":[5,5,5,19,19,19,19],"current_hp_per_floor":[80,80,80,64,64,48,50,44,44,44,50,41,45,34,34,31,85,82,82,82,66,72,20,21,0],"gold":91,"neow_bonus":"HUNDRED_GOLD","is_prod":false,"is_daily":false,"chose_seed":false,"campfire_upgraded":2,"win_rate":0,"timestamp":1545449621,"path_taken":["M","M","?","?","$","E","?","E","T","R","M","E","M","?","R","BOSS","M","$","?","?","M","E","M","E"],"build_version":"2018-12-20","purchased_purges":0,"victory":false,"max_hp_per_floor":[80,80,80,80,80,80,80,80,80,80,80,80,80,80,80,80,85,85,85,85,90,90,90,90,90],"card_choices":[{"not_picked":["Dual Wield","True Grit"],"picked":"Shrug It Off","floor":1},{"not_picked":["Headbutt","Dual Wield"],"picked":"Cleave","floor":2},{"not_picked":["Fiend Fire","Clash"],"picked":"Metallicize","floor":6},{"not_picked":["Armaments","Clothesline"],"picked":"Pommel Strike","floor":7},{"not_picked":["Brutality","Exhume"],"picked":"Clash","floor":8},{"not_picked":["Carnage","Heavy Blade"],"picked":"Clothesline","floor":11},{"not_picked":["Havoc","Corruption"],"picked":"Clash","floor":12},{"not_picked":["Iron Wave","Cleave"],"picked":"Twin Strike","floor":13},{"not_picked":["Barricade","Brutality"],"picked":"Immolate","floor":16},{"not_picked":["Wild Strike","Thunderclap"],"picked":"Flame Barrier","floor":17},{"not_picked":["Carnage","Wild Strike"],"picked":"Shrug It Off","floor":18},{"not_picked":["Havoc","Headbutt"],"picked":"Flex+1","floor":22},{"not_picked":["Clash","Whirlwind+1"],"picked":"Pommel Strike","floor":23},{"not_picked":["Cleave","Clash"],"picked":"Pommel Strike+1","floor":24}],"player_experience":217597,"relics_obtained":[{"floor":6,"key":"Centennial Puzzle"},{"floor":8,"key":"Ancient Tea Set"},{"floor":9,"key":"Pen Nib"},{"floor":12,"key":"Red Skull"},{"floor":23,"key":"Matryoshka"}],"event_choices":[{"damage_healed":0,"gold_gain":175,"player_choice":"AGREE","damage_taken":0,"max_hp_gain":0,"max_hp_loss":0,"event_name":"Liars Game","floor":3,"gold_loss":0,"cards_obtained":["Doubt"]},{"damage_healed":0,"gold_gain":0,"player_choice":"Entered Light","damage_taken":16,"max_hp_gain":0,"max_hp_loss":0,"event_name":"Shining Light","floor":4,"gold_loss":0,"cards_upgraded":["Strike_R","Strike_R"]},{"damage_healed":0,"gold_gain":75,"player_choice":"Gather Gold","damage_taken":11,"max_hp_gain":0,"max_hp_loss":0,"event_name":"World of Goop","floor":14,"gold_loss":0},{"damage_healed":0,"gold_gain":0,"player_choice":"Opened","damage_taken":0,"relics_obtained":["Sundial"],"max_hp_gain":0,"max_hp_loss":0,"event_name":"The Mausoleum","floor":20,"gold_loss":0,"cards_obtained":["Writhe"]},{"damage_healed":0,"gold_gain":0,"player_choice":"Shed Blood","damage_taken":21,"max_hp_gain":5,"max_hp_loss":0,"event_name":"Forgotten Altar","floor":21,"gold_loss":0}],"is_beta":false,"boss_relics":[{"not_picked":["Fusion Hammer","Runic Cube"],"picked":"Tiny House"}],"items_purged_floors":[],"is_endless":false,"potions_floor_spawned":[1,2,13,16,22],"killed_by":"Book of Stabbing","ascension_level":4}