{"gold_per_floor":[113,113,131,56,72,103,53,53,80,91,106,6,6,6,6,6],"floor_reached":16,"playtime":451,"items_purged":["Defend_R","Defend_R"],"score":100,"play_id":"9e91e4e6-a897-424d-a920-bf1db0366912","local_time":"20190127105250","is_ascension_mode":false,"campfire_choices":[{"data":"Shrug It Off","floor":13,"key":"SMITH"},{"data":"Strike_R","floor":15,"key":"SMITH"}],"neow_cost":"NONE","seed_source_timestamp":666606034355739,"circlet_count":0,"master_deck":["Strike_R","Strike_R+1","Strike_R+1","Defend_R","Defend_R","Bash+1","Shrug It Off+1"],"relics":["Burning Blood","Centennial Puzzle","Whetstone"],"potions_floor_usage":[6,6],"damage_taken":[{"damage":3,"enemies":"Jaw Worm","floor":1,"turns":4},{"damage":5,"enemies":"Cultist","floor":3,"turns":4},{"damage":4,"enemies":"Small Slimes","floor":5,"turns":4},{"damage":14,"enemies":"Gremlin Nob","floor":6,"turns":3},{"damage":6,"enemies":"Blue Slaver","floor":10,"turns":5},{"damage":4,"enemies":"2 Fungi Beasts","floor":11,"turns":4},{"damage":68,"enemies":"Hexaghost","floor":16,"turns":11}],"seed_played":"-3219947161654945563","potions_obtained":[{"floor":3,"key":"AttackPotion"},{"floor":5,"key":"SteroidPotion"}],"is_trial":false,"path_per_floor":["M","?","M","$","M","E","?","?","T","M","M","$","R","?","R","B"],"character_chosen":"IRONCLAD","items_purchased":[],"campfire_rested":0,"item_purchase_floors":[],"current_hp_per_floor":[88,88,88,88,88,80,80,85,85,85,87,87,87,87,87,19],"gold":6,"neow_bonus":"TEN_PERCENT_HP_BONUS","is_prod":false,"is_daily":false,"chose_seed":false,"campfire_upgraded":2,"win_rate":0,"timestamp":1548598970,"path_taken":["M","?","?","?","M","E","?","?","T","M","M","?","R","?","R","BOSS"],"build_version":"2019-01-23","purchased_purges":2,"victory":false,"max_hp_per_floor":[88,88,88,88,88,88,88,93,93,93,93,93,93,93,93,93],"card_choices":[{"not_picked":["Warcry","Heavy Blade","Pommel Strike"],"picked":"SKIP","floor":1},{"not_picked":["Flex","Second Wind","Fiend Fire"],"picked":"SKIP","floor":3},{"not_picked":["Clash","Havoc","Combust"],"picked":"SKIP","floor":5},{"not_picked":["Perfected Strike","Inflame","Infernal Blade"],"picked":"SKIP","floor":6},{"not_picked":["Metallicize","Rupture","Disarm"],"picked":"SKIP","floor":10},{"not_picked":["Anger","Iron Wave"],"picked":"Shrug It Off","floor":11}],"player_experience":238945,"relics_obtained":[{"floor":6,"key":"Centennial Puzzle"},{"floor":9,"key":"Whetstone"}],"event_choices":[{"cards_removed":["Strike_R"],"damage_healed":0,"gold_gain":0,"player_choice":"Purged","damage_taken":0,"max_hp_gain":0,"max_hp_loss":0,"event_name":"Purifier","floor":2,"gold_loss":0},{"cards_removed":["Strike_R"],"damage_healed":0,"gold_gain":0,"player_choice":"Card Removal","damage_taken":0,"max_hp_gain":0,"max_hp_loss":0,"event_name":"The Cleric","floor":7,"gold_loss":50},{"damage_healed":0,"gold_gain":0,"player_choice":"Donut","damage_taken":0,"max_hp_gain":5,"max_hp_loss":0,"event_name":"Big Fish","floor":8,"gold_loss":0},{"damage_healed":0,"gold_gain":0,"player_choice":"Ignored","damage_taken":0,"max_hp_gain":0,"max_hp_loss":0,"event_name":"Liars Game","floor":14,"gold_loss":0}],"is_beta":false,"boss_relics":[],"items_purged_floors":[4,12],"is_endless":false,"potions_floor_spawned":[3,5],"killed_by":"Hexaghost","ascension_level":0}