{"gold_per_floor":[116,132,33,33,56,86,86,99,172,192,204,104,124,144,144,249,249,261,274,7,24,24,57,57,57,57,57,86,86,96,96,96,197,197,217,170,184,184,284,284,303,333,333,347,347,358,374,374,374,374],"floor_reached":51,"playtime":3994,"items_purged":["Strike_R","Defend_R"],"score":744,"play_id":"1aa4df5d-cd28-4de8-aa6a-9b5091e35433","local_time":"20190112005359","is_ascension_mode":false,"campfire_choices":[{"data":"Barricade","floor":7,"key":"SMITH"},{"data":"Armaments","floor":15,"key":"SMITH"},{"data":"Demon Form","floor":24,"key":"SMITH"},{"floor":32,"key":"REST"},{"floor":40,"key":"REST"},{"data":"Armaments","floor":49,"key":"SMITH"}],"neow_cost":"NONE","seed_source_timestamp":1219045343088331,"circlet_count":0,"master_deck":["Defend_R","Defend_R","Bash","Armaments+1","Battle Trance","Shrug It Off","Barricade+1","Body Slam","Flame Barrier","Flame Barrier","Barricade","Demon Form+1","Heavy Blade","Mayhem","Metallicize","Heavy Blade+1","Sword Boomerang+1","Bludgeon","Bite","Bite","Bite","Bite","Fire Breathing","Bludgeon","Entrench+1","Thunderclap","Sword Boomerang","Shrug It Off","Demon Form","Burning Pact+1","Armaments+1","Armaments+1","Flame Barrier"],"relics":["Snecko Eye","PreservedInsect","Mercury Hourglass","Matryoshka","Sozu","Pen Nib","Dream Catcher","Ornamental Fan","Boot","Bag of Preparation","Thread and Needle","Philosopher\u0027s Stone","Bird Faced Urn","Blood Vial","Self Forming Clay"],"potions_floor_usage":[13,39,50],"damage_taken":[{"damage":0,"enemies":"Cultist","floor":1,"turns":4},{"damage":8,"enemies":"Jaw Worm","floor":2,"turns":3},{"damage":4,"enemies":"3 Sentries","floor":6,"turns":9},{"damage":0,"enemies":"Small Slimes","floor":8,"turns":2},{"damage":2,"enemies":"3 Louse","floor":10,"turns":3},{"damage":7,"enemies":"Blue Slaver","floor":11,"turns":3},{"damage":0,"enemies":"Large Slime","floor":13,"turns":2},{"damage":0,"enemies":"Exordium Wildlife","floor":14,"turns":3},{"damage":33,"enemies":"Hexaghost","floor":16,"turns":10},{"damage":5,"enemies":"Spheric Guardian","floor":18,"turns":4},{"damage":0,"enemies":"3 Byrds","floor":19,"turns":2},{"damage":4,"enemies":"Shelled Parasite and Fungi","floor":21,"turns":4},{"damage":5,"enemies":"Book of Stabbing","floor":23,"turns":5},{"damage":12,"enemies":"Colosseum Slavers","floor":27,"turns":5},{"damage":11,"enemies":"Slavers","floor":28,"turns":4},{"damage":0,"enemies":"Snecko","floor":30,"turns":5},{"damage":43,"enemies":"Automaton","floor":33,"turns":7},{"damage":0,"enemies":"3 Shapes","floor":35,"turns":3},{"damage":0,"enemies":"3 Darklings","floor":37,"turns":3},{"damage":38,"enemies":"Mind Bloom Boss Battle","floor":39,"turns":4},{"damage":18,"enemies":"Sphere and 2 Shapes","floor":41,"turns":4},{"damage":0,"enemies":"Giant Head","floor":42,"turns":4},{"damage":15,"enemies":"Jaw Worm Horde","floor":44,"turns":3},{"damage":12,"enemies":"4 Shapes","floor":46,"turns":3},{"damage":0,"enemies":"Maw","floor":47,"turns":6},{"damage":13,"enemies":"Donu and Deca","floor":50,"turns":6}],"seed_played":"-8168509157534026138","potions_obtained":[{"floor":2,"key":"Dexterity Potion"},{"floor":6,"key":"PowerPotion"},{"floor":13,"key":"Fruit Juice"},{"floor":16,"key":"Fire Potion"}],"is_trial":false,"path_per_floor":["M","M","$","?","T","E","R","M","T","M","M","$","M","M","R","B",null,"M","M","$","M","?","E","R","$","T","?","E","T","M","?","R","B",null,"M","$","M","?","?","R","M","E","T","M","?","M","M","?","R","B",null],"character_chosen":"IRONCLAD","items_purchased":["Shrug It Off","Mayhem","Metallicize","Thunderclap"],"campfire_rested":2,"item_purchase_floors":[3,20,20,36],"current_hp_per_floor":[80,72,72,72,72,68,68,68,68,66,59,59,64,64,64,31,85,80,80,80,76,60,55,55,55,55,43,32,32,32,32,50,22,63,63,63,63,60,27,45,35,53,53,51,51,51,60,60,60,56],"gold":374,"neow_bonus":"BOSS_RELIC","is_prod":false,"is_daily":false,"chose_seed":false,"campfire_upgraded":4,"win_rate":0,"timestamp":1547272439,"path_taken":["M","?","$","?","?","E","R","M","T","M","M","$","?","?","R","BOSS","M","M","$","M","?","E","R","$","T","?","E","?","M","?","R","BOSS","M","$","M","?","?","R","M","E","T","M","?","M","?","?","R","BOSS"],"build_version":"2019-01-10","purchased_purges":2,"victory":true,"max_hp_per_floor":[80,80,80,80,80,80,80,80,80,80,80,80,85,85,85,85,85,85,85,85,85,90,90,90,90,90,90,90,90,90,63,63,63,63,63,63,63,60,60,60,60,60,60,60,60,60,60,60,60,60],"card_choices":[{"not_picked":["Clash","Power Through"],"picked":"Armaments","floor":1},{"not_picked":["Sword Boomerang","Ghostly Armor"],"picked":"Battle Trance","floor":2},{"not_picked":["Havoc","Sever Soul","Headbutt"],"picked":"SKIP","floor":6},{"not_picked":["Carnage","Pommel Strike"],"picked":"Body Slam","floor":8},{"not_picked":["Anger","Feel No Pain"],"picked":"Flame Barrier","floor":10},{"not_picked":["Havoc","Evolve"],"picked":"Flame Barrier","floor":11},{"not_picked":["Seeing Red","Anger"],"picked":"Barricade","floor":13},{"not_picked":["Pummel","Flex"],"picked":"Carnage","floor":14},{"not_picked":["Offering","Dark Embrace"],"picked":"Demon Form","floor":16},{"not_picked":["Armaments","Power Through+1","Corruption"],"picked":"SKIP","floor":18},{"not_picked":["Rampage+1","Clash+1"],"picked":"Heavy Blade","floor":19},{"not_picked":["Combust+1","Havoc"],"picked":"Heavy Blade+1","floor":21},{"not_picked":["Flex","Pummel"],"picked":"Sword Boomerang+1","floor":23},{"not_picked":["Headbutt","Clash"],"picked":"Bludgeon","floor":28},{"not_picked":["Pommel Strike","Burning Pact","Armaments+1"],"picked":"SKIP","floor":30},{"not_picked":["Heavy Blade","Anger"],"picked":"Fire Breathing","floor":32},{"not_picked":["Brutality","Dark Embrace"],"picked":"Bludgeon","floor":33},{"not_picked":["Bloodletting","Twin Strike"],"picked":"Entrench+1","floor":35},{"not_picked":["Anger","Bloodletting"],"picked":"Sword Boomerang","floor":37},{"not_picked":["Heavy Blade","Thunderclap+1"],"picked":"Shrug It Off","floor":39},{"not_picked":["Searing Blow","Twin Strike"],"picked":"Demon Form","floor":40},{"not_picked":["Anger","Carnage","Thunderclap+1"],"picked":"SKIP","floor":41},{"not_picked":["Rage+1","Flex+1"],"picked":"Burning Pact+1","floor":42},{"not_picked":["Evolve+1","Seeing Red+1"],"picked":"Armaments","floor":44},{"not_picked":["Rage+1","Corruption"],"picked":"Armaments+1","floor":46},{"not_picked":["Armaments+1","Uppercut+1"],"picked":"Flame Barrier","floor":47}],"player_experience":65321,"relics_obtained":[{"floor":5,"key":"PreservedInsect"},{"floor":6,"key":"Mercury Hourglass"},{"floor":9,"key":"Matryoshka"},{"floor":23,"key":"Pen Nib"},{"floor":26,"key":"Dream Catcher"},{"floor":26,"key":"Ornamental Fan"},{"floor":28,"key":"Boot"},{"floor":29,"key":"Bag of Preparation"},{"floor":29,"key":"Thread and Needle"},{"floor":39,"key":"Bird Faced Urn"},{"floor":42,"key":"Blood Vial"},{"floor":43,"key":"Self Forming Clay"}],"event_choices":[{"damage_healed":0,"gold_gain":0,"cards_transformed":["Defend_R"],"player_choice":"Change","damage_taken":0,"max_hp_gain":0,"max_hp_loss":0,"event_name":"Living Wall","floor":4,"gold_loss":0,"cards_obtained":["Barricade"]},{"damage_healed":0,"gold_gain":0,"player_choice":"Shed Blood","damage_taken":21,"max_hp_gain":5,"max_hp_loss":0,"event_name":"Forgotten Altar","floor":22,"gold_loss":0},{"damage_healed":0,"gold_gain":0,"player_choice":"Fight","damage_taken":0,"max_hp_gain":0,"max_hp_loss":0,"event_name":"Colosseum","floor":27,"gold_loss":0},{"damage_healed":0,"gold_gain":0,"player_choice":"Fled From Nobs","damage_taken":0,"max_hp_gain":0,"max_hp_loss":0,"event_name":"Colosseum","floor":27,"gold_loss":0},{"damage_healed":0,"gold_gain":0,"player_choice":"Became a vampire","damage_taken":0,"max_hp_gain":0,"max_hp_loss":27,"event_name":"Vampires","floor":31,"gold_loss":0,"cards_obtained":["Bite","Bite","Bite","Bite","Bite"]},{"damage_healed":0,"gold_gain":0,"player_choice":"Max HP","damage_taken":0,"max_hp_gain":0,"max_hp_loss":3,"event_name":"Winding Halls","floor":38,"gold_loss":0},{"damage_healed":0,"gold_gain":0,"player_choice":"Fight","damage_taken":0,"max_hp_gain":0,"max_hp_loss":0,"event_name":"MindBloom","floor":39,"gold_loss":0},{"cards_removed":["Carnage"],"damage_healed":0,"gold_gain":0,"player_choice":"Removed Attack","damage_taken":0,"max_hp_gain":0,"max_hp_loss":0,"event_name":"Falling","floor":45,"gold_loss":0},{"cards_removed":["Bite"],"damage_healed":0,"gold_gain":0,"player_choice":"Purged","damage_taken":0,"max_hp_gain":0,"max_hp_loss":0,"event_name":"Purifier","floor":48,"gold_loss":0}],"is_beta":false,"boss_relics":[{"not_picked":["Coffee Dripper","Runic Cube"],"picked":"Sozu"},{"not_picked":["Calling Bell","Astrolabe"],"picked":"Philosopher\u0027s Stone"}],"items_purged_floors":[3,12],"is_endless":false,"potions_floor_spawned":[2,6,13,16,21,28,30,37,39,41,42],"ascension_level":0}