{"gold_per_floor":[109,209,61,76,146,146,176,188,188,208,233,243,39,9,9,9],"floor_reached":16,"playtime":1460,"items_purged":["Strike_G","Strike_G"],"score":116,"play_id":"bb1c1988-84c1-4f4d-b3dd-92f769057077","local_time":"20190129062446","is_ascension_mode":true,"campfire_choices":[{"data":"Leg Sweep","floor":6,"key":"SMITH"},{"floor":15,"key":"REST"}],"neow_cost":"NONE","seed_source_timestamp":116689071380592,"circlet_count":0,"master_deck":["Defend_G","Defend_G","Defend_G","Defend_G","Defend_G","Strike_G","Strike_G","Strike_G","Survivor","Neutralize","Madness","Acrobatics","Escape Plan","Leg Sweep+1","Sucker Punch","Footwork","Footwork","Heel Hook"],"relics":["Ring of the Snake","The Courier","Blue Candle","Pantograph","Nunchaku"],"potions_floor_usage":[11,11,11,12,16],"damage_taken":[{"damage":0,"enemies":"Jaw Worm","floor":1,"turns":4},{"damage":0,"enemies":"Cultist","floor":4,"turns":5},{"damage":34,"enemies":"3 Sentries","floor":7,"turns":24},{"damage":0,"enemies":"Small Slimes","floor":8,"turns":4},{"damage":0,"enemies":"2 Fungi Beasts","floor":10,"turns":7},{"damage":35,"enemies":"Lagavulin","floor":11,"turns":17},{"damage":0,"enemies":"Exordium Wildlife","floor":12,"turns":7},{"damage":0,"enemies":"Looter","floor":14,"turns":4},{"damage":50,"enemies":"Hexaghost","floor":16,"turns":16}],"seed_played":"-2219261609036699148","potions_obtained":[{"floor":4,"key":"SteroidPotion"},{"floor":7,"key":"Fire Potion"},{"floor":10,"key":"Swift Potion"},{"floor":11,"key":"Strength Potion"},{"floor":12,"key":"SpeedPotion"}],"is_trial":false,"path_per_floor":["M","?","$","M","T","R","E","M","T","M","E","M","$","M","R","B"],"character_chosen":"THE_SILENT","items_purchased":["Escape Plan","Footwork","Footwork"],"campfire_rested":1,"item_purchase_floors":[3,13,13],"current_hp_per_floor":[70,70,70,70,70,70,36,36,36,36,1,1,1,1,22,0],"gold":9,"neow_bonus":"RANDOM_COLORLESS","is_prod":false,"is_daily":false,"chose_seed":false,"campfire_upgraded":1,"win_rate":0,"timestamp":1548764686,"path_taken":["M","?","?","M","?","R","E","M","T","M","E","M","$","M","R","BOSS"],"build_version":"2019-01-23","purchased_purges":2,"victory":false,"max_hp_per_floor":[70,70,70,70,70,70,70,70,70,70,70,70,70,70,70,70],"card_choices":[{"not_picked":["Riddle With Holes","Dagger Throw"],"picked":"Acrobatics","floor":1},{"not_picked":["Catalyst","Accuracy"],"picked":"Leg Sweep","floor":4},{"not_picked":["Terror","Underhanded Strike","Prepared"],"picked":"SKIP","floor":7},{"not_picked":["Outmaneuver","Bane","All Out Attack"],"picked":"SKIP","floor":8},{"not_picked":["Poisoned Stab","Venomology","Eviscerate"],"picked":"SKIP","floor":10},{"not_picked":["Bane","Underhanded Strike"],"picked":"Sucker Punch","floor":11},{"not_picked":["Backflip","Bane","Infinite Blades"],"picked":"SKIP","floor":12},{"not_picked":["Blade Dance","Glass Knife"],"picked":"Heel Hook","floor":14}],"player_experience":242146,"relics_obtained":[{"floor":5,"key":"The Courier"},{"floor":7,"key":"Blue Candle"},{"floor":9,"key":"Pantograph"},{"floor":11,"key":"Nunchaku"}],"event_choices":[{"damage_healed":0,"gold_gain":100,"player_choice":"Pray","damage_taken":0,"max_hp_gain":0,"max_hp_loss":0,"event_name":"Golden Shrine","floor":2,"gold_loss":0}],"is_beta":false,"boss_relics":[],"items_purged_floors":[3,13],"is_endless":false,"potions_floor_spawned":[4,7,10,11,12],"killed_by":"Hexaghost","ascension_level":1}