{"gold_per_floor":[118,71,71,82,82,82,109,125,125,125,139,139,155,183,183,279,279,293,218,228,188,206,206,231,183,183,215,13,30,130,148,148,244,244,264,264,18,18,32,59,59,79,79,94,113,113,45,45,45,45],"floor_reached":51,"playtime":2484,"items_purged":[],"score":820,"play_id":"ee35880a-928a-4554-8ea0-e12dd54f2a4b","local_time":"20181230130448","is_ascension_mode":true,"campfire_choices":[{"data":"Deadly Poison","floor":6.0,"key":"SMITH"},{"data":"Venomology","floor":10.0,"key":"SMITH"},{"floor":12.0,"key":"REST"},{"floor":15.0,"key":"REST"},{"floor":23.0,"key":"REST"},{"floor":32.0,"key":"REST"},{"floor":41.0,"key":"REST"},{"floor":49,"key":"REST"}],"neow_cost":"NONE","seed_source_timestamp":0,"circlet_count":0,"master_deck":["Defend_G","Defend_G","Defend_G","Defend_G","Strike_G","Strike_G","Strike_G","Survivor","Neutralize","Poisoned Stab","Deadly Poison+1","Bane","Venomology+1","Deadly Poison","Catalyst","Malaise","Catalyst+1","Poisoned Stab","Well Laid Plans","Deadly Poison","Catalyst"],"special_seed":0,"relics":["Ring of the Snake","Pen Nib","Ninja Scroll","Orichalcum","Bottled Lightning","The Specimen","Busted Crown","Mummified Hand","Dodecahedron","Ancient Tea Set","Strange Spoon","Calipers","Molten Egg 2","Lizard Tail","Frozen Eye","Smiling Mask","Bottled Tornado"],"potions_floor_usage":[42,44,44,45,45,50,50,50],"damage_taken":[{"damage":0.0,"enemies":"Small Slimes","floor":1.0,"turns":3.0},{"damage":0.0,"enemies":"Jaw Worm","floor":4.0,"turns":4.0},{"damage":33.0,"enemies":"Lagavulin","floor":7.0,"turns":6.0},{"damage":0.0,"enemies":"2 Louse","floor":8.0,"turns":2.0},{"damage":7.0,"enemies":"Gremlin Gang","floor":11.0,"turns":4.0},{"damage":4.0,"enemies":"3 Louse","floor":13.0,"turns":3.0},{"damage":9.0,"enemies":"3 Sentries","floor":14.0,"turns":9.0},{"damage":18.0,"enemies":"The Guardian","floor":16.0,"turns":7.0},{"damage":9.0,"enemies":"3 Byrds","floor":18.0,"turns":3.0},{"damage":6.0,"enemies":"Shell Parasite","floor":20.0,"turns":3.0},{"damage":22.0,"enemies":"Shelled Parasite and Fungi","floor":22.0,"turns":3.0},{"damage":10.0,"enemies":"Book of Stabbing","floor":24.0,"turns":5.0},{"damage":21.0,"enemies":"Slavers","floor":27.0,"turns":4.0},{"damage":0.0,"enemies":"3 Cultists","floor":29.0,"turns":4.0},{"damage":5.0,"enemies":"Colosseum Slavers","floor":30.0,"turns":2.0},{"damage":8.0,"enemies":"Colosseum Nobs","floor":30.0,"turns":3.0},{"damage":0.0,"enemies":"Snecko","floor":31.0,"turns":2.0},{"damage":46.0,"enemies":"Collector","floor":33.0,"turns":4.0},{"damage":12.0,"enemies":"Orb Walker","floor":35.0,"turns":3.0},{"damage":0.0,"enemies":"3 Shapes","floor":39.0,"turns":5.0},{"damage":64.0,"enemies":"Reptomancer","floor":40.0,"turns":3.0},{"damage":18,"enemies":"Sphere and 2 Shapes","floor":42,"turns":7},{"damage":2,"enemies":"Spire Growth","floor":44,"turns":3},{"damage":30,"enemies":"3 Darklings","floor":45,"turns":5},{"damage":47,"enemies":"Donu and Deca","floor":50,"turns":5}],"seed_played":"2438712042033512592","potions_obtained":[{"floor":1.0,"key":"AttackPotion"},{"floor":11.0,"key":"Fire Potion"},{"floor":14.0,"key":"EssenceOfSteel"},{"floor":16.0,"key":"Fruit Juice"},{"floor":22.0,"key":"SkillPotion"},{"floor":27.0,"key":"PowerPotion"},{"floor":29.0,"key":"Fruit Juice"},{"floor":30.0,"key":"AttackPotion"},{"floor":35.0,"key":"Block Potion"},{"floor":42,"key":"EssenceOfSteel"},{"floor":44,"key":"SkillPotion"}],"is_trial":false,"path_per_floor":["M","$","?","M","?","R","E","M","T","R","M","R","M","E","R","B",null,"M","?","M","?","M","R","E","$","T","E","$","M","?","M","R","B",null,"M","?","$","?","M","E","R","M","T","M","M","?","$","?","R","B",null],"character_chosen":"THE_SILENT","items_purchased":["Deadly Poison","Poisoned Stab","Strange Spoon","Deadly Poison","Frozen Eye","Catalyst"],"campfire_rested":6,"item_purchase_floors":[2,25,28,37,37,47],"current_hp_per_floor":[70,70,63,63,63,63,30,30,30,30,23,44,40,31,52,34,70,66,66,60,60,38,60,50,50,50,43,43,43,35,35,59,13,80,68,68,68,68,68,4,28,10,10,8,22,22,22,22,46,14],"gold":45,"neow_bonus":"RANDOM_COMMON_RELIC","is_prod":false,"is_daily":false,"chose_seed":false,"campfire_upgraded":2,"win_rate":0,"timestamp":1546171488,"path_taken":["M","$","?","M","?","R","E","M","T","R","M","R","M","E","R","BOSS","M","?","M","?","?","R","E","$","T","E","$","M","?","M","R","BOSS","M","?","$","?","M","E","R","?","T","M","M","?","?","?","R","BOSS"],"build_version":"2018-12-20","purchased_purges":0,"victory":true,"max_hp_per_floor":[70,70,70,70,70,70,70,70,70,70,70,70,70,70,70,70,70,75,75,75,75,75,75,75,75,75,75,75,75,80,80,80,80,80,80,80,80,80,80,80,80,80,80,80,80,80,80,80,80,80],"card_choices":[{"not_picked":["Calculated Gamble","Acrobatics"],"picked":"Poisoned Stab","floor":1.0},{"not_picked":["Underhanded Strike","Deflect"],"picked":"Caltrops","floor":4.0},{"not_picked":["Slice","Predator"],"picked":"Bane","floor":7.0},{"not_picked":["Blade Dance","Outmaneuver"],"picked":"Venomology","floor":8.0},{"not_picked":["Leg Sweep","Dagger Spray"],"picked":"Deadly Poison","floor":11.0},{"not_picked":["Dagger Throw","Slice"],"picked":"Catalyst","floor":13.0},{"not_picked":["Quick Slash","Flying Knee","Terror"],"picked":"SKIP","floor":14.0},{"not_picked":["Tools of the Trade","Phantasmal Killer"],"picked":"Malaise","floor":16.0},{"not_picked":[],"picked":"Catalyst","floor":18.0},{"not_picked":["Terror"],"picked":"SKIP","floor":20.0},{"not_picked":["Flying Knee"],"picked":"SKIP","floor":22.0},{"not_picked":["Tactician"],"picked":"SKIP","floor":24.0},{"not_picked":["Deflect"],"picked":"SKIP","floor":27.0},{"not_picked":["Tactician+1"],"picked":"SKIP","floor":29.0},{"not_picked":["Skewer+1"],"picked":"SKIP","floor":31.0},{"not_picked":["Well Laid Plans"],"picked":"SKIP","floor":35.0},{"not_picked":[],"picked":"Well Laid Plans","floor":35.0},{"not_picked":["Quick Slash+1"],"picked":"SKIP","floor":39.0},{"not_picked":["Cloak And Dagger+1"],"picked":"SKIP","floor":40.0},{"not_picked":["Acrobatics+1"],"picked":"SKIP","floor":42},{"not_picked":["Outmaneuver+1"],"picked":"SKIP","floor":44},{"not_picked":["Well Laid Plans+1"],"picked":"SKIP","floor":45}],"player_experience":243559,"relics_obtained":[{"floor":7.0,"key":"Orichalcum"},{"floor":9.0,"key":"Bottled Lightning"},{"floor":14.0,"key":"The Specimen"},{"floor":24.0,"key":"Mummified Hand"},{"floor":26.0,"key":"Dodecahedron"},{"floor":27.0,"key":"Ancient Tea Set"},{"floor":30.0,"key":"Calipers"},{"floor":30.0,"key":"Molten Egg 2"},{"floor":40.0,"key":"Smiling Mask"},{"floor":43,"key":"Bottled Tornado"}],"event_choices":[{"cards_removed":["Strike_G"],"damage_healed":0.0,"max_hp_gain":0.0,"max_hp_loss":0.0,"gold_gain":0.0,"event_name":"Golden Wing","player_choice":"Card Removal","floor":3.0,"gold_loss":0.0,"damage_taken":7.0},{"damage_healed":0.0,"max_hp_gain":0.0,"max_hp_loss":0.0,"gold_gain":0.0,"event_name":"Big Fish","player_choice":"Box","floor":5.0,"gold_loss":0.0,"damage_taken":0.0,"relics_obtained":["Ninja Scroll"],"cards_obtained":["Regret"]},{"cards_removed":["Regret"],"damage_healed":0.0,"max_hp_gain":0.0,"max_hp_loss":0.0,"gold_gain":0.0,"event_name":"Beggar","player_choice":"Gave Gold","floor":19.0,"gold_loss":75.0,"damage_taken":0.0},{"damage_healed":0.0,"max_hp_gain":0.0,"max_hp_loss":0.0,"gold_gain":0.0,"event_name":"Designer","player_choice":"Upgrade","floor":21.0,"gold_loss":40.0,"damage_taken":0.0,"cards_upgraded":["Catalyst"]},{"damage_healed":0.0,"max_hp_gain":0.0,"max_hp_loss":0.0,"gold_gain":0.0,"event_name":"Colosseum","player_choice":"Fight","floor":30.0,"gold_loss":0.0,"damage_taken":0.0},{"damage_healed":0.0,"max_hp_gain":0.0,"max_hp_loss":0.0,"gold_gain":0.0,"event_name":"Colosseum","player_choice":"Fought Nobs","floor":30.0,"gold_loss":0.0,"damage_taken":0.0},{"damage_healed":0.0,"max_hp_gain":0.0,"max_hp_loss":0.0,"gold_gain":0.0,"event_name":"SensoryStone","player_choice":"Memory 1","floor":36.0,"gold_loss":0.0,"damage_taken":0.0},{"cards_removed":["Strike_G"],"damage_healed":0.0,"max_hp_gain":0.0,"max_hp_loss":0.0,"gold_gain":0.0,"event_name":"Purifier","player_choice":"Purged","floor":38.0,"gold_loss":0.0,"damage_taken":0.0},{"cards_removed":["Caltrops"],"damage_healed":0,"gold_gain":0,"player_choice":"Removed Power","damage_taken":0,"max_hp_gain":0,"max_hp_loss":0,"event_name":"Falling","floor":46,"gold_loss":0},{"cards_removed":["Defend_G"],"damage_healed":0,"gold_gain":0,"player_choice":"Purged","damage_taken":0,"max_hp_gain":0,"max_hp_loss":0,"event_name":"Purifier","floor":48,"gold_loss":0}],"is_beta":false,"boss_relics":[{"not_picked":["Philosopher\u0027s Stone","Fusion Hammer"],"picked":"Busted Crown"},{"not_picked":["WristBlade","White Beast Statue"],"picked":"Lizard Tail"}],"items_purged_floors":[],"is_endless":false,"potions_floor_spawned":[1,11,14,16,22,27,29,30,35,42,44],"ascension_level":2}