{"gold_per_floor":[110,128,128,147,147,147,176,98,170,186,186,186,217,240,240,340,340,360,360,379,391,301,301,314,341,368,388,388,313,313,330,330,427,427,438,438,455,26,38,72,72,103,127,140,140,140,160,179,179,179],"floor_reached":50,"playtime":6318,"items_purged":[],"score":582,"play_id":"57f313ff-b67a-4be6-b768-38a656707e44","local_time":"20181231195343","is_ascension_mode":false,"campfire_choices":[{"data":"Sucker Punch","floor":6.0,"key":"SMITH"},{"floor":11.0,"key":"REST"},{"floor":15.0,"key":"REST"},{"data":"Corpse Explosion","floor":23.0,"key":"SMITH"},{"floor":30.0,"key":"REST"},{"floor":32.0,"key":"REST"},{"floor":41,"key":"REST"},{"floor":46,"key":"REST"},{"floor":49,"key":"REST"}],"neow_cost":"NONE","seed_source_timestamp":0,"circlet_count":0,"master_deck":["Defend_G","Defend_G","Defend_G","Defend_G","Strike_G","Strike_G","Strike_G","Survivor","Neutralize+1","Quick Slash","Sucker Punch+1","Deflect","Poisoned Stab","Infinite Blades+1","Skewer","Outmaneuver+1","Corpse Explosion+1","Slice","Dagger Throw","Cloak And Dagger","Flying Knee","Crippling Poison","Terror+1","PiercingWail","Deadly Poison+1","Well Laid Plans","Tools of the Trade","Cloak And Dagger+1","PiercingWail+1","Phantasmal Killer","Dash+1","Underhanded Strike+1","After Image","Parasite","Accuracy","Deadly Poison+1","Deadly Poison+1","Writhe","Finisher+1"],"special_seed":0,"relics":["Ring of the Snake","PreservedInsect","Sundial","Letter Opener","Orichalcum","Orrery","Pear","Pen Nib","Anchor","Lizard Tail","Torii","Bag of Marbles","Lantern","Strawberry"],"potions_floor_usage":[42,48,50,50,50,50,50],"damage_taken":[{"damage":0.0,"enemies":"2 Louse","floor":1.0,"turns":2.0},{"damage":6.0,"enemies":"Small Slimes","floor":2.0,"turns":4.0},{"damage":0.0,"enemies":"Cultist","floor":4.0,"turns":3.0},{"damage":24.0,"enemies":"Gremlin Nob","floor":7.0,"turns":6.0},{"damage":7.0,"enemies":"Exordium Wildlife","floor":10.0,"turns":6.0},{"damage":7.0,"enemies":"3 Sentries","floor":13.0,"turns":6.0},{"damage":50.0,"enemies":"The Guardian","floor":16.0,"turns":13.0},{"damage":4.0,"enemies":"Shell Parasite","floor":18.0,"turns":4.0},{"damage":0.0,"enemies":"3 Byrds","floor":20.0,"turns":4.0},{"damage":4.0,"enemies":"Snecko","floor":21.0,"turns":6.0},{"damage":25.0,"enemies":"Centurion and Healer","floor":24.0,"turns":6.0},{"damage":20.0,"enemies":"Book of Stabbing","floor":25.0,"turns":4.0},{"damage":12.0,"enemies":"3 Cultists","floor":27.0,"turns":3.0},{"damage":0.0,"enemies":"Snecko","floor":31.0,"turns":4.0},{"damage":48.0,"enemies":"Automaton","floor":33.0,"turns":8.0},{"damage":6.0,"enemies":"3 Shapes","floor":35.0,"turns":8.0},{"damage":7.0,"enemies":"Orb Walker","floor":37.0,"turns":4.0},{"damage":12.0,"enemies":"Writhing Mass","floor":39.0,"turns":7.0},{"damage":47,"enemies":"Giant Head","floor":40,"turns":7},{"damage":1,"enemies":"Nemesis","floor":42,"turns":7},{"damage":2,"enemies":"4 Shapes","floor":44,"turns":6},{"damage":16,"enemies":"Transient","floor":47,"turns":5},{"damage":34,"enemies":"Spire Growth","floor":48,"turns":5},{"damage":121,"enemies":"Awakened One","floor":50,"turns":14}],"seed_played":"-7758119729454755794","potions_obtained":[{"floor":10.0,"key":"AttackPotion"},{"floor":13.0,"key":"Swift Potion"},{"floor":16.0,"key":"SpeedPotion"},{"floor":20.0,"key":"Energy Potion"},{"floor":25.0,"key":"SpeedPotion"},{"floor":31.0,"key":"PowerPotion"},{"floor":39.0,"key":"FearPotion"},{"floor":40,"key":"GhostInAJar"},{"floor":44,"key":"EntropicBrew"},{"floor":47,"key":"SpeedPotion"}],"is_trial":false,"path_per_floor":["M","M","?","M","?","R","E","$","T","M","R","?","E","T","R","B",null,"M","?","M","M","?","R","M","E","T","M","?","?","R","M","R","B",null,"M","?","M","$","M","E","R","E","T","M","?","R","M","M","R","B"],"character_chosen":"THE_SILENT","items_purchased":["Infinite Blades","Torii","After Image"],"campfire_rested":7,"item_purchase_floors":[8,38,38],"current_hp_per_floor":[70,64,64,64,57,57,33,33,33,26,47,47,40,40,61,11,70,66,66,66,62,62,62,37,27,27,15,15,15,39,39,63,15,80,74,74,67,67,55,8,32,31,38,36,58,84,68,34,60,0],"gold":179,"neow_bonus":"UPGRADE_CARD","is_prod":false,"is_daily":false,"chose_seed":false,"campfire_upgraded":2,"win_rate":0,"timestamp":1546307623,"path_taken":["M","M","?","M","?","R","E","$","T","M","R","?","E","?","R","BOSS","M","?","M","?","?","R","M","E","T","?","?","?","R","M","R","BOSS","M","?","?","$","M","E","R","E","T","M","?","R","M","M","R","BOSS"],"build_version":"2018-12-20","purchased_purges":0,"victory":false,"max_hp_per_floor":[70,70,70,70,70,70,70,70,70,70,70,70,70,70,70,70,70,70,70,70,70,70,70,70,80,80,80,80,80,80,80,80,80,80,80,80,80,80,80,80,80,80,87,87,87,87,87,87,87,87],"card_choices":[{"not_picked":["Underhanded Strike","Slice"],"picked":"Quick Slash","floor":1.0},{"not_picked":["Quick Slash","Dagger Spray"],"picked":"Sucker Punch","floor":2.0},{"not_picked":["Footwork","Backflip"],"picked":"Deflect","floor":4.0},{"not_picked":["Catalyst","Crippling Poison"],"picked":"Poisoned Stab","floor":7.0},{"not_picked":["All Out Attack","Backflip"],"picked":"Skewer","floor":10.0},{"not_picked":["Doppelganger","Sucker Punch"],"picked":"Outmaneuver","floor":13.0},{"not_picked":["Glass Knife","Die Die Die"],"picked":"Corpse Explosion","floor":16.0},{"not_picked":["Dodge and Roll","Underhanded Strike"],"picked":"Slice","floor":17.0},{"not_picked":["Dodge and Roll","Bane"],"picked":"Dagger Throw","floor":17.0},{"not_picked":["Storm of Steel","Flechettes"],"picked":"Cloak And Dagger","floor":17.0},{"not_picked":["Tactician","Dodge and Roll"],"picked":"Flying Knee","floor":17.0},{"not_picked":["Underhanded Strike","Slice"],"picked":"Crippling Poison","floor":17.0},{"not_picked":["A Thousand Cuts","Distraction"],"picked":"Terror+1","floor":18.0},{"not_picked":["Bane","Heel Hook"],"picked":"PiercingWail","floor":20.0},{"not_picked":["Cloak And Dagger","Endless Agony"],"picked":"Deadly Poison+1","floor":21.0},{"not_picked":["All Out Attack","Dagger Throw"],"picked":"Well Laid Plans","floor":24.0},{"not_picked":["Deadly Poison","Expertise"],"picked":"Tools of the Trade","floor":25.0},{"not_picked":["Dagger Spray","Backflip"],"picked":"Cloak And Dagger+1","floor":27.0},{"not_picked":["Infinite Blades+1","Dagger Throw"],"picked":"PiercingWail+1","floor":31.0},{"not_picked":["Tools of the Trade","Venomology"],"picked":"Phantasmal Killer","floor":33.0},{"not_picked":["Terror+1","Backflip"],"picked":"Dash+1","floor":35.0},{"not_picked":["Backflip","Quick Slash+1"],"picked":"Underhanded Strike+1","floor":37.0},{"not_picked":["Dodge and Roll+1","Deflect+1"],"picked":"Accuracy","floor":39.0},{"not_picked":["Infinite Blades","Tactician+1","Dodge and Roll"],"picked":"SKIP","floor":40},{"not_picked":["Bouncing Flask","Glass Knife"],"picked":"Deadly Poison+1","floor":42},{"not_picked":["Flying Knee","Leg Sweep"],"picked":"Deadly Poison+1","floor":44},{"not_picked":["Bouncing Flask","Dodge and Roll","Backflip+1"],"picked":"SKIP","floor":47},{"not_picked":["Cloak And Dagger","Skewer"],"picked":"Finisher+1","floor":48}],"player_experience":108604,"relics_obtained":[{"floor":7.0,"key":"PreservedInsect"},{"floor":9.0,"key":"Sundial"},{"floor":13.0,"key":"Letter Opener"},{"floor":14.0,"key":"Orichalcum"},{"floor":25.0,"key":"Pear"},{"floor":26.0,"key":"Pen Nib"},{"floor":40,"key":"Bag of Marbles"},{"floor":42,"key":"Lantern"},{"floor":43,"key":"Strawberry"}],"event_choices":[{"damage_healed":0.0,"max_hp_gain":0.0,"max_hp_loss":0.0,"gold_gain":0.0,"event_name":"Scrap Ooze","player_choice":"Fled","floor":3.0,"gold_loss":0.0,"damage_taken":0.0},{"cards_removed":["Strike_G"],"damage_healed":0.0,"max_hp_gain":0.0,"max_hp_loss":0.0,"gold_gain":0.0,"event_name":"Golden Wing","player_choice":"Card Removal","floor":5.0,"gold_loss":0.0,"damage_taken":7.0},{"damage_healed":0.0,"max_hp_gain":0.0,"max_hp_loss":0.0,"gold_gain":0.0,"event_name":"Living Wall","player_choice":"Grow","floor":12.0,"gold_loss":0.0,"damage_taken":0.0,"cards_upgraded":["Infinite Blades"]},{"damage_healed":0.0,"max_hp_gain":0.0,"max_hp_loss":0.0,"gold_gain":0.0,"event_name":"NoteForYourself","player_choice":"Ignored","floor":19.0,"gold_loss":0.0,"damage_taken":0.0},{"cards_removed":["Strike_G"],"damage_healed":0.0,"max_hp_gain":0.0,"max_hp_loss":0.0,"gold_gain":0.0,"event_name":"Designer","player_choice":"Upgrade and Remove","floor":22.0,"gold_loss":90.0,"damage_taken":0.0,"cards_upgraded":["Outmaneuver"]},{"damage_healed":0.0,"max_hp_gain":0.0,"max_hp_loss":0.0,"gold_gain":0.0,"event_name":"The Mausoleum","player_choice":"Opened","floor":28.0,"gold_loss":0.0,"damage_taken":0.0,"relics_obtained":["Anchor"]},{"cards_removed":["Defend_G"],"damage_healed":0.0,"max_hp_gain":0.0,"max_hp_loss":0.0,"gold_gain":0.0,"event_name":"Beggar","player_choice":"Gave Gold","floor":29.0,"gold_loss":75.0,"damage_taken":0.0},{"damage_healed":0.0,"max_hp_gain":0.0,"max_hp_loss":0.0,"gold_gain":0.0,"event_name":"FaceTrader","player_choice":"Leave","floor":36.0,"gold_loss":0.0,"damage_taken":0.0},{"damage_healed":22,"gold_gain":0,"player_choice":"Writhe","damage_taken":0,"max_hp_gain":0,"max_hp_loss":0,"event_name":"Winding Halls","floor":45,"gold_loss":0,"cards_obtained":["Writhe"]}],"is_beta":false,"boss_relics":[{"not_picked":["Velvet Choker","Tiny House"],"picked":"Orrery"},{"not_picked":["Eternal Feather","Fusion Hammer"],"picked":"Lizard Tail"}],"items_purged_floors":[],"is_endless":false,"potions_floor_spawned":[10,13,16,20,21,25,31,39,40,44,47],"killed_by":"Awakened One","ascension_level":0}