{"gold_per_floor":[115,290,290,310,328,360,360,391,391,416,430,430,462,479,479,584,634,651,18,47,64,82,113,113,141,165,165,165,196,196,12,12,117,117,136,136,358,4,16,16,44,62,62,62,62,77,93,13,13,13],"floor_reached":50,"playtime":3577,"items_purged":["Doubt","Strike_G"],"score":736,"play_id":"6a03041e-d677-49c8-b6cd-5c5398130905","local_time":"20181115014801","is_ascension_mode":true,"campfire_choices":[{"floor":7,"key":"REST"},{"floor":12,"key":"REST"},{"floor":15,"key":"REST"},{"data":"Apotheosis","floor":24,"key":"SMITH"},{"floor":28,"key":"REST"},{"floor":32,"key":"REST"},{"data":"After Image","floor":40,"key":"SMITH"},{"data":"Poisoned Stab","floor":44,"key":"SMITH"},{"floor":49,"key":"REST"}],"neow_cost":"NONE","seed_source_timestamp":641746858361446,"circlet_count":0,"master_deck":["Defend_G","Defend_G","Defend_G","Defend_G","Defend_G","Strike_G+1","Strike_G+1","Strike_G","Survivor+1","Neutralize","Dodge and Roll","Noxious Fumes","Quick Slash+1","Dodge and Roll","Blur","Catalyst","Cloak And Dagger","Poisoned Stab+1","Poisoned Stab","After Image+1","Dodge and Roll","Leg Sweep","Apotheosis+1","Infinite Blades","Deadly Poison+1","Poisoned Stab","Leg Sweep","Blade Dance","Quick Slash","Tactician+1","Escape Plan","Burst","Poisoned Stab+1","Madness","Madness","Bane","Backflip","Cloak And Dagger","Backflip+1","Bane+1","Crippling Poison"],"relics":["Ring of the Snake","Pen Nib","Kunai","The Courier","Boot","Lantern","Thread and Needle","Tiny House","Blood Vial","Anchor","Whetstone","Red Mask","Strawberry","Juzu Bracelet","Orichalcum","War Paint","Snake Skull","Philosopher\u0027s Stone","Girya","Calipers","Sundial","Bag of Marbles"],"potions_floor_usage":[8,10,16,20,21,23,23,41,41],"damage_taken":[{"damage":0,"enemies":"Jaw Worm","floor":1,"turns":5},{"damage":5,"enemies":"Small Slimes","floor":4,"turns":5},{"damage":0,"enemies":"Cultist","floor":5,"turns":4},{"damage":23,"enemies":"3 Sentries","floor":6,"turns":9},{"damage":4,"enemies":"Lagavulin","floor":8,"turns":8},{"damage":24,"enemies":"Gremlin Nob","floor":10,"turns":4},{"damage":2,"enemies":"Large Slime","floor":11,"turns":8},{"damage":7,"enemies":"3 Sentries","floor":13,"turns":9},{"damage":8,"enemies":"2 Fungi Beasts","floor":14,"turns":3},{"damage":15,"enemies":"Hexaghost","floor":16,"turns":7},{"damage":0,"enemies":"Chosen","floor":18,"turns":6},{"damage":24,"enemies":"Masked Bandits","floor":20,"turns":5},{"damage":2,"enemies":"3 Byrds","floor":21,"turns":5},{"damage":0,"enemies":"Centurion and Healer","floor":22,"turns":7},{"damage":0,"enemies":"Book of Stabbing","floor":23,"turns":7},{"damage":58,"enemies":"Slavers","floor":25,"turns":9},{"damage":0,"enemies":"Book of Stabbing","floor":29,"turns":8},{"damage":40,"enemies":"Champ","floor":33,"turns":14},{"damage":0,"enemies":"Orb Walker","floor":35,"turns":5},{"damage":2,"enemies":"3 Darklings","floor":39,"turns":6},{"damage":51,"enemies":"Nemesis","floor":41,"turns":9},{"damage":0,"enemies":"4 Shapes","floor":42,"turns":6},{"damage":8,"enemies":"Writhing Mass","floor":46,"turns":6},{"damage":1,"enemies":"Maw","floor":47,"turns":6},{"damage":84,"enemies":"Time Eater","floor":50,"turns":12}],"seed_played":"-3245537155706390931","potions_obtained":[{"floor":1,"key":"GamblersBrew"},{"floor":4,"key":"Dexterity Potion"},{"floor":10,"key":"Poison Potion"},{"floor":11,"key":"FairyPotion"},{"floor":13,"key":"Swift Potion"},{"floor":17,"key":"SkillPotion"},{"floor":20,"key":"EssenceOfSteel"},{"floor":21,"key":"Energy Potion"},{"floor":29,"key":"FairyPotion"},{"floor":35,"key":"LiquidBronze"}],"is_trial":false,"path_per_floor":["M","?","?","M","M","E","R","E","T","E","M","R","E","M","R","B",null,"M","$","?","M","M","E","R","E","T","?","R","E","?","$","R","B",null,"M","?","?","$","M","R","E","M","T","R","T","M","M","$","R","B"],"character_chosen":"THE_SILENT","items_purchased":["Blood Vial","Apotheosis","Anchor","Whetstone","Infinite Blades","Snake Skull","Escape Plan","Bane","PowerPotion","Girya","Backflip"],"campfire_rested":6,"item_purchase_floors":[19,19,19,19,19,31,31,38,38,38,38],"current_hp_per_floor":[77,77,74,69,69,46,69,65,65,41,39,62,55,47,70,55,82,82,82,58,58,60,69,69,13,13,13,39,41,24,24,52,14,94,94,82,82,82,82,82,33,35,35,35,35,29,30,30,58,0],"gold":13,"neow_bonus":"TEN_PERCENT_HP_BONUS","is_prod":false,"is_daily":false,"chose_seed":false,"campfire_upgraded":3,"win_rate":0,"timestamp":1542275281,"path_taken":["M","?","?","M","M","E","R","E","T","E","M","R","E","M","R","BOSS","M","$","?","M","M","E","R","E","T","?","R","E","?","$","R","BOSS","M","?","?","$","M","R","E","M","T","R","?","M","M","$","R","BOSS"],"build_version":"2018-11-08","purchased_purges":2,"victory":false,"max_hp_per_floor":[77,77,77,77,77,77,77,77,77,77,77,77,77,77,77,77,82,82,82,82,82,82,89,89,89,89,89,89,89,94,94,94,94,94,94,94,94,94,94,94,94,94,94,94,94,94,94,94,94,94],"card_choices":[{"not_picked":["Riddle With Holes","Slice"],"picked":"Dodge and Roll","floor":1},{"not_picked":["Dagger Spray","Deadly Poison"],"picked":"Noxious Fumes","floor":4},{"not_picked":["Endless Agony","Reflex"],"picked":"Quick Slash","floor":5},{"not_picked":["Heel Hook","Slice"],"picked":"Dodge and Roll","floor":6},{"not_picked":["Outmaneuver","Riddle With Holes"],"picked":"Blur","floor":8},{"not_picked":["All Out Attack","Storm of Steel"],"picked":"Catalyst","floor":10},{"not_picked":["Blade Dance","Calculated Gamble"],"picked":"Cloak And Dagger","floor":11},{"not_picked":["Backstab","Storm of Steel"],"picked":"Poisoned Stab","floor":13},{"not_picked":["Heel Hook","Reflex"],"picked":"Poisoned Stab","floor":14},{"not_picked":["Glass Knife","Night Terror"],"picked":"After Image","floor":16},{"not_picked":["Dagger Throw","Skewer"],"picked":"Dodge and Roll","floor":17},{"not_picked":["Tactician+1","Escape Plan"],"picked":"Leg Sweep","floor":18},{"not_picked":["Slice","Quick Slash+1"],"picked":"Deadly Poison","floor":20},{"not_picked":["Concentrate","Well Laid Plans+1"],"picked":"Poisoned Stab","floor":21},{"not_picked":["Heel Hook","Deflect+1"],"picked":"Leg Sweep","floor":22},{"not_picked":["Doppelganger","Choke+1"],"picked":"Blade Dance","floor":23},{"not_picked":["All Out Attack+1","Eviscerate"],"picked":"Quick Slash","floor":25},{"not_picked":["Malaise","Heel Hook"],"picked":"Tactician+1","floor":29},{"not_picked":["Envenom","Die Die Die"],"picked":"Burst","floor":33},{"not_picked":["Finisher","All Out Attack+1"],"picked":"Poisoned Stab+1","floor":35},{"not_picked":["Flechettes+1","Slice+1"],"picked":"Cloak And Dagger","floor":39},{"not_picked":["Dagger Spray","Slice"],"picked":"Backflip+1","floor":41},{"not_picked":["Deadly Poison","Catalyst"],"picked":"Bane+1","floor":42},{"not_picked":["Eviscerate+1","Backstab","Prepared+1"],"picked":"SKIP","floor":46},{"not_picked":["Quick Slash","Phantasmal Killer"],"picked":"Crippling Poison","floor":47}],"player_experience":58667,"relics_obtained":[{"floor":6,"key":"Kunai"},{"floor":8,"key":"The Courier"},{"floor":9,"key":"Boot"},{"floor":10,"key":"Lantern"},{"floor":13,"key":"Thread and Needle"},{"floor":20,"key":"Red Mask"},{"floor":23,"key":"Strawberry"},{"floor":25,"key":"Juzu Bracelet"},{"floor":26,"key":"Orichalcum"},{"floor":29,"key":"War Paint"},{"floor":41,"key":"Calipers"},{"floor":43,"key":"Sundial"},{"floor":45,"key":"Bag of Marbles"}],"event_choices":[{"damage_healed":0,"gold_gain":175,"player_choice":"AGREE","damage_taken":0,"max_hp_gain":0,"max_hp_loss":0,"event_name":"Liars Game","floor":2,"gold_loss":0,"cards_obtained":["Doubt"]},{"damage_healed":0,"gold_gain":0,"player_choice":"Success","damage_taken":3,"relics_obtained":["Pen Nib"],"max_hp_gain":0,"max_hp_loss":0,"event_name":"Scrap Ooze","floor":3,"gold_loss":0},{"damage_healed":0,"gold_gain":0,"player_choice":"Fought Bandits","damage_taken":0,"max_hp_gain":0,"max_hp_loss":0,"event_name":"Masked Bandits","floor":20,"gold_loss":0},{"cards_removed":["Strike_G"],"damage_healed":0,"gold_gain":0,"player_choice":"Purged","damage_taken":0,"max_hp_gain":0,"max_hp_loss":0,"event_name":"Purifier","floor":27,"gold_loss":0},{"damage_healed":0,"gold_gain":0,"player_choice":"Shed Blood","damage_taken":22,"max_hp_gain":5,"max_hp_loss":0,"event_name":"Forgotten Altar","floor":30,"gold_loss":0},{"damage_healed":0,"gold_gain":0,"player_choice":"Embrace Madness","damage_taken":12,"max_hp_gain":0,"max_hp_loss":0,"event_name":"Winding Halls","floor":36,"gold_loss":0,"cards_obtained":["Madness","Madness"]},{"damage_healed":0,"gold_gain":222,"player_choice":"Wore Mask","damage_taken":0,"max_hp_gain":0,"max_hp_loss":0,"event_name":"Tomb of Lord Red Mask","floor":37,"gold_loss":0}],"is_beta":false,"boss_relics":[{"not_picked":["Runic Pyramid","Cursed Key"],"picked":"Tiny House"},{"not_picked":["White Beast Statue","Lizard Tail"],"picked":"Philosopher\u0027s Stone"}],"items_purged_floors":[19,48],"is_endless":false,"potions_floor_spawned":[1,4,10,11,13,20,21,29,35,39],"killed_by":"Time Eater","ascension_level":1}