{"gold_per_floor":[110,110,128,128,142,67,67,96,96,109,109],"floor_reached":11,"playtime":308,"items_purged":["Strike_B"],"score":91,"play_id":"3cbb64ec-6008-4c13-bf2a-d63877f7d062","local_time":"20190119034056","is_ascension_mode":true,"campfire_choices":[{"data":"Storm","floor":7,"key":"SMITH"}],"neow_cost":"NONE","seed_source_timestamp":708567692298575,"circlet_count":0,"master_deck":["Strike_B","Strike_B","Strike_B","Defend_B","Defend_B","Defend_B","Defend_B","Zap","Dualcast","Storm+1","Storm+1","Loop","Rebound"],"relics":["Cracked Core","Ornamental Fan","Gremlin Horn"],"potions_floor_usage":[10,11,11,11],"damage_taken":[{"damage":7,"enemies":"Small Slimes","floor":1,"turns":3},{"damage":6,"enemies":"Cultist","floor":3,"turns":4},{"damage":3,"enemies":"2 Louse","floor":5,"turns":3},{"damage":35,"enemies":"Gremlin Nob","floor":8,"turns":4},{"damage":21,"enemies":"Exordium Thugs","floor":10,"turns":4},{"damage":5,"enemies":"3 Louse","floor":11,"turns":1}],"seed_played":"-3990817618804562205","potions_obtained":[{"floor":1,"key":"SkillPotion"},{"floor":10,"key":"EntropicBrew"}],"is_trial":false,"path_per_floor":["M","?","M","?","M","$","R","E","T","M","M"],"character_chosen":"DEFECT","items_purchased":[],"campfire_rested":0,"item_purchase_floors":[],"current_hp_per_floor":[68,68,62,62,59,59,59,24,24,3,0],"gold":109,"neow_bonus":"THREE_CARDS","is_prod":false,"is_daily":false,"chose_seed":false,"campfire_upgraded":1,"win_rate":0,"timestamp":1547881856,"path_taken":["M","?","?","?","M","$","R","E","T","M","M"],"build_version":"2019-01-17v2","purchased_purges":1,"victory":false,"max_hp_per_floor":[75,75,75,75,75,75,75,75,75,75,75],"card_choices":[{"not_picked":["Sweeping Beam","Go for the Eyes"],"picked":"Storm","floor":0},{"not_picked":["Capacitor","Stack"],"picked":"Storm","floor":1},{"not_picked":["Undo","Ball Lightning"],"picked":"Loop","floor":3},{"not_picked":["Glacier","Beam Cell"],"picked":"Rebound","floor":5},{"not_picked":["Go for the Eyes","All For One","Cold Snap"],"picked":"SKIP","floor":8},{"not_picked":["Stack","Coolheaded","Recycle"],"picked":"SKIP","floor":10}],"player_experience":181372,"relics_obtained":[{"floor":8,"key":"Ornamental Fan"},{"floor":9,"key":"Gremlin Horn"}],"event_choices":[{"damage_healed":0,"gold_gain":0,"player_choice":"0 cards matched","damage_taken":0,"max_hp_gain":0,"max_hp_loss":0,"event_name":"Match and Keep!","floor":2,"gold_loss":0,"cards_obtained":[]},{"damage_healed":0,"gold_gain":0,"player_choice":"Upgraded","damage_taken":0,"max_hp_gain":0,"max_hp_loss":0,"event_name":"Upgrade Shrine","floor":4,"gold_loss":0,"cards_upgraded":["Storm"]}],"is_beta":false,"boss_relics":[],"items_purged_floors":[6],"is_endless":false,"potions_floor_spawned":[1,10],"killed_by":"3 Louse","ascension_level":5}