{"gold_per_floor":[115,290,215,165,176,205,205,234,260,272,272,272,295,313,313,442,442,461,480,480,193,213,213,254,254,311,311,736,736,756,771,771,900,900,924,603,617,636,660,660,693,1026,1026,403,415,415,53,73,73,73],"floor_reached":50,"playtime":2840,"items_purged":["Doubt","Strike_R+1","Cleave","Strike_R+1"],"score":527,"play_id":"b3afe2a8-6a08-4778-85f2-1d587c56b1bd","local_time":"20190119200448","is_ascension_mode":false,"campfire_choices":[{"floor":7,"key":"REST"},{"data":"Bash","floor":15,"key":"SMITH"},{"data":"Limit Break","floor":23,"key":"SMITH"},{"data":"Double Tap","floor":25,"key":"SMITH"},{"data":"True Grit","floor":27,"key":"SMITH"},{"data":"Pummel","floor":32,"key":"SMITH"},{"floor":40,"key":"RECALL"},{"floor":49,"key":"REST"}],"neow_cost":"NONE","seed_source_timestamp":6127176315189,"circlet_count":0,"master_deck":["Strike_R+1","Defend_R+1","Defend_R+1","Defend_R+1","Defend_R+1","Bash+1","Metallicize","Pommel Strike+1","Metallicize","Immolate","Flex+1","True Grit+1","Inflame","Rampage","Pummel+1","Cleave+1","Limit Break+1","Reaper","Double Tap+1","Reaper+1","Feed","Spot Weakness+1","Twin Strike+1","Thunderclap+1","Flex","Offering","Spot Weakness"],"relics":["Burning Blood","Blood Vial","Blue Candle","Bag of Marbles","Orrery","Vajra","Gambling Chip","Tiny Chest","Frozen Egg 2","Nloth\u0027s Gift","Fusion Hammer","Whetstone","Smiling Mask","Brimstone","War Paint","Prayer Wheel","Membership Card","Happy Flower"],"potions_floor_usage":[6,16,24,28,41,48,50],"damage_taken":[{"damage":1,"enemies":"Cultist","floor":1,"turns":3},{"damage":6,"enemies":"Jaw Worm","floor":5,"turns":3},{"damage":69,"enemies":"3 Sentries","floor":6,"turns":15},{"damage":22,"enemies":"Gremlin Nob","floor":8,"turns":5},{"damage":2,"enemies":"2 Louse","floor":10,"turns":2},{"damage":0,"enemies":"2 Fungi Beasts","floor":13,"turns":2},{"damage":2,"enemies":"Looter","floor":14,"turns":4},{"damage":23,"enemies":"Slime Boss","floor":16,"turns":10},{"damage":10,"enemies":"Chosen","floor":18,"turns":4},{"damage":17,"enemies":"3 Byrds","floor":19,"turns":5},{"damage":22,"enemies":"Shelled Parasite and Fungi","floor":22,"turns":4},{"damage":28,"enemies":"Book of Stabbing","floor":24,"turns":6},{"damage":13,"enemies":"Colosseum Slavers","floor":28,"turns":3},{"damage":20,"enemies":"Colosseum Nobs","floor":28,"turns":4},{"damage":21,"enemies":"3 Cultists","floor":30,"turns":4},{"damage":32,"enemies":"Cultist and Chosen","floor":31,"turns":5},{"damage":89,"enemies":"Automaton","floor":33,"turns":12},{"damage":0,"enemies":"3 Shapes","floor":35,"turns":2},{"damage":21,"enemies":"3 Darklings","floor":37,"turns":4},{"damage":18,"enemies":"4 Shapes","floor":38,"turns":3},{"damage":0,"enemies":"Sphere and 2 Shapes","floor":39,"turns":2},{"damage":17,"enemies":"Nemesis","floor":41,"turns":5},{"damage":6,"enemies":"3 Darklings","floor":45,"turns":2},{"damage":31,"enemies":"4 Shapes","floor":48,"turns":2},{"damage":115,"enemies":"Awakened One","floor":50,"turns":5}],"seed_played":"8834056971361788911","potions_obtained":[{"floor":0,"key":"GamblersBrew"},{"floor":0,"key":"Dexterity Potion"},{"floor":0,"key":"Energy Potion"},{"floor":6,"key":"Swift Potion"},{"floor":10,"key":"AttackPotion"},{"floor":16,"key":"FearPotion"},{"floor":18,"key":"Fire Potion"},{"floor":30,"key":"SpeedPotion"},{"floor":35,"key":"Dexterity Potion"},{"floor":39,"key":"Swift Potion"}],"is_trial":false,"path_per_floor":["M","?","$","?","M","E","R","E","T","M","?","?","M","M","R","B",null,"M","M","?","$","M","R","E","R","T","R","?","?","M","M","R","B",null,"M","$","M","M","M","R","E","?","T","$","M","T","$","M","R","B"],"character_chosen":"IRONCLAD","items_purchased":["Vajra","Limit Break","Whetstone","Spot Weakness","Brimstone","War Paint","Offering","Energy Potion","Membership Card","Spot Weakness","Happy Flower"],"campfire_rested":2,"item_purchase_floors":[21,21,36,36,44,44,44,44,47,47,47],"current_hp_per_floor":[80,80,80,80,80,17,41,27,27,33,26,26,34,40,40,25,74,70,61,61,61,47,47,43,43,43,43,38,38,55,45,45,23,74,77,77,71,67,83,83,72,72,72,72,83,83,83,86,86,0],"gold":73,"neow_bonus":"THREE_SMALL_POTIONS","is_prod":false,"is_daily":false,"chose_seed":false,"campfire_upgraded":5,"win_rate":0,"timestamp":1547940888,"path_taken":["M","?","$","?","M","E","R","E","T","M","?","?","M","M","R","BOSS","M","M","?","$","M","R","E","R","T","R","?","?","M","?","R","BOSS","M","$","M","M","?","R","E","?","T","$","M","?","?","M","R","BOSS"],"build_version":"2019-01-17v2","purchased_purges":4,"victory":false,"max_hp_per_floor":[80,80,80,80,80,80,80,80,80,80,80,74,74,74,74,74,74,74,74,74,74,74,74,74,74,74,74,74,74,74,74,74,74,74,77,77,80,83,83,83,83,83,83,83,83,83,83,86,86,89],"card_choices":[{"not_picked":["Warcry","Twin Strike","Disarm"],"picked":"SKIP","floor":1},{"not_picked":["Sword Boomerang","Flex"],"picked":"Metallicize","floor":5},{"not_picked":["Burning Pact","Double Tap"],"picked":"Pommel Strike","floor":6},{"not_picked":["Sword Boomerang","Clothesline"],"picked":"Metallicize","floor":8},{"not_picked":["True Grit","Headbutt"],"picked":"Cleave","floor":10},{"not_picked":["Warcry","Sword Boomerang","Heavy Blade"],"picked":"SKIP","floor":13},{"not_picked":["Whirlwind","Twin Strike","Havoc"],"picked":"SKIP","floor":14},{"not_picked":["Fiend Fire","Brutality"],"picked":"Immolate","floor":16},{"not_picked":["Rage","Perfected Strike"],"picked":"Flex","floor":17},{"not_picked":["Reckless Charge","Perfected Strike"],"picked":"True Grit","floor":17},{"not_picked":["Sword Boomerang","Warcry"],"picked":"Inflame","floor":17},{"not_picked":["Headbutt","Feel No Pain"],"picked":"Rampage","floor":17},{"not_picked":["Twin Strike","Body Slam"],"picked":"Pummel","floor":18},{"not_picked":["Feel No Pain","Power Through"],"picked":"Cleave+1","floor":19},{"not_picked":["Armaments+1","Shrug It Off"],"picked":"Reaper","floor":22},{"not_picked":["Offering","Twin Strike"],"picked":"Double Tap","floor":24},{"not_picked":["Heavy Blade+1","Bloodletting","Havoc"],"picked":"SKIP","floor":30},{"not_picked":["Warcry","Sever Soul"],"picked":"Reaper","floor":31},{"not_picked":["Reaper","Impervious"],"picked":"Feed","floor":33},{"not_picked":["Body Slam+1","Heavy Blade","Headbutt+1"],"picked":"SKIP","floor":35},{"not_picked":["Power Through+1","Berserk+1"],"picked":"Twin Strike+1","floor":37},{"not_picked":["Pommel Strike","Cleave","True Grit"],"picked":"SKIP","floor":38},{"not_picked":["Clash","Blood for Blood+1"],"picked":"Thunderclap+1","floor":39},{"not_picked":["Immolate","Iron Wave"],"picked":"Flex","floor":41},{"not_picked":["Armaments+1","Perfected Strike+1","Body Slam"],"picked":"SKIP","floor":45},{"not_picked":["Disarm+1","Whirlwind","Havoc"],"picked":"SKIP","floor":48},{"not_picked":["Iron Wave","Shockwave","Headbutt"],"picked":"SKIP","floor":48}],"player_experience":188066,"relics_obtained":[{"floor":6,"key":"Blood Vial"},{"floor":8,"key":"Blue Candle"},{"floor":9,"key":"Bag of Marbles"},{"floor":24,"key":"Gambling Chip"},{"floor":26,"key":"Tiny Chest"},{"floor":28,"key":"Old Coin"},{"floor":28,"key":"Frozen Egg 2"},{"floor":41,"key":"Smiling Mask"},{"floor":46,"key":"Prayer Wheel"}],"event_choices":[{"damage_healed":0,"gold_gain":175,"player_choice":"AGREE","damage_taken":0,"max_hp_gain":0,"max_hp_loss":0,"event_name":"Liars Game","floor":2,"gold_loss":0,"cards_obtained":["Doubt"]},{"cards_removed":["Strike_R"],"damage_healed":0,"gold_gain":0,"player_choice":"Card Removal","damage_taken":0,"max_hp_gain":0,"max_hp_loss":0,"event_name":"The Cleric","floor":4,"gold_loss":50},{"cards_removed":["Strike_R"],"damage_healed":0,"gold_gain":0,"player_choice":"Card Removal","damage_taken":7,"max_hp_gain":0,"max_hp_loss":0,"event_name":"Golden Wing","floor":11,"gold_loss":0},{"damage_healed":0,"gold_gain":0,"player_choice":"Lose Max HP","damage_taken":0,"relics_obtained":["Golden Idol"],"max_hp_gain":0,"max_hp_loss":6,"event_name":"Golden Idol","floor":12,"gold_loss":0},{"damage_healed":0,"gold_gain":0,"player_choice":"Simplicity","damage_taken":0,"max_hp_gain":0,"max_hp_loss":0,"event_name":"Back to Basics","floor":20,"gold_loss":0,"cards_upgraded":["Strike_R","Strike_R","Strike_R","Defend_R","Defend_R","Defend_R","Defend_R"]},{"damage_healed":0,"gold_gain":0,"player_choice":"Fight","damage_taken":0,"max_hp_gain":0,"max_hp_loss":0,"event_name":"Colosseum","floor":28,"gold_loss":0},{"damage_healed":0,"gold_gain":0,"player_choice":"Fought Nobs","damage_taken":0,"max_hp_gain":0,"max_hp_loss":0,"event_name":"Colosseum","floor":28,"gold_loss":0},{"damage_healed":0,"gold_gain":0,"player_choice":"Traded Relic","damage_taken":0,"relics_obtained":["Nloth\u0027s Gift"],"max_hp_gain":0,"max_hp_loss":0,"event_name":"N\u0027loth","floor":29,"relics_lost":["Old Coin"],"gold_loss":0},{"damage_healed":0,"gold_gain":333,"player_choice":"Gave Idol","damage_taken":0,"max_hp_gain":0,"max_hp_loss":0,"event_name":"The Moai Head","floor":42,"relics_lost":["Golden Idol"],"gold_loss":0}],"is_beta":false,"boss_relics":[{"not_picked":["Runic Dome","Mark of Pain"],"picked":"Orrery"},{"not_picked":["Eternal Feather","Calling Bell"],"picked":"Fusion Hammer"}],"items_purged_floors":[3,36,44,47],"is_endless":false,"potions_floor_spawned":[6,8,10,16,18,28,30,35,39,45],"killed_by":"Awakened One","ascension_level":0}