{"gold_per_floor":[117,7,182,59,59,59,87,87,87,98,98,114,43,63,63,163,163,182,208,224,239,239,239],"floor_reached":23,"playtime":1283,"items_purged":["Defend_B","Doubt"],"score":214,"play_id":"5e100423-e1c0-4e2e-9fac-553e15a67619","local_time":"20181226005817","is_ascension_mode":false,"campfire_choices":[{"data":"Dualcast","floor":6,"key":"SMITH"},{"data":"Consume","floor":15,"key":"SMITH"}],"neow_cost":"NONE","seed_source_timestamp":353618404539965,"circlet_count":0,"master_deck":["Strike_B","Strike_B","Strike_B","Strike_B","Defend_B","Defend_B","Defend_B","Zap+1","Dualcast+1","Reprogram","Loop+1","Sweeping Beam","Conserve Battery","Beam Cell","Loop+1","Self Repair+1","Consume+1","Machine Learning+1","Heatsinks+1","Conserve Battery+1","Ball Lightning","Writhe"],"relics":["Cracked Core","NeowsBlessing","Shuriken","Bag of Preparation","Frozen Egg 2","Kunai","Runic Dome","Pen Nib","Sundial"],"potions_floor_usage":[23],"damage_taken":[{"damage":0,"enemies":"2 Louse","floor":1,"turns":1},{"damage":0,"enemies":"Gremlin Nob","floor":7,"turns":1},{"damage":0,"enemies":"Small Slimes","floor":10,"turns":1},{"damage":0,"enemies":"Jaw Worm","floor":12,"turns":2},{"damage":9,"enemies":"Exordium Thugs","floor":14,"turns":4},{"damage":16,"enemies":"Slime Boss","floor":16,"turns":6},{"damage":10,"enemies":"Chosen","floor":18,"turns":3},{"damage":18,"enemies":"Shell Parasite","floor":20,"turns":4},{"damage":28,"enemies":"Snake Plant","floor":21,"turns":4},{"damage":57,"enemies":"Slavers","floor":23,"turns":3}],"seed_played":"-9205969727442368898","potions_obtained":[{"floor":1,"key":"Poison Potion"},{"floor":10,"key":"Swift Potion"},{"floor":16,"key":"Strength Potion"}],"is_trial":false,"path_per_floor":["M","$","?","$","?","R","E","?","T","M","T","M","$","M","R","B",null,"M","T","M","M","?","E"],"character_chosen":"DEFECT","items_purchased":["Loop","Sweeping Beam","Self Repair+1"],"campfire_rested":0,"item_purchase_floors":[2,4,13],"current_hp_per_floor":[75,75,75,75,68,68,68,53,53,53,53,53,53,54,54,48,75,75,75,67,49,49,0],"gold":239,"neow_bonus":"THREE_ENEMY_KILL","is_prod":false,"is_daily":false,"chose_seed":false,"campfire_upgraded":2,"win_rate":0.0,"timestamp":1545798497,"path_taken":["M","$","?","$","?","R","E","?","T","M","?","?","?","M","R","BOSS","M","?","?","M","?","E"],"build_version":"2018-12-20","purchased_purges":2,"victory":false,"max_hp_per_floor":[75,75,75,75,75,75,75,75,75,75,75,75,75,75,75,75,75,75,75,75,75,75,75],"card_choices":[{"not_picked":["Cold Snap","Storm"],"picked":"Reprogram","floor":1},{"not_picked":["Sweeping Beam","Compile Driver"],"picked":"Conserve Battery","floor":7},{"not_picked":["Leap","Steam"],"picked":"Beam Cell","floor":10},{"not_picked":["Skim","Heatsinks+1"],"picked":"Loop+1","floor":12},{"not_picked":["Aggregate","Barrage"],"picked":"Consume","floor":14},{"not_picked":["Seek","Fission"],"picked":"Machine Learning+1","floor":16},{"not_picked":["Streamline","Self Repair+1"],"picked":"Heatsinks+1","floor":18},{"not_picked":["Melter","Sweeping Beam"],"picked":"Conserve Battery+1","floor":20},{"not_picked":["Sweeping Beam","Compile Driver"],"picked":"Ball Lightning","floor":21}],"player_experience":22535,"relics_obtained":[{"floor":7,"key":"Bag of Preparation"},{"floor":9,"key":"Frozen Egg 2"},{"floor":11,"key":"Kunai"},{"floor":19,"key":"Pen Nib"}],"event_choices":[{"damage_healed":0,"gold_gain":175,"player_choice":"AGREE","damage_taken":0,"max_hp_gain":0,"max_hp_loss":0,"event_name":"Liars Game","floor":3,"gold_loss":0,"cards_obtained":["Doubt"]},{"damage_healed":0,"gold_gain":0,"player_choice":"Success","damage_taken":7,"relics_obtained":["Shuriken"],"max_hp_gain":0,"max_hp_loss":0,"event_name":"Scrap Ooze","floor":5,"gold_loss":0},{"damage_healed":0,"gold_gain":0,"player_choice":"Entered Light","damage_taken":15,"max_hp_gain":0,"max_hp_loss":0,"event_name":"Shining Light","floor":8,"gold_loss":0,"cards_upgraded":["Loop","Zap"]},{"damage_healed":0,"gold_gain":0,"player_choice":"Opened","damage_taken":0,"relics_obtained":["Sundial"],"max_hp_gain":0,"max_hp_loss":0,"event_name":"The Mausoleum","floor":22,"gold_loss":0,"cards_obtained":["Writhe"]}],"is_beta":false,"boss_relics":[{"not_picked":["Nuclear Battery","Cursed Key"],"picked":"Runic Dome"}],"items_purged_floors":[2,4],"is_endless":false,"potions_floor_spawned":[1,10,16,20],"killed_by":"Slavers","ascension_level":0}