{"gold_per_floor":[109,29,29,29,41,41,73,73,99,25,44,74,74,87,87,184,184,184,184,109,109,109,109,109],"floor_reached":24,"playtime":1018,"items_purged":["Strike_G"],"score":222,"play_id":"8a2a15ff-d589-417e-bb1e-dea415ee5c9e","local_time":"20190120122038","is_ascension_mode":true,"campfire_choices":[{"floor":6,"key":"REST"},{"data":"Storm of Steel","floor":8,"key":"SMITH"},{"floor":13,"key":"REST"},{"floor":15,"key":"REST"},{"data":"Accuracy","floor":23,"key":"SMITH"}],"neow_cost":"PERCENT_DAMAGE","seed_source_timestamp":2572378082917,"circlet_count":0,"master_deck":["Defend_G","Defend_G","Defend_G","Strike_G","Survivor","Neutralize","Blade Dance","Terror","Calculated Gamble","Crippling Poison","Storm of Steel+1","Accuracy+1","Deflect","Bullet Time","Cloak And Dagger","Distraction","Writhe"],"relics":["Ring of the Snake","Blue Candle","Dead Branch","Ectoplasm","Regal Pillow"],"potions_floor_usage":[24],"damage_taken":[{"damage":0,"enemies":"Cultist","floor":1,"turns":3},{"damage":0,"enemies":"Small Slimes","floor":5,"turns":2},{"damage":27,"enemies":"Lagavulin","floor":7,"turns":7},{"damage":0,"enemies":"2 Louse","floor":11,"turns":2},{"damage":33,"enemies":"Gremlin Nob","floor":12,"turns":5},{"damage":4,"enemies":"Exordium Wildlife","floor":14,"turns":3},{"damage":24,"enemies":"Hexaghost","floor":16,"turns":7},{"damage":17,"enemies":"Spheric Guardian","floor":18,"turns":4},{"damage":10,"enemies":"Shell Parasite","floor":19,"turns":5},{"damage":45,"enemies":"Gremlin Leader","floor":24,"turns":5}],"seed_played":"-6279157806689471721","potions_obtained":[{"floor":1,"key":"Regen Potion"},{"floor":14,"key":"SkillPotion"},{"floor":19,"key":"Dexterity Potion"}],"is_trial":false,"path_per_floor":["M","$","?","?","M","R","E","R","T","$","M","E","R","M","R","B",null,"M","M","$","?","?","R","E"],"character_chosen":"THE_SILENT","items_purchased":["Terror","Accuracy"],"campfire_rested":3,"item_purchase_floors":[2,10],"current_hp_per_floor":[49,49,49,49,49,70,43,43,43,43,43,10,31,27,48,24,70,53,43,43,43,43,43,0],"gold":109,"neow_bonus":"REMOVE_TWO","is_prod":false,"is_daily":false,"chose_seed":false,"campfire_upgraded":2,"win_rate":0,"timestamp":1548004838,"path_taken":["M","?","?","?","M","R","E","R","T","$","M","E","R","M","R","BOSS","M","?","$","?","?","R","E"],"build_version":"2019-01-17v2","purchased_purges":1,"victory":false,"max_hp_per_floor":[70,70,70,70,70,70,70,70,70,70,70,70,70,70,70,70,70,70,70,70,70,70,70,70],"card_choices":[{"not_picked":["Slice","Well Laid Plans"],"picked":"Blade Dance","floor":1},{"not_picked":["PiercingWail","Expertise"],"picked":"Crippling Poison","floor":5},{"not_picked":["Leg Sweep","Backflip"],"picked":"Storm of Steel","floor":7},{"not_picked":["Sucker Punch","Dagger Spray"],"picked":"Deflect","floor":11},{"not_picked":["Deadly Poison","Flechettes","Acrobatics"],"picked":"SKIP","floor":12},{"not_picked":["All Out Attack","Quick Slash","Setup"],"picked":"SKIP","floor":14},{"not_picked":["Unload","Glass Knife"],"picked":"Bullet Time","floor":16},{"not_picked":["Bane","Acrobatics"],"picked":"Cloak And Dagger","floor":18},{"not_picked":["Acrobatics","Deflect"],"picked":"Distraction","floor":19}],"player_experience":83120,"relics_obtained":[{"floor":7,"key":"Blue Candle"},{"floor":12,"key":"Dead Branch"}],"event_choices":[{"damage_healed":0,"gold_gain":0,"cards_transformed":["Strike_G"],"player_choice":"Change","damage_taken":0,"max_hp_gain":0,"max_hp_loss":0,"event_name":"Living Wall","floor":3,"gold_loss":0,"cards_obtained":["Calculated Gamble"]},{"cards_removed":["Defend_G"],"damage_healed":0,"gold_gain":0,"player_choice":"Purged","damage_taken":0,"max_hp_gain":0,"max_hp_loss":0,"event_name":"Purifier","floor":4,"gold_loss":0},{"damage_healed":0,"gold_gain":0,"player_choice":"Opened","damage_taken":0,"relics_obtained":["Regal Pillow"],"max_hp_gain":0,"max_hp_loss":0,"event_name":"The Mausoleum","floor":21,"gold_loss":0,"cards_obtained":["Writhe"]},{"cards_removed":["Strike_G"],"damage_healed":0,"gold_gain":0,"player_choice":"Elegance","damage_taken":0,"max_hp_gain":0,"max_hp_loss":0,"event_name":"Back to Basics","floor":22,"gold_loss":0}],"is_beta":false,"boss_relics":[{"not_picked":["Lizard Tail","Runic Pyramid"],"picked":"Ectoplasm"}],"items_purged_floors":[20],"is_endless":false,"potions_floor_spawned":[1,14,19],"killed_by":"Gremlin Leader","ascension_level":2}