{"gold_per_floor":[113,113,133,146,156,156,186,186,186,186,202,173,173,206,206,304,304,315,315,326,326,344,344,344],"floor_reached":24,"playtime":1080,"items_purged":[],"score":206,"play_id":"7226af23-ef80-40bb-bf0b-b5a8163d645f","local_time":"20180623111533","is_ascension_mode":false,"campfire_choices":[{"data":"Searing Blow","floor":6,"key":"SMITH"},{"data":"Searing Blow+1","floor":8,"key":"SMITH"},{"data":"Searing Blow+2","floor":10,"key":"SMITH"},{"data":"Searing Blow+3","floor":13,"key":"SMITH"},{"floor":15,"key":"REST"},{"floor":23,"key":"REST"}],"neow_cost":"NONE","seed_source_timestamp":1834560510031,"circlet_count":0,"master_deck":["Strike_R","Strike_R","Strike_R","Strike_R","Strike_R","Defend_R","Defend_R","Defend_R","Bash","Pommel Strike","Carnage","Seeing Red","Searing Blow+4","Limit Break","Ghostly Armor","Clash","Feed","Anger","RitualDagger","Entrench+1","Pommel Strike"],"relics":["Burning Blood","Bag of Preparation","Regal Pillow","Lantern","Matryoshka","Mark of Pain"],"potions_floor_usage":[7,22,24,24],"damage_taken":[{"damage":5,"enemies":"Jaw Worm","floor":1,"turns":8},{"damage":7,"enemies":"Small Slimes","floor":3,"turns":5},{"damage":7,"enemies":"2 Louse","floor":4,"turns":2},{"damage":7,"enemies":"Large Slime","floor":5,"turns":5},{"damage":9,"enemies":"3 Sentries","floor":7,"turns":7},{"damage":7,"enemies":"3 Louse","floor":11,"turns":2},{"damage":21,"enemies":"Gremlin Nob","floor":14,"turns":4},{"damage":63,"enemies":"The Guardian","floor":16,"turns":8},{"damage":33,"enemies":"3 Byrds","floor":18,"turns":5},{"damage":0,"enemies":"Chosen","floor":20,"turns":2},{"damage":36,"enemies":"3 Cultists","floor":22,"turns":7},{"damage":66,"enemies":"Gremlin Leader","floor":24,"turns":4}],"seed_played":"-1086916820108110935","potions_obtained":[{"floor":4,"key":"SmokeBomb"},{"floor":5,"key":"Block Potion"},{"floor":16,"key":"FearPotion"},{"floor":18,"key":"Dexterity Potion"},{"floor":22,"key":"Explosive Potion"}],"is_trial":false,"path_per_floor":["M","?","M","M","M","R","E","R","T","R","M","?","R","E","R","B",null,"M","?","M","?","M","R"],"character_chosen":"IRONCLAD","items_purchased":[],"campfire_rested":2,"item_purchase_floors":[],"current_hp_per_floor":[80,73,72,71,70,70,67,67,67,67,66,66,66,51,80,23,80,56,50,56,56,26,65,0],"gold":344,"neow_bonus":"RANDOM_COMMON_RELIC","is_prod":false,"is_daily":false,"chose_seed":false,"campfire_upgraded":4,"win_rate":0.0,"timestamp":1529745333,"path_taken":["M","?","M","M","M","R","E","R","T","R","M","?","R","E","R","BOSS","M","?","M","?","M","R","E"],"build_version":"2018-06-21v2","purchased_purges":0,"victory":false,"max_hp_per_floor":[80,80,80,80,80,80,80,80,80,80,80,80,80,80,80,80,80,83,83,83,83,83,83,83],"card_choices":[{"not_picked":["Burning Pact","Sever Soul"],"picked":"Pommel Strike","floor":1},{"not_picked":["Headbutt","Anger"],"picked":"Carnage","floor":3},{"not_picked":["Whirlwind","Iron Wave"],"picked":"Seeing Red","floor":4},{"not_picked":["Demon Form","Twin Strike"],"picked":"Searing Blow","floor":5},{"not_picked":["Corruption","Twin Strike"],"picked":"Limit Break","floor":7},{"not_picked":["Combust","Iron Wave"],"picked":"Ghostly Armor","floor":11},{"not_picked":["Infernal Blade","Shrug It Off"],"picked":"Clash","floor":14},{"not_picked":["Limit Break","Fiend Fire"],"picked":"Feed","floor":16},{"not_picked":["Clothesline","Clash"],"picked":"Anger","floor":18},{"not_picked":["Flex","Thunderclap+1"],"picked":"Entrench+1","floor":20},{"not_picked":["Shockwave","Headbutt"],"picked":"Pommel Strike","floor":22}],"player_experience":17724,"relics_obtained":[{"floor":7,"key":"Regal Pillow"},{"floor":9,"key":"Lantern"},{"floor":14,"key":"Matryoshka"}],"event_choices":[{"event_name":"Golden Wing","player_choice":"Card Removal","floor":2,"damage_taken":0},{"event_name":"World of Goop","player_choice":"Left","floor":12,"damage_taken":0},{"event_name":"Nest","player_choice":"Joined the Cult","floor":19,"damage_taken":0},{"event_name":"Ghosts","player_choice":"Ignored","floor":21,"damage_taken":0}],"boss_relics":[{"not_picked":["Fusion Hammer","Orrery"],"picked":"Mark of Pain"}],"items_purged_floors":[],"is_endless":false,"potions_floor_spawned":[4,5,16,18,22],"killed_by":"Gremlin Leader","ascension_level":0}