{"gold_per_floor":[209,220,70,19,19,19,46,46,72,72,72,102,113,188,188,291,291,306,306,323,88,88,88,187,187,212,212,247,260,291,291,291,387,387,406,406,426,445,445,496,496,496,520,620,11,24,24,36,36,36],"floor_reached":50,"playtime":3423,"items_purged":["Writhe"],"score":562,"play_id":"61ec6826-8e13-4b0d-911d-c803144f5a8b","local_time":"20181128132130","is_ascension_mode":false,"campfire_choices":[{"floor":6,"key":"REST"},{"data":"Bouncing Flask","floor":8,"key":"SMITH"},{"floor":15,"key":"REST"},{"floor":23,"key":"REST"},{"data":"Envenom","floor":25,"key":"SMITH"},{"data":"Infinite Blades","floor":27,"key":"SMITH"},{"floor":32,"key":"REST"},{"floor":41,"key":"REST"},{"floor":42,"key":"REST"},{"floor":49,"key":"REST"}],"neow_cost":"NONE","seed_source_timestamp":1178783601279232,"circlet_count":0,"master_deck":["Defend_G","Defend_G","Defend_G","Defend_G","Defend_G","Strike_G","Strike_G","Strike_G","Strike_G","Survivor","Neutralize+1","Bane+1","Outmaneuver+1","Bouncing Flask+1","Footwork","Poisoned Stab","Quick Slash+1","Expertise","Terror","Infinite Blades+1","Envenom+1","Flying Knee+1","Terror+1","Swift Strike+1","Die Die Die+1","Slice+1","Catalyst+1","Slice+1","Die Die Die+1","Noxious Fumes+1","Noxious Fumes+1","Slice+1","Backstab+1","Infinite Blades+1","Slice+1","Accuracy","Slice+1","Accuracy"],"relics":["Ring of the Snake","Molten Egg 2","Vajra","Dream Catcher","Meat on the Bone","WristBlade","Matryoshka","PreservedInsect","Whetstone","Strawberry","Red Mask","Runic Pyramid","WingedGreaves","Juzu Bracelet","Anchor","The Specimen","Bag of Marbles","Gambling Chip"],"potions_floor_usage":[16,29,33,37,38,40,50],"damage_taken":[{"damage":6,"enemies":"Cultist","floor":1,"turns":6},{"damage":2,"enemies":"Small Slimes","floor":2,"turns":4},{"damage":13,"enemies":"Gremlin Nob","floor":7,"turns":4},{"damage":0,"enemies":"Lagavulin","floor":12,"turns":5},{"damage":1,"enemies":"2 Louse","floor":13,"turns":2},{"damage":46,"enemies":"Slime Boss","floor":16,"turns":13},{"damage":2,"enemies":"Chosen","floor":18,"turns":5},{"damage":11,"enemies":"Shell Parasite","floor":20,"turns":4},{"damage":42,"enemies":"Slavers","floor":28,"turns":4},{"damage":11,"enemies":"Snake Plant","floor":29,"turns":3},{"damage":36,"enemies":"Masked Bandits","floor":30,"turns":5},{"damage":56,"enemies":"Champ","floor":33,"turns":8},{"damage":0,"enemies":"3 Shapes","floor":35,"turns":5},{"damage":24,"enemies":"3 Darklings","floor":37,"turns":4},{"damage":3,"enemies":"Jaw Worm Horde","floor":38,"turns":3},{"damage":44,"enemies":"2 Orb Walkers","floor":40,"turns":4},{"damage":11,"enemies":"Mind Bloom Boss Battle","floor":44,"turns":5},{"damage":37,"enemies":"Maw","floor":46,"turns":6},{"damage":4,"enemies":"4 Shapes","floor":48,"turns":5},{"damage":63,"enemies":"Donu and Deca","floor":50,"turns":4}],"seed_played":"-8200597323953505282","potions_obtained":[{"floor":1,"key":"GhostInAJar"},{"floor":13,"key":"Dexterity Potion"},{"floor":20,"key":"Swift Potion"},{"floor":28,"key":"AttackPotion"},{"floor":33,"key":"Regen Potion"},{"floor":37,"key":"Poison Potion"},{"floor":46,"key":"Poison Potion"}],"is_trial":false,"path_per_floor":["M","M","$","$","?","R","E","R","T","?","?","E","M","?","R","B",null,"M","?","M","$","?","R","?","R","T","R","E","M","?","?","R","B",null,"M","?","M","M","?","?","R","R","T","?","$","M","$","M","R","B"],"character_chosen":"THE_SILENT","items_purchased":["Bouncing Flask","Footwork","Poisoned Stab","Swift Strike+1","Die Die Die+1","Bag of Marbles","Accuracy","Gambling Chip"],"campfire_rested":7,"item_purchase_floors":[3,3,4,21,21,45,45,45],"current_hp_per_floor":[64,62,62,62,55,70,57,57,57,57,57,57,56,45,66,32,70,68,68,57,57,57,70,70,70,70,70,47,48,24,49,72,28,77,77,77,62,59,59,27,48,69,69,58,58,33,33,41,62,0],"gold":36,"neow_bonus":"HUNDRED_GOLD","is_prod":false,"is_daily":false,"chose_seed":false,"campfire_upgraded":3,"win_rate":0,"timestamp":1543407690,"path_taken":["M","M","?","$","?","R","E","R","T","?","?","E","?","?","R","BOSS","M","?","M","$","?","R","?","R","T","R","E","?","?","?","R","BOSS","M","?","?","M","?","?","R","R","T","?","$","M","$","M","R","BOSS"],"build_version":"2018-11-15","purchased_purges":1,"victory":false,"max_hp_per_floor":[70,70,70,70,70,70,70,70,70,70,70,70,70,70,70,70,70,70,70,70,70,70,70,70,70,70,70,77,77,77,77,77,77,77,77,77,77,77,73,73,73,73,73,73,73,73,73,73,73,73],"card_choices":[{"not_picked":["Slice","Dodge and Roll"],"picked":"Bane","floor":1},{"not_picked":["Calculated Gamble","Choke"],"picked":"Outmaneuver","floor":2},{"not_picked":["Riddle With Holes+1","Leg Sweep"],"picked":"Quick Slash+1","floor":7},{"not_picked":["Tactician","Doppelganger"],"picked":"Terror","floor":12},{"not_picked":["Prepared","PiercingWail","Leg Sweep"],"picked":"SKIP","floor":13},{"not_picked":["Accuracy","Endless Agony+1"],"picked":"Infinite Blades","floor":15},{"not_picked":["Venomology","After Image"],"picked":"Envenom","floor":16},{"not_picked":["Dodge and Roll","Cloak And Dagger"],"picked":"Flying Knee+1","floor":18},{"not_picked":["Tactician","Predator+1"],"picked":"Terror+1","floor":20},{"not_picked":["Leg Sweep","Distraction"],"picked":"Slice+1","floor":28},{"not_picked":["Predator+1","Heel Hook+1"],"picked":"Catalyst+1","floor":29},{"not_picked":["Dagger Throw+1","All Out Attack+1"],"picked":"Slice+1","floor":32},{"not_picked":["Envenom","Tools of the Trade"],"picked":"Die Die Die+1","floor":33},{"not_picked":["Deadly Poison+1","Choke+1"],"picked":"Noxious Fumes+1","floor":35},{"not_picked":["Dodge and Roll+1","Backflip"],"picked":"Slice+1","floor":37},{"not_picked":["Deadly Poison+1","Deflect+1"],"picked":"Backstab+1","floor":38},{"not_picked":["Poisoned Stab+1","Outmaneuver"],"picked":"Infinite Blades+1","floor":40},{"not_picked":["Escape Plan","All Out Attack+1"],"picked":"Slice+1","floor":44},{"not_picked":["Reflex+1","Deadly Poison"],"picked":"Slice+1","floor":46},{"not_picked":["Slice+1","Quick Slash+1"],"picked":"Accuracy","floor":48}],"player_experience":103699,"relics_obtained":[{"floor":7,"key":"Vajra"},{"floor":9,"key":"Dream Catcher"},{"floor":12,"key":"Meat on the Bone"},{"floor":26,"key":"PreservedInsect"},{"floor":26,"key":"Whetstone"},{"floor":28,"key":"Strawberry"},{"floor":30,"key":"Red Mask"},{"floor":40,"key":"WingedGreaves"},{"floor":43,"key":"Juzu Bracelet"},{"floor":43,"key":"Anchor"},{"floor":44,"key":"The Specimen"}],"event_choices":[{"damage_healed":0,"gold_gain":0,"player_choice":"Success","damage_taken":7,"relics_obtained":["Molten Egg 2"],"max_hp_gain":0,"max_hp_loss":0,"event_name":"Scrap Ooze","floor":5,"gold_loss":0},{"damage_healed":0,"gold_gain":0,"player_choice":"Grow","damage_taken":0,"max_hp_gain":0,"max_hp_loss":0,"event_name":"Living Wall","floor":10,"gold_loss":0,"cards_upgraded":["Outmaneuver"]},{"damage_healed":0,"gold_gain":0,"cards_transformed":["Strike_G"],"player_choice":"Transformed","damage_taken":0,"max_hp_gain":0,"max_hp_loss":0,"event_name":"Transmorgrifier","floor":11,"gold_loss":0,"cards_obtained":["Expertise"]},{"damage_healed":0,"gold_gain":75,"player_choice":"Gather Gold","damage_taken":11,"max_hp_gain":0,"max_hp_loss":0,"event_name":"World of Goop","floor":14,"gold_loss":0},{"damage_healed":0,"gold_gain":0,"player_choice":"Ignored","damage_taken":0,"max_hp_gain":0,"max_hp_loss":0,"event_name":"Vampires","floor":19,"gold_loss":0},{"damage_healed":0,"gold_gain":0,"player_choice":"Opened","damage_taken":0,"relics_obtained":["Matryoshka"],"max_hp_gain":0,"max_hp_loss":0,"event_name":"The Mausoleum","floor":22,"gold_loss":0,"cards_obtained":["Writhe"]},{"damage_healed":0,"gold_gain":99,"player_choice":"Stole From Cult","damage_taken":0,"max_hp_gain":0,"max_hp_loss":0,"event_name":"Nest","floor":24,"gold_loss":0},{"damage_healed":0,"gold_gain":0,"player_choice":"Fought Bandits","damage_taken":0,"max_hp_gain":0,"max_hp_loss":0,"event_name":"Masked Bandits","floor":30,"gold_loss":0},{"damage_healed":25,"gold_gain":0,"player_choice":"Heal","damage_taken":0,"max_hp_gain":0,"max_hp_loss":0,"event_name":"The Library","floor":31,"gold_loss":0},{"damage_healed":0,"gold_gain":0,"player_choice":"Copied","damage_taken":0,"max_hp_gain":0,"max_hp_loss":0,"event_name":"Duplicator","floor":36,"gold_loss":0,"cards_obtained":["Noxious Fumes"]},{"damage_healed":0,"gold_gain":0,"player_choice":"Max HP","damage_taken":0,"max_hp_gain":0,"max_hp_loss":4,"event_name":"Winding Halls","floor":39,"gold_loss":0},{"damage_healed":0,"gold_gain":0,"player_choice":"Fight","damage_taken":0,"max_hp_gain":0,"max_hp_loss":0,"event_name":"Mysterious Sphere","floor":40,"gold_loss":0},{"damage_healed":0,"gold_gain":0,"player_choice":"Fight","damage_taken":0,"max_hp_gain":0,"max_hp_loss":0,"event_name":"MindBloom","floor":44,"gold_loss":0}],"is_beta":false,"boss_relics":[{"not_picked":["Philosopher\u0027s Stone","Sozu"],"picked":"WristBlade"},{"not_picked":["Snecko Eye","Eternal Feather"],"picked":"Runic Pyramid"}],"items_purged_floors":[45],"is_endless":false,"potions_floor_spawned":[1,13,20,28,33,37,46],"killed_by":"Donu and Deca","ascension_level":0}