{"path_per_floor":["M","$","?","M","?","E","R","E","T","E","M","M","R","M","R","B",null,"M","?","M","?","M"],"character_chosen":"IRONCLAD","items_purchased":["Orichalcum"],"gold_per_floor":[217,66,66,79,79,107,107,138,212,237,249,264,264,280,280,383,383,364,454,474,389,399,399],"floor_reached":23,"campfire_rested":1,"playtime":1376,"item_purchase_floors":[2],"current_hp_per_floor":[80,80,80,80,80,54,54,38,38,30,36,38,38,41,65,7,80,69,53,47,47,25,0],"items_purged":[],"gold":399,"score":211,"play_id":"d6256df5-101d-4e70-84be-722f8689a186","local_time":"20180615175702","is_prod":false,"is_daily":false,"chose_seed":false,"is_ascension_mode":false,"campfire_upgraded":2,"win_rate":0,"timestamp":1529078222,"campfire_choices":[{"data":"Fire Breathing","floor":7,"key":"SMITH"},{"data":"Dual Wield","floor":13,"key":"SMITH"},{"floor":15,"key":"REST"}],"path_taken":["M","$","?","M","?","E","R","E","T","E","M","M","R","M","R","BOSS","M","?","M","?","M","E"],"build_version":"2018-06-14v2","seed_source_timestamp":664093992678150,"purchased_purges":0,"victory":false,"master_deck":["Strike_R","Strike_R","Strike_R+1","Strike_R","Strike_R","Defend_R","Defend_R","Defend_R","Defend_R","Bash","Dual Wield+1","Iron Wave+1","Fire Breathing+1","Pommel Strike","Cleave","Twin Strike","Corruption","Headbutt","Bludgeon","Heavy Blade","Perfected Strike","Clothesline"],"max_hp_per_floor":[80,80,80,80,80,80,80,80,80,80,80,80,80,80,80,80,80,80,80,80,80,80,80],"relics":["Burning Blood","Orichalcum","Bronze Scales","Whetstone","Bottled Lightning","Centennial Puzzle","Black Star","Gambling Chip"],"card_choices":[{"not_picked":["Headbutt","Anger"],"picked":"Dual Wield","floor":1},{"not_picked":["Wild Strike","Corruption"],"picked":"Iron Wave","floor":4},{"not_picked":["Rupture","Cleave"],"picked":"Fire Breathing","floor":6},{"not_picked":["Rupture","Sever Soul"],"picked":"Pommel Strike","floor":8},{"not_picked":["Brutality","Intimidate"],"picked":"Cleave","floor":10},{"not_picked":["Uppercut","Wild Strike"],"picked":"Twin Strike","floor":11},{"not_picked":["Clothesline","Warcry"],"picked":"Corruption","floor":12},{"not_picked":["Sword Boomerang","Pummel"],"picked":"Headbutt","floor":14},{"not_picked":["Fiend Fire","Limit Break"],"picked":"Bludgeon","floor":16},{"not_picked":["Sever Soul","Armaments"],"picked":"Heavy Blade","floor":18},{"not_picked":["Shrug It Off","Intimidate+1"],"picked":"Perfected Strike","floor":20},{"not_picked":["Warcry","Headbutt+1"],"picked":"Clothesline","floor":22}],"player_experience":20081,"potions_floor_usage":[8,8,22,22],"damage_taken":[{"damage":0,"enemies":"2 Louse","floor":1,"turns":2},{"damage":5,"enemies":"Jaw Worm","floor":4,"turns":4},{"damage":32,"enemies":"Gremlin Nob","floor":6,"turns":6},{"damage":22,"enemies":"3 Sentries","floor":8,"turns":6},{"damage":14,"enemies":"Gremlin Nob","floor":10,"turns":4},{"damage":0,"enemies":"Small Slimes","floor":11,"turns":2},{"damage":4,"enemies":"Gremlin Gang","floor":12,"turns":2},{"damage":3,"enemies":"Blue Slaver","floor":14,"turns":3},{"damage":64,"enemies":"Hexaghost","floor":16,"turns":10},{"damage":17,"enemies":"2 Thieves","floor":18,"turns":4},{"damage":12,"enemies":"Chosen","floor":20,"turns":4},{"damage":28,"enemies":"Centurion and Healer","floor":22,"turns":4},{"damage":31,"enemies":"Gremlin Leader","floor":23,"turns":2}],"relics_obtained":[{"floor":6,"key":"Bronze Scales"},{"floor":8,"key":"Whetstone"},{"floor":9,"key":"Bottled Lightning"},{"floor":10,"key":"Centennial Puzzle"}],"event_choices":[{"event_name":"The Cleric","player_choice":"Leave","floor":3,"damage_taken":0},{"event_name":"The Lab","player_choice":"Got Potions","floor":5,"damage_taken":0},{"event_name":"Knowing Skull","player_choice":"GOLD ","floor":19,"damage_taken":0},{"event_name":"Addict","player_choice":"Obtained Relic","floor":21,"damage_taken":0}],"boss_relics":[{"not_picked":["Lizard Tail","Astrolabe"],"picked":"Black Star"}],"items_purged_floors":[],"is_endless":false,"potions_floor_spawned":[6,8,12,14,22],"seed_played":"-3637768062492110836","killed_by":"Gremlin Leader","ascension_level":0,"potions_obtained":[{"floor":5,"key":"Strength Potion"},{"floor":5,"key":"SteroidPotion"},{"floor":5,"key":"Ancient Potion"},{"floor":8,"key":"SpeedPotion"},{"floor":12,"key":"SteroidPotion"},{"floor":14,"key":"Block Potion"},{"floor":22,"key":"PowerPotion"}],"is_trial":false}