{"gold_per_floor":[114,132,132,57,57,82,82,111,111,139,214,279,279,296,296,397,397,415,241,256,272,272,272,290,306,306,324,324,359,359,379,379,479,529,539,552,564,581,456,456,467,467,467,484,536,536,551,571,571,571],"floor_reached":51,"playtime":5021,"items_purged":["Strike_G","Strike_G","Strike_G"],"score":906,"play_id":"adc14a26-2d32-4550-aead-de220c2ac51e","local_time":"20180812171816","is_ascension_mode":true,"campfire_choices":[{"data":"Dash","floor":7,"key":"SMITH"},{"data":"After Image","floor":13,"key":"SMITH"},{"floor":15,"key":"REST"},{"data":"Noxious Fumes","floor":23,"key":"SMITH"},{"data":"Strike_G","floor":28,"key":"SMITH"},{"floor":32,"key":"REST"},{"data":"Cloak And Dagger","floor":40,"key":"SMITH"},{"data":"Malaise","floor":42,"key":"SMITH"},{"floor":49,"key":"REST"}],"neow_cost":"NONE","seed_source_timestamp":1144262489841878,"circlet_count":0,"master_deck":["Defend_G","Defend_G","Defend_G","Defend_G","Defend_G","Strike_G","Survivor","Neutralize","Cloak And Dagger+1","Backstab","Dash+1","After Image+1","Infinite Blades","Noxious Fumes+1","Malaise+1","Flying Knee+1","Calculated Gamble","Footwork","Backflip","Dagger Spray","Cloak And Dagger+1","Noxious Fumes+1","Prepared+1","Well Laid Plans+1","Escape Plan+1","Backstab+1","Backflip+1","Prepared+1","Terror+1"],"relics":["Ring of the Snake","NeowsBlessing","Prayer Wheel","Bag of Preparation","Shuriken","Regal Pillow","Tiny Chest","Sozu","Pear","Thread and Needle","Nilry\u0027s Codex","Tiny House","Paper Crane","Orichalcum"],"potions_floor_usage":[36,50],"damage_taken":[{"damage":0,"enemies":"2 Louse","floor":1,"turns":1},{"damage":0,"enemies":"Small Slimes","floor":2,"turns":1},{"damage":0,"enemies":"Lagavulin","floor":6,"turns":1},{"damage":2,"enemies":"3 Sentries","floor":8,"turns":12},{"damage":8,"enemies":"Gremlin Nob","floor":10,"turns":4},{"damage":4,"enemies":"Lagavulin","floor":12,"turns":7},{"damage":1,"enemies":"Jaw Worm","floor":14,"turns":3},{"damage":11,"enemies":"Hexaghost","floor":16,"turns":9},{"damage":0,"enemies":"Shell Parasite","floor":18,"turns":5},{"damage":0,"enemies":"Chosen","floor":20,"turns":6},{"damage":0,"enemies":"Centurion and Healer","floor":21,"turns":7},{"damage":0,"enemies":"Cultist and Chosen","floor":24,"turns":6},{"damage":0,"enemies":"Snecko","floor":25,"turns":6},{"damage":0,"enemies":"Snake Plant","floor":27,"turns":5},{"damage":0,"enemies":"Book of Stabbing","floor":29,"turns":6},{"damage":3,"enemies":"Sentry and Sphere","floor":31,"turns":7},{"damage":0,"enemies":"Champ","floor":33,"turns":10},{"damage":0,"enemies":"3 Darklings","floor":35,"turns":5},{"damage":6,"enemies":"Flame Bruiser 1 Orb","floor":36,"turns":6},{"damage":4,"enemies":"Spire Growth","floor":37,"turns":6},{"damage":9,"enemies":"Transient","floor":38,"turns":5},{"damage":2,"enemies":"Sphere and 2 Shapes","floor":41,"turns":7},{"damage":0,"enemies":"4 Shapes","floor":44,"turns":5},{"damage":0,"enemies":"Flame Bruiser 2 Orb","floor":47,"turns":7},{"damage":0,"enemies":"3 Darklings","floor":48,"turns":5},{"damage":0,"enemies":"Time Eater","floor":50,"turns":14}],"seed_played":"-8114617367635307224","potions_obtained":[{"floor":1,"key":"SpeedPotion"},{"floor":12,"key":"Block Potion"},{"floor":14,"key":"PowerPotion"}],"is_trial":false,"path_per_floor":["M","M","?","$","?","E","R","E","T","E","?","E","R","M","R","B",null,"M","$","M","M","?","R","M","M","T","M","R","E","?","M","R","B",null,"M","M","M","M","$","R","M","R","T","M","T","?","M","M","R","B"],"character_chosen":"THE_SILENT","items_purchased":["Footwork"],"campfire_rested":3,"item_purchase_floors":[19],"current_hp_per_floor":[70,70,70,70,70,70,70,68,68,60,49,45,45,44,70,59,70,70,70,70,70,70,70,70,70,80,80,80,80,64,61,80,80,85,85,79,75,66,66,66,64,64,64,64,64,64,64,64,85,85],"gold":571,"neow_bonus":"THREE_ENEMY_KILL","is_prod":false,"is_daily":false,"chose_seed":false,"campfire_upgraded":6,"win_rate":0,"timestamp":1534065496,"path_taken":["M","M","?","$","?","E","R","E","T","E","?","E","R","M","R","BOSS","M","$","M","M","?","R","M","M","T","M","R","E","?","M","R","BOSS","M","M","M","M","$","R","M","R","T","M","?","?","M","M","R","BOSS"],"build_version":"2018-08-09","purchased_purges":3,"victory":true,"max_hp_per_floor":[70,70,70,70,70,70,70,70,70,70,70,70,70,70,70,70,70,70,70,70,70,70,70,70,70,80,80,80,80,80,80,80,80,85,85,85,85,85,85,85,85,85,85,85,85,85,85,85,85,85],"card_choices":[{"not_picked":["Noxious Fumes","Expertise"],"picked":"Cloak And Dagger","floor":1},{"not_picked":["Poisoned Stab","Caltrops"],"picked":"Backstab","floor":2},{"not_picked":["Escape Plan","Distraction"],"picked":"Dash","floor":6},{"not_picked":["All Out Attack","Quick Slash"],"picked":"After Image","floor":8},{"not_picked":["Distraction","Skewer","Endless Agony"],"picked":"SKIP","floor":10},{"not_picked":["Prepared","Finisher"],"picked":"Infinite Blades","floor":12},{"not_picked":["Outmaneuver","Bane"],"picked":"Noxious Fumes","floor":14},{"not_picked":["Underhanded Strike","Sucker Punch","Poisoned Stab"],"picked":"SKIP","floor":14},{"not_picked":["Storm of Steel","A Thousand Cuts"],"picked":"Malaise","floor":16},{"not_picked":["Predator","Blade Dance"],"picked":"Flying Knee+1","floor":18},{"not_picked":["Dodge and Roll+1","Bane+1","Calculated Gamble"],"picked":"SKIP","floor":18},{"not_picked":["Dodge and Roll+1","Bane+1"],"picked":"Calculated Gamble","floor":18},{"not_picked":["Poisoned Stab","Sucker Punch"],"picked":"Backflip","floor":20},{"not_picked":["Slice","All Out Attack","Predator"],"picked":"SKIP","floor":20},{"not_picked":["Blade Dance","Backflip"],"picked":"Dagger Spray","floor":21},{"not_picked":["Dagger Throw","Dagger Spray"],"picked":"Cloak And Dagger","floor":21},{"not_picked":["Finisher+1","Dodge and Roll"],"picked":"Noxious Fumes","floor":24},{"not_picked":["Deadly Poison","Doppelganger","Underhanded Strike"],"picked":"SKIP","floor":24},{"not_picked":["Dodge and Roll","Slice"],"picked":"Prepared+1","floor":25},{"not_picked":["Quick Slash+1","Acrobatics","Dagger Spray"],"picked":"SKIP","floor":25},{"not_picked":["PiercingWail","Bane"],"picked":"Well Laid Plans+1","floor":27},{"not_picked":["Expertise+1","Slice+1","Cloak And Dagger"],"picked":"SKIP","floor":27},{"not_picked":["Footwork","Bouncing Flask","Masterful Stab"],"picked":"SKIP","floor":29},{"not_picked":["Eviscerate","Dagger Throw"],"picked":"Escape Plan+1","floor":31},{"not_picked":["Dagger Spray","Quick Slash","Blade Dance+1"],"picked":"SKIP","floor":31},{"not_picked":["Dodge and Roll","All Out Attack+1","Tactician"],"picked":"SKIP","floor":35},{"not_picked":["Skewer","Slice+1","Flying Knee+1"],"picked":"SKIP","floor":35},{"not_picked":["Sucker Punch+1","Blade Dance+1"],"picked":"Backstab+1","floor":36},{"not_picked":["Dagger Throw","Sucker Punch","Deadly Poison+1"],"picked":"SKIP","floor":36},{"not_picked":["Cloak And Dagger+1","Blade Dance+1"],"picked":"Backflip+1","floor":37},{"not_picked":["Die Die Die","Riddle With Holes","Leg Sweep+1"],"picked":"SKIP","floor":37},{"not_picked":["Deflect+1","Infinite Blades+1"],"picked":"Prepared+1","floor":38},{"not_picked":["Infinite Blades","Backflip+1","Sucker Punch+1"],"picked":"SKIP","floor":38},{"not_picked":["Prepared","Distraction+1","Outmaneuver+1"],"picked":"SKIP","floor":41},{"not_picked":["Dagger Throw+1","Backstab","Skewer+1"],"picked":"SKIP","floor":41},{"not_picked":["Dodge and Roll","Skewer+1","Dash"],"picked":"SKIP","floor":44},{"not_picked":["Quick Slash","PiercingWail","Endless Agony+1"],"picked":"SKIP","floor":44},{"not_picked":["Noxious Fumes","PiercingWail+1","Infinite Blades"],"picked":"SKIP","floor":47},{"not_picked":["Cloak And Dagger","Sucker Punch+1","Flying Knee"],"picked":"SKIP","floor":47},{"not_picked":["Bouncing Flask+1","Predator"],"picked":"Terror+1","floor":48},{"not_picked":["After Image","Heel Hook","Bouncing Flask+1"],"picked":"SKIP","floor":48}],"player_experience":235272,"relics_obtained":[{"floor":6,"key":"Prayer Wheel"},{"floor":8,"key":"Bag of Preparation"},{"floor":9,"key":"Shuriken"},{"floor":10,"key":"Regal Pillow"},{"floor":12,"key":"Tiny Chest"},{"floor":26,"key":"Pear"},{"floor":29,"key":"Thread and Needle"},{"floor":30,"key":"Nilry\u0027s Codex"},{"floor":43,"key":"Paper Crane"},{"floor":45,"key":"Orichalcum"}],"event_choices":[{"event_name":"Liars Game","player_choice":"disagreed","floor":3,"damage_taken":0},{"event_name":"Upgrade Shrine","player_choice":"Upgraded","floor":5,"damage_taken":0},{"event_name":"World of Goop","player_choice":"Gather Gold","floor":11,"damage_taken":0},{"event_name":"Ghosts","player_choice":"Ignored","floor":22,"damage_taken":0},{"event_name":"Cursed Tome","player_choice":"Obtained Book","floor":30,"damage_taken":0},{"event_name":"Falling","player_choice":"Removed Attack","floor":46,"damage_taken":0}],"is_beta":false,"boss_relics":[{"not_picked":["Ectoplasm","Philosopher\u0027s Stone"],"picked":"Sozu"},{"not_picked":["Astrolabe","Coffee Dripper"],"picked":"Tiny House"}],"items_purged_floors":[4,19,39],"is_endless":false,"potions_floor_spawned":[1,12,14,18,21,25,27,37,44,47,48],"ascension_level":2}