{"gold_per_floor":[113,123,123,48,65,65,100,100,100,132,144,144,157,157,157,257,257,272,290,303,316,334,334,351,351,351,366,366,366,415,427,427,531,531,544,544,559,569,15,15,15,15,40,54,64,64,64,84,84,84],"floor_reached":50,"playtime":2387,"items_purged":["Strike_B","Strike_B"],"score":504,"play_id":"094bad8b-77a7-42a7-b930-d8e0d0109cf2","local_time":"20180819175730","is_ascension_mode":true,"campfire_choices":[{"data":"Conserve Battery","floor":6,"key":"SMITH"},{"data":"Conserve Battery","floor":8,"key":"SMITH"},{"data":"Genetic Algorithm","floor":12,"key":"SMITH"},{"floor":15,"key":"REST"},{"data":"Ball Lightning","floor":23,"key":"SMITH"},{"floor":25,"key":"REST"},{"data":"White Noise","floor":28,"key":"SMITH"},{"data":"Leap","floor":32,"key":"SMITH"},{"data":"Conserve Battery","floor":40,"key":"SMITH"},{"data":"Dualcast","floor":42,"key":"SMITH"},{"data":"Defend_B","floor":49,"key":"SMITH"}],"neow_cost":"NONE","seed_source_timestamp":291104242561146,"circlet_count":0,"master_deck":["Strike_B","Defend_B+1","Defend_B","Defend_B+1","Defend_B+1","Zap+1","Dualcast+1","Conserve Battery+1","Conserve Battery+1","Enlightenment","Ball Lightning+1","Loop+1","Genetic Algorithm+1","Conserve Battery+1","Buffer+1","Leap+1","Self Repair+1","Leap+1","White Noise+1","Electrodynamics+1","Purity","Madness","Madness","Go for the Eyes+1"],"relics":["Cracked Core","Darkstone Periapt","Frozen Egg 2","Letter Opener","Velvet Choker","Bottled Lightning","Centennial Puzzle","White Beast Statue","OrangePellets","War Paint","Anchor","Nunchaku"],"potions_floor_usage":[16,21,21,27,33,33,33,44,50,50],"damage_taken":[{"damage":2,"enemies":"2 Louse","floor":1,"turns":3},{"damage":0,"enemies":"Cultist","floor":2,"turns":3},{"damage":7,"enemies":"Jaw Worm","floor":5,"turns":3},{"damage":13,"enemies":"Lagavulin","floor":7,"turns":7},{"damage":9,"enemies":"3 Sentries","floor":10,"turns":8},{"damage":3,"enemies":"Blue Slaver","floor":11,"turns":3},{"damage":0,"enemies":"Red Slaver","floor":13,"turns":3},{"damage":17,"enemies":"The Guardian","floor":16,"turns":9},{"damage":2,"enemies":"2 Thieves","floor":18,"turns":4},{"damage":11,"enemies":"Chosen","floor":19,"turns":6},{"damage":15,"enemies":"Snake Plant","floor":20,"turns":5},{"damage":0,"enemies":"3 Cultists","floor":21,"turns":5},{"damage":13,"enemies":"Cultist and Chosen","floor":22,"turns":8},{"damage":18,"enemies":"Centurion and Healer","floor":24,"turns":13},{"damage":2,"enemies":"Chosen and Byrds","floor":27,"turns":7},{"damage":0,"enemies":"Snecko","floor":31,"turns":6},{"damage":67,"enemies":"Collector","floor":33,"turns":13},{"damage":6,"enemies":"Orb Walker","floor":35,"turns":4},{"damage":0,"enemies":"Flame Bruiser 1 Orb","floor":37,"turns":6},{"damage":1,"enemies":"Sphere and 2 Shapes","floor":38,"turns":5},{"damage":0,"enemies":"Flame Bruiser 2 Orb","floor":44,"turns":5},{"damage":7,"enemies":"3 Darklings","floor":45,"turns":5},{"damage":0,"floor":47,"turns":10},{"damage":3,"enemies":"Maw","floor":48,"turns":8},{"damage":92,"enemies":"Donu and Deca","floor":50,"turns":10}],"seed_played":"4253292721216963469","potions_obtained":[{"floor":1,"key":"EssenceOfSteel"},{"floor":2,"key":"Fire Potion"},{"floor":16,"key":"Fire Potion"},{"floor":19,"key":"Fire Potion"},{"floor":21,"key":"SkillPotion"},{"floor":27,"key":"AttackPotion"},{"floor":29,"key":"FocusPotion"},{"floor":35,"key":"FocusPotion"},{"floor":37,"key":"Weak Potion"},{"floor":38,"key":"SteroidPotion"},{"floor":44,"key":"GamblersBrew"},{"floor":45,"key":"Weak Potion"}],"is_trial":false,"path_per_floor":["M","M","?","$","M","R","E","R","T","E","M","R","M","?","R","B",null,"M","M","M","M","M","R","M","R","T","M","R","?","T","M","R","B",null,"M","?","M","M","$","R","?","R","T","M","M","$","?","M","R"],"character_chosen":"DEFECT","items_purchased":["Purity","OrangePellets","War Paint"],"campfire_rested":2,"item_purchase_floors":[39,39,39],"current_hp_per_floor":[73,73,73,73,66,66,53,53,53,44,41,41,41,41,63,46,75,73,62,47,57,54,54,46,68,68,75,75,75,75,75,75,18,75,75,75,75,75,75,75,66,66,66,75,75,75,75,75,75,0],"gold":84,"neow_bonus":"UPGRADE_CARD","is_prod":false,"is_daily":false,"chose_seed":false,"campfire_upgraded":9,"win_rate":0,"timestamp":1534672650,"path_taken":["M","M","?","$","M","R","E","R","T","E","?","R","M","?","R","BOSS","M","M","M","M","M","R","M","R","T","M","R","?","?","M","R","BOSS","M","?","M","M","$","R","?","R","T","M","M","?","?","M","R","BOSS"],"build_version":"2018-08-16","purchased_purges":2,"victory":false,"max_hp_per_floor":[75,75,75,75,75,75,75,75,75,75,75,75,75,75,75,75,75,75,75,75,75,75,75,75,75,75,75,75,75,75,75,75,75,75,75,75,75,75,75,75,75,75,75,75,75,75,75,75,75,75],"card_choices":[{"not_picked":["Loop","Doom and Gloom"],"picked":"Conserve Battery","floor":1},{"not_picked":["Consume","Skim"],"picked":"Conserve Battery","floor":2},{"not_picked":["Go for the Eyes","Rebound"],"picked":"Ball Lightning","floor":5},{"not_picked":["Rainbow","Barrage","Beam Cell"],"picked":"SKIP","floor":7},{"not_picked":["Steam","Heatsinks+1"],"picked":"Loop+1","floor":10},{"not_picked":["Turbo","Static Discharge+1"],"picked":"Genetic Algorithm","floor":11},{"not_picked":["Rebound","Blizzard"],"picked":"Conserve Battery","floor":13},{"not_picked":["Rainbow","Meteor Strike"],"picked":"Buffer+1","floor":16},{"not_picked":["Capacitor+1","Coolheaded"],"picked":"Leap","floor":18},{"not_picked":["Stack+1","Steam","Redo"],"picked":"SKIP","floor":19},{"not_picked":["Streamline","Recycle"],"picked":"Self Repair+1","floor":20},{"not_picked":["Cold Snap","Coolheaded+1","Genetic Algorithm"],"picked":"SKIP","floor":21},{"not_picked":["Glacier","Turbo"],"picked":"Leap+1","floor":22},{"not_picked":["Compile Driver+1","Beam Cell"],"picked":"White Noise","floor":24},{"not_picked":["Scrape","Gash","Storm+1"],"picked":"SKIP","floor":27},{"not_picked":["Hologram","Redo+1"],"picked":"FTL","floor":31},{"not_picked":["Fission","Rainbow"],"picked":"Electrodynamics+1","floor":33},{"not_picked":["Self Repair+1","Reinforced Body","Ball Lightning"],"picked":"SKIP","floor":35},{"not_picked":["Rip and Tear","Turbo+1","Barrage"],"picked":"SKIP","floor":37},{"not_picked":["Beam Cell","Compile Driver","Redo"],"picked":"SKIP","floor":38},{"not_picked":["Conserve Battery+1","Coolheaded+1","Blizzard"],"picked":"SKIP","floor":44},{"not_picked":["Genetic Algorithm","Aggregate+1","Streamline"],"picked":"SKIP","floor":45},{"not_picked":["Ball Lightning","Melter+1"],"picked":"Go for the Eyes+1","floor":48}],"player_experience":254608,"relics_obtained":[{"floor":7,"key":"Darkstone Periapt"},{"floor":9,"key":"Frozen Egg 2"},{"floor":10,"key":"Letter Opener"},{"floor":26,"key":"Bottled Lightning"},{"floor":30,"key":"Centennial Puzzle"},{"floor":43,"key":"Anchor"},{"floor":47,"key":"Nunchaku"}],"event_choices":[{"event_name":"Match and Keep!","player_choice":"1 cards matched","floor":3,"damage_taken":0},{"event_name":"Match and Keep!","player_choice":"1 cards matched","floor":3,"damage_taken":0},{"event_name":"Living Wall","player_choice":"Forget","floor":14,"damage_taken":0},{"event_name":"The Lab","player_choice":"Got Potions","floor":29,"damage_taken":0},{"event_name":"Falling","player_choice":"Removed Attack","floor":36,"damage_taken":0},{"event_name":"Winding Halls","player_choice":"Embrace Madness","floor":41,"damage_taken":0},{"event_name":"MindBloom","player_choice":"Fight","floor":47,"damage_taken":0}],"is_beta":false,"boss_relics":[{"not_picked":["Snecko Eye","Astrolabe"],"picked":"Velvet Choker"},{"not_picked":["Fusion Hammer","Coffee Dripper"],"picked":"White Beast Statue"}],"items_purged_floors":[4,39],"is_endless":false,"potions_floor_spawned":[1,2,16,19,20,21,27,35,37,38,44,45,47,48],"killed_by":"Donu and Deca","ascension_level":2}