{"gold_per_floor":[113,123,134,104,54,83,95,66,127],"floor_reached":9,"playtime":594,"items_purged":[],"score":61,"play_id":"39e01517-5476-4579-a408-d85cff3dc25b","local_time":"20190125003912","is_ascension_mode":false,"campfire_choices":[{"floor":7.0,"key":"REST"}],"neow_cost":"NONE","seed_source_timestamp":0,"circlet_count":0,"master_deck":["Defend_G","Defend_G","Defend_G","Defend_G","Strike_G","Strike_G","Strike_G","Strike_G","Strike_G","Survivor","Neutralize","Backflip","Noxious Fumes","Acrobatics","Prepared"],"special_seed":0,"relics":["Ring of the Snake","MawBank","Bag of Preparation"],"potions_floor_usage":[],"damage_taken":[{"damage":7.0,"enemies":"Jaw Worm","floor":1.0,"turns":8.0},{"damage":1.0,"enemies":"2 Louse","floor":2.0,"turns":4.0},{"damage":7.0,"enemies":"Cultist","floor":3.0,"turns":5.0},{"damage":0.0,"enemies":"Looter","floor":4.0,"turns":4.0},{"damage":40.0,"enemies":"3 Sentries","floor":6.0,"turns":11.0}],"seed_played":"3409661478304912736","potions_obtained":[{"floor":3.0,"key":"Ancient Potion"}],"is_trial":false,"path_per_floor":["M","M","M","M","?","E","R","?","T"],"character_chosen":"THE_SILENT","items_purchased":[],"campfire_rested":1,"item_purchase_floors":[],"current_hp_per_floor":[70,69,62,62,62,22,45,45,45],"gold":127,"neow_bonus":"TEN_PERCENT_HP_BONUS","is_prod":false,"is_daily":false,"chose_seed":false,"campfire_upgraded":0,"win_rate":0.0,"timestamp":1548398352,"path_taken":["M","M","M","M","?","E","R","?","T"],"build_version":"2019-01-23","purchased_purges":0,"victory":false,"max_hp_per_floor":[77,77,77,77,77,77,77,77,77],"card_choices":[{"not_picked":["Well Laid Plans","Deadly Poison"],"picked":"Backflip","floor":1.0},{"not_picked":["Blade Dance","Flying Knee"],"picked":"Noxious Fumes","floor":2.0},{"not_picked":["Tactician","Finisher"],"picked":"Acrobatics","floor":3.0},{"not_picked":["Flying Knee","Dodge and Roll"],"picked":"Prepared","floor":4.0},{"not_picked":["Caltrops","Infinite Blades","Reflex"],"picked":"SKIP","floor":6.0}],"player_experience":165216,"relics_obtained":[{"floor":6.0,"key":"MawBank"},{"floor":9,"key":"Bag of Preparation"}],"event_choices":[{"cards_removed":["Defend_G"],"damage_healed":0.0,"max_hp_gain":0.0,"max_hp_loss":0.0,"gold_gain":0.0,"event_name":"The Cleric","player_choice":"Card Removal","floor":5.0,"gold_loss":50.0,"damage_taken":0.0},{"damage_healed":0.0,"max_hp_gain":0.0,"max_hp_loss":0.0,"gold_gain":0.0,"event_name":"World of Goop","player_choice":"Left Gold","floor":8.0,"gold_loss":41.0,"damage_taken":0.0}],"is_beta":false,"boss_relics":[],"items_purged_floors":[],"is_endless":false,"potions_floor_spawned":[3],"ascension_level":0}