{"gold_per_floor":[13,13,23,36,36,36,55,55,55,87,87,106,106,136,136,136],"floor_reached":16,"playtime":538,"items_purged":[],"score":189,"play_id":"1cd0c9ad-d7fa-42df-a44b-e4bad320cb65","local_time":"20190202140327","is_ascension_mode":true,"campfire_choices":[{"data":"Flex","floor":6,"key":"SMITH"},{"data":"Heavy Blade","floor":8,"key":"SMITH"},{"data":"Shrug It Off","floor":11,"key":"SMITH"},{"data":"Bash","floor":13,"key":"SMITH"},{"data":"Fiend Fire","floor":15,"key":"SMITH"}],"neow_cost":"NO_GOLD","seed_source_timestamp":93738582724081,"circlet_count":0,"master_deck":["Strike_R","Strike_R","Strike_R","Defend_R","Defend_R","Defend_R","Defend_R","Bash+1","Fiend Fire+1","Shrug It Off+1","Flex+1","Heavy Blade+1","Clash+1"],"relics":["Burning Blood","Bottled Flame","Bag of Preparation","Molten Egg 2","Dream Catcher"],"potions_floor_usage":[10,16],"damage_taken":[{"damage":4,"enemies":"2 Louse","floor":1,"turns":4},{"damage":7,"enemies":"Jaw Worm","floor":3,"turns":3},{"damage":0,"enemies":"Cultist","floor":4,"turns":2},{"damage":11,"enemies":"Looter","floor":7,"turns":3},{"damage":22,"enemies":"Lagavulin","floor":10,"turns":6},{"damage":8,"enemies":"3 Louse","floor":12,"turns":4},{"damage":0,"enemies":"Gremlin Nob","floor":14,"turns":2},{"damage":76,"enemies":"Hexaghost","floor":16,"turns":9}],"seed_played":"5121498690354091787","potions_obtained":[{"floor":1,"key":"PowerPotion"},{"floor":3,"key":"SneckoOil"},{"floor":4,"key":"EssenceOfSteel"},{"floor":7,"key":"FairyPotion"}],"is_trial":false,"path_per_floor":["M","?","M","M","T","R","M","R","T","E","R","M","R","E","R","B"],"character_chosen":"IRONCLAD","items_purchased":[],"campfire_rested":0,"item_purchase_floors":[],"current_hp_per_floor":[74,74,73,79,79,79,74,74,74,58,58,56,56,62,62,0],"gold":136,"neow_bonus":"TRANSFORM_TWO_CARDS","is_prod":false,"is_daily":false,"chose_seed":false,"campfire_upgraded":5,"win_rate":0,"timestamp":1549134207,"path_taken":["M","?","M","M","?","R","M","R","T","E","R","M","R","E","R","BOSS"],"build_version":"2019-01-23","purchased_purges":0,"victory":false,"max_hp_per_floor":[80,80,80,80,80,80,80,80,80,80,80,80,80,80,80,80],"card_choices":[{"not_picked":["Infernal Blade","Uppercut"],"picked":"Shrug It Off","floor":1},{"not_picked":["Disarm","Warcry"],"picked":"Flex","floor":3},{"not_picked":["Armaments","Pummel","Twin Strike"],"picked":"SKIP","floor":4},{"not_picked":["Havoc","Feel No Pain"],"picked":"Heavy Blade","floor":7},{"not_picked":["Metallicize","Searing Blow","Entrench"],"picked":"SKIP","floor":10},{"not_picked":["Anger+1","Infernal Blade"],"picked":"Clash+1","floor":12},{"not_picked":["Wild Strike+1","Brutality","Fire Breathing"],"picked":"SKIP","floor":14}],"player_experience":251833,"relics_obtained":[{"floor":5,"key":"Bottled Flame"},{"floor":9,"key":"Bag of Preparation"},{"floor":10,"key":"Molten Egg 2"},{"floor":14,"key":"Dream Catcher"}],"event_choices":[{"cards_removed":["Blood for Blood"],"damage_healed":0,"gold_gain":0,"player_choice":"Forget","damage_taken":0,"max_hp_gain":0,"max_hp_loss":0,"event_name":"Living Wall","floor":2,"gold_loss":0}],"is_beta":false,"boss_relics":[],"items_purged_floors":[],"is_endless":false,"potions_floor_spawned":[1,3,4,7],"killed_by":"Hexaghost","ascension_level":8}