{"gold_per_floor":[113,113,129,129,140,140,2,2,2,32,32,57,57,57],"floor_reached":14,"playtime":233,"items_purged":[],"score":168,"play_id":"384ae5eb-008f-4e63-92a6-0f659942da3e","local_time":"20190202181527","is_ascension_mode":true,"campfire_choices":[{"data":"Neutralize","floor":6.0,"key":"SMITH"},{"data":"Malaise","floor":8.0,"key":"SMITH"},{"floor":11,"key":"REST"}],"neow_cost":"NONE","seed_source_timestamp":14754709487700,"circlet_count":0,"master_deck":["AscendersBane","Defend_G","Defend_G","Defend_G","Defend_G","Defend_G","Strike_G","Strike_G","Strike_G","Strike_G","Survivor","Neutralize+1","Noxious Fumes+1","Malaise+1","Noxious Fumes","Neutralize"],"special_seed":0,"relics":["Ring of the Snake","NeowsBlessing","Question Card","Ornamental Fan","PreservedInsect"],"potions_floor_usage":[10],"damage_taken":[{"damage":0.0,"enemies":"Cultist","floor":1.0,"turns":1.0},{"damage":0.0,"enemies":"Jaw Worm","floor":3.0,"turns":1.0},{"damage":0.0,"enemies":"Small Slimes","floor":5.0,"turns":1.0},{"damage":33,"enemies":"Gremlin Nob","floor":10,"turns":5},{"damage":14,"enemies":"Lagavulin","floor":12,"turns":8},{"damage":32,"enemies":"Gremlin Nob","floor":14,"turns":4}],"seed_played":"-897838141146214387","potions_obtained":[{"floor":3.0,"key":"Strength Potion"},{"floor":10,"key":"Ancient Potion"}],"is_trial":false,"path_per_floor":["M","?","M","?","M","R","$","R","T","E","R","E","?","E"],"character_chosen":"THE_SILENT","items_purchased":["Malaise"],"campfire_rested":1,"item_purchase_floors":[7],"current_hp_per_floor":[59,52,52,52,52,52,52,52,52,19,38,24,24,0],"gold":57,"neow_bonus":"THREE_ENEMY_KILL","is_prod":false,"is_daily":false,"chose_seed":false,"campfire_upgraded":2,"win_rate":0,"timestamp":1549124127,"path_taken":["M","?","M","?","?","R","?","R","T","E","R","E","?","E"],"build_version":"2019-01-23","purchased_purges":0,"victory":false,"max_hp_per_floor":[66,66,66,66,66,66,66,66,66,66,66,66,66,66],"card_choices":[{"not_picked":["Acrobatics","Slice"],"picked":"Noxious Fumes","floor":1.0},{"not_picked":["Prepared","Riddle With Holes","Underhanded Strike"],"picked":"SKIP","floor":3.0},{"not_picked":["Outmaneuver","Expertise","Dodge and Roll"],"picked":"SKIP","floor":5.0},{"not_picked":["Finisher","Cloak And Dagger","Sucker Punch","Acrobatics"],"picked":"SKIP","floor":10},{"not_picked":["Tools of the Trade","Underhanded Strike","Calculated Gamble"],"picked":"Noxious Fumes","floor":12}],"player_experience":579060,"relics_obtained":[{"floor":9.0,"key":"Question Card"},{"floor":10,"key":"Ornamental Fan"},{"floor":12,"key":"PreservedInsect"}],"event_choices":[{"cards_removed":["Strike_G"],"damage_healed":0.0,"max_hp_gain":0.0,"max_hp_loss":0.0,"gold_gain":0.0,"event_name":"Golden Wing","player_choice":"Card Removal","floor":2.0,"gold_loss":0.0,"damage_taken":7.0},{"damage_healed":0.0,"max_hp_gain":0.0,"max_hp_loss":0.0,"gold_gain":0.0,"event_name":"Accursed Blacksmith","player_choice":"Forge","floor":4.0,"gold_loss":0.0,"damage_taken":0.0,"cards_upgraded":["Noxious Fumes"]},{"damage_healed":0,"gold_gain":0,"player_choice":"1 cards matched","damage_taken":0,"max_hp_gain":0,"max_hp_loss":0,"event_name":"Match and Keep!","floor":13,"gold_loss":0,"cards_obtained":["Neutralize"]}],"is_beta":false,"boss_relics":[],"items_purged_floors":[],"is_endless":false,"potions_floor_spawned":[3,10],"killed_by":"Gremlin Nob","ascension_level":15}