{"path_per_floor":["M","?","?","?","M","E","R","M","T","M","R","E","R","$","R","B",null,"M","T","?","M","?"],"character_chosen":"IRONCLAD","items_purchased":["Clothesline","Toolbox"],"gold_per_floor":[116,116,116,181,197,240,240,261,261,276,276,319,319,55,55,180,180,194,194,119,144,144],"floor_reached":23,"campfire_rested":3,"playtime":2503,"current_hp_per_floor":[80,80,74,74,71,10,32,31,31,35,35,18,40,40,62,57,74,55,69,69,59,49],"items_purged":[],"gold":144,"play_id":"e733ea26-4ecc-4061-a692-97a1e2ad1fc9","is_prod":false,"is_daily":false,"campfire_rituals":0,"campfire_upgraded":1,"is_hardmode":false,"path_taken":["M","?","?","?","M","E","R","M","T","?","R","E","R","$","R","BOSS","M","?","?","?","?","E"],"build_version":"2018-01-11-PROD2","purchased_purges":0,"victory":false,"master_deck":["Strike_R","Strike_R","Strike_R","Strike_R","Defend_R","Defend_R","Defend_R","Defend_R","Bash","Inflame","Flame Barrier","Rupture","Flex","Heavy Blade","Limit Break","Clothesline","Impervious","Combust","Clash","Necronomicurse"],"max_hp_per_floor":[80,80,74,74,74,74,74,74,74,74,74,74,74,74,74,74,74,74,88,88,88,94],"relics":["Burning Blood","Lantern","Golden Idol","Torii","Peace Pipe","Darkstone Periapt","Toolbox","Mark of Pain","Mango","Necronomicon"],"campfire_meditates":0,"card_choices":[{"not_picked":["Headbutt","Fire Breathing"],"picked":"Inflame"},{"not_picked":["Shockwave","Armaments"],"picked":"Flame Barrier"},{"not_picked":["Perfected Strike","Second Wind"],"picked":"Rupture"},{"not_picked":["Headbutt","Dual Wield"],"picked":"Flex"},{"not_picked":["Twin Strike","Reckless Charge"],"picked":"Heavy Blade"},{"not_picked":["Armaments","Clothesline"],"picked":"Limit Break"},{"not_picked":["Fiend Fire","Juggernaut"],"picked":"Impervious"},{"not_picked":["Twin Strike","Clash"],"picked":"Combust"},{"not_picked":["Thunderclap","Blood for Blood"],"picked":"Clash"}],"player_experience":7980,"potions_floor_usage":[12,16,16,23],"damage_taken":[{"damage":2.0,"enemies":"2 Louse","floor":1.0,"turns":4.0},{"damage":9.0,"enemies":"Blue Slaver","floor":5.0,"turns":6.0},{"damage":67.0,"enemies":"Gremlin Nob","floor":6.0,"turns":6.0},{"damage":7.0,"enemies":"Jaw Worm","floor":8.0,"turns":3.0},{"damage":2.0,"enemies":"Large Slime","floor":10.0,"turns":9.0},{"damage":23,"enemies":"3 Sentries","floor":12,"turns":7},{"damage":11,"enemies":"Hexaghost","floor":16,"turns":9},{"damage":25,"enemies":"Spheric Guardian","floor":18,"turns":6},{"damage":16,"enemies":"Shell Parasite","floor":21,"turns":5},{"damage":50,"enemies":"Gremlin Leader","floor":23,"turns":5}],"event_choices":[{"event_name":"Upgrade Shrine","player_choice":"Upgraded","floor":2.0,"damage_taken":0.0},{"event_name":"Golden Idol","player_choice":"Lose Max HP","floor":3.0,"damage_taken":0.0},{"event_name":"Golden Wing","player_choice":"Gained Gold","floor":4.0,"damage_taken":0.0},{"event_name":"Beggar","player_choice":"Gave Gold","floor":20,"damage_taken":0},{"event_name":"Cursed Tome","player_choice":"Obtained Book","floor":22,"damage_taken":0}],"boss_relics":[{"not_picked":["Orrery","Question Card"],"picked":"Mark of Pain"}],"potions_floor_spawned":[6,8,12,18],"seed_played":"8957299871349459448","killed_by":"Gremlin Leader","is_trial":false}