{"gold_per_floor":[118,293,311,186,197,197,230,230,255,269,283,301,199,199,199,319,319,344,229,250,266,287,287,308,308,380,411,411,336,336,380,392,534,546,582,532,556,81,81,81,139,139,139,139,121,144,144,144,144,144],"floor_reached":50,"playtime":2772,"items_purged":["Doubt"],"score":553,"play_id":"98c8f243-08aa-4e42-8913-c150e18ecfa0","local_time":"20190202145527","is_ascension_mode":false,"campfire_choices":[{"floor":6.0,"key":"RECALL"},{"floor":8.0,"key":"REST"},{"floor":15.0,"key":"REST"},{"floor":23.0,"key":"REST"},{"floor":25.0,"key":"REST"},{"floor":28.0,"key":"REST"},{"floor":32.0,"key":"REST"},{"floor":40.0,"key":"REST"},{"floor":42.0,"key":"REST"},{"floor":44.0,"key":"REST"},{"floor":49.0,"key":"REST"}],"neow_cost":"NONE","seed_source_timestamp":0,"circlet_count":0,"master_deck":["Strike_B","Strike_B","Strike_B","Defend_B","Defend_B","Defend_B","Defend_B","Zap","Dualcast","Go for the Eyes","Hologram","Melter","Gash","Leap","FTL","Ball Lightning","Seek","Conserve Battery+1","Loop","Sunder","Storm","Beam Cell","Cold Snap","BootSequence","Coolheaded","Doom and Gloom+1","Thunder Strike","Sweeping Beam","Auto Shields","Go for the Eyes+1","Leap","FTL","All For One","Gash","Trip","Coolheaded+1","Go for the Eyes","Parasite","Go for the Eyes","Madness","Madness"],"special_seed":0,"relics":["Cracked Core","Boot","Letter Opener","Pen Nib","Golden Idol","Black Star","Cables","Vajra","WingedGreaves","The Courier","MawBank","Inserter","DataDisk","Lantern","Bird Faced Urn"],"potions_floor_usage":[],"damage_taken":[{"damage":0.0,"enemies":"Small Slimes","floor":1.0,"turns":5.0},{"damage":0.0,"enemies":"2 Louse","floor":3.0,"turns":3.0},{"damage":1.0,"enemies":"Cultist","floor":5.0,"turns":3.0},{"damage":72.0,"enemies":"3 Sentries","floor":7.0,"turns":15.0},{"damage":4.0,"enemies":"Exordium Thugs","floor":10.0,"turns":4.0},{"damage":3.0,"enemies":"2 Fungi Beasts","floor":11.0,"turns":3.0},{"damage":2.0,"enemies":"Large Slime","floor":12.0,"turns":6.0},{"damage":34.0,"enemies":"The Guardian","floor":16.0,"turns":12.0},{"damage":0.0,"enemies":"3 Byrds","floor":18.0,"turns":4.0},{"damage":15.0,"enemies":"Shell Parasite","floor":20.0,"turns":5.0},{"damage":27.0,"enemies":"Snake Plant","floor":21.0,"turns":5.0},{"damage":26.0,"enemies":"Shelled Parasite and Fungi","floor":22.0,"turns":7.0},{"damage":29.0,"enemies":"Centurion and Healer","floor":24.0,"turns":5.0},{"damage":21.0,"enemies":"Book of Stabbing","floor":27.0,"turns":5.0},{"damage":12.0,"enemies":"Slavers","floor":31.0,"turns":5.0},{"damage":80.0,"enemies":"Automaton","floor":33.0,"turns":12.0},{"damage":12.0,"enemies":"3 Shapes","floor":35.0,"turns":7.0},{"damage":34.0,"enemies":"3 Darklings","floor":37.0,"turns":5.0},{"damage":48.0,"enemies":"2 Orb Walkers","floor":41.0,"turns":5.0},{"damage":18.0,"enemies":"Writhing Mass","floor":46.0,"turns":8.0},{"damage":68,"enemies":"Donu and Deca","floor":50,"turns":5}],"seed_played":"9013963919834768046","potions_obtained":[{"floor":3.0,"key":"FairyPotion"},{"floor":7.0,"key":"GamblersBrew"},{"floor":11.0,"key":"Regen Potion"},{"floor":27.0,"key":"Poison Potion"},{"floor":31.0,"key":"GamblersBrew"},{"floor":33.0,"key":"Fire Potion"},{"floor":35.0,"key":"Ancient Potion"},{"floor":37.0,"key":"SneckoOil"}],"is_trial":false,"path_per_floor":["M","?","M","?","M","R","E","R","T","M","M","M","$","?","R","B",null,"M","$","M","M","M","R","M","R","T","E","R","?","?","E","R","B",null,"M","$","M","$","?","R","?","R","T","R","$","M","?","?","R","B"],"character_chosen":"DEFECT","items_purchased":["Ball Lightning","Loop","Sunder","Auto Shields","Leap","DataDisk","Lantern","FTL","All For One","Gash","Go for the Eyes"],"campfire_rested":10,"item_purchase_floors":[13,19,19,36,38,38,38,38,38,38,45],"current_hp_per_floor":[82,82,82,82,81,81,9,33,33,29,26,24,24,4,28,9,82,82,82,67,40,14,38,9,33,33,12,36,36,63,51,75,8,82,70,70,36,36,36,60,12,36,36,60,60,46,36,36,60,0],"gold":144,"neow_bonus":"TEN_PERCENT_HP_BONUS","is_prod":false,"is_daily":false,"chose_seed":false,"campfire_upgraded":0,"win_rate":0,"timestamp":1549140927,"path_taken":["M","?","M","?","M","R","E","R","T","M","M","?","$","?","R","BOSS","M","$","M","M","M","R","M","R","T","E","R","?","?","E","R","BOSS","M","$","M","$","?","R","?","R","T","R","?","?","?","?","R","BOSS"],"build_version":"2019-01-23","purchased_purges":1,"victory":false,"max_hp_per_floor":[82,82,82,82,82,82,82,82,82,82,82,82,82,82,82,82,82,82,82,82,82,82,82,82,82,82,82,82,82,82,82,82,82,82,82,82,82,82,82,82,82,82,82,82,82,82,82,82,82,82],"card_choices":[{"not_picked":["Stack","Redo"],"picked":"Go for the Eyes","floor":1.0},{"not_picked":["Barrage","Compile Driver","Streamline"],"picked":"SKIP","floor":3.0},{"not_picked":["Rebound","Compile Driver"],"picked":"Hologram","floor":5.0},{"not_picked":["Compile Driver","Steam Power"],"picked":"Melter","floor":7.0},{"not_picked":["Chill","Barrage"],"picked":"Gash","floor":10.0},{"not_picked":["Skim","Chaos"],"picked":"Leap","floor":11.0},{"not_picked":["Rainbow","Sunder"],"picked":"FTL","floor":12.0},{"not_picked":["Biased Cognition","Core Surge"],"picked":"Seek","floor":16.0},{"not_picked":["Beam Cell","Compile Driver"],"picked":"Conserve Battery+1","floor":18.0},{"not_picked":["Hologram+1","Leap"],"picked":"Storm","floor":20.0},{"not_picked":["Coolheaded","Sweeping Beam"],"picked":"Beam Cell","floor":21.0},{"not_picked":["Machine Learning","Stack+1"],"picked":"Cold Snap","floor":22.0},{"not_picked":["Conserve Battery","Compile Driver"],"picked":"BootSequence","floor":24.0},{"not_picked":["Barrage","Melter"],"picked":"Coolheaded","floor":27.0},{"not_picked":["Skim","Turbo"],"picked":"Doom and Gloom+1","floor":31.0},{"not_picked":["Reboot","Multi-Cast"],"picked":"Thunder Strike","floor":33.0},{"not_picked":["Ball Lightning","Capacitor"],"picked":"Sweeping Beam","floor":35.0},{"not_picked":["Fusion","Sweeping Beam"],"picked":"Go for the Eyes+1","floor":37.0},{"not_picked":["Deep Breath","PanicButton"],"picked":"Trip","floor":39.0},{"not_picked":["Hologram+1","Fusion+1"],"picked":"Coolheaded+1","floor":41.0},{"not_picked":["Heatsinks","Streamline+1"],"picked":"Go for the Eyes","floor":46.0}],"player_experience":365381,"relics_obtained":[{"floor":7.0,"key":"Letter Opener"},{"floor":9.0,"key":"Pen Nib"},{"floor":26.0,"key":"Cables"},{"floor":27.0,"key":"Vajra"},{"floor":27.0,"key":"WingedGreaves"},{"floor":31.0,"key":"The Courier"},{"floor":31.0,"key":"MawBank"},{"floor":41.0,"key":"Bird Faced Urn"}],"event_choices":[{"damage_healed":0.0,"max_hp_gain":0.0,"max_hp_loss":0.0,"gold_gain":175.0,"event_name":"Liars Game","player_choice":"AGREE","floor":2.0,"gold_loss":0.0,"damage_taken":0.0,"cards_obtained":["Doubt"]},{"damage_healed":0.0,"max_hp_gain":0.0,"max_hp_loss":0.0,"gold_gain":0.0,"event_name":"WeMeetAgain","player_choice":"Paid Gold","floor":4.0,"gold_loss":125.0,"damage_taken":0.0,"relics_obtained":["Boot"]},{"damage_healed":0.0,"max_hp_gain":0.0,"max_hp_loss":0.0,"gold_gain":0.0,"event_name":"Golden Idol","player_choice":"Take Damage","floor":14.0,"gold_loss":0.0,"damage_taken":20.0,"relics_obtained":["Golden Idol"]},{"cards_removed":["Strike_B"],"damage_healed":0.0,"max_hp_gain":0.0,"max_hp_loss":0.0,"gold_gain":0.0,"event_name":"Beggar","player_choice":"Gave Gold","floor":29.0,"gold_loss":75.0,"damage_taken":0.0},{"damage_healed":27.0,"max_hp_gain":0.0,"max_hp_loss":0.0,"gold_gain":0.0,"event_name":"The Library","player_choice":"Heal","floor":30.0,"gold_loss":0.0,"damage_taken":0.0},{"damage_healed":0.0,"max_hp_gain":0.0,"max_hp_loss":0.0,"gold_gain":0.0,"event_name":"SensoryStone","player_choice":"Memory 1","floor":39.0,"gold_loss":0.0,"damage_taken":0.0},{"damage_healed":0.0,"max_hp_gain":0.0,"max_hp_loss":0.0,"gold_gain":0.0,"event_name":"Mysterious Sphere","player_choice":"Fight","floor":41.0,"gold_loss":0.0,"damage_taken":0.0},{"damage_healed":0.0,"max_hp_gain":0.0,"max_hp_loss":0.0,"gold_gain":0.0,"event_name":"Winding Halls","player_choice":"Embrace Madness","floor":47.0,"gold_loss":0.0,"damage_taken":10.0,"cards_obtained":["Madness","Madness"]},{"damage_healed":0.0,"max_hp_gain":0.0,"max_hp_loss":0.0,"gold_gain":0.0,"event_name":"SecretPortal","player_choice":"Ignored","floor":48.0,"gold_loss":0.0,"damage_taken":0.0}],"is_beta":false,"boss_relics":[{"not_picked":["Calling Bell","Coffee Dripper"],"picked":"Black Star"},{"not_picked":["FrozenCore","White Beast Statue"],"picked":"Inserter"}],"items_purged_floors":[13],"is_endless":false,"potions_floor_spawned":[3,7,11,27,31,33,35,37],"killed_by":"Donu and Deca","ascension_level":0}