{"gold_per_floor":[116,131,57,70,87,87,117,117,117,127,127,127,148,182,182,313,313,328,328,84,105,105,144,144,144,144,163,163,14,14,14,14,114,114,132,132,132,82,95,123,137,137],"floor_reached":42,"playtime":1339,"items_purged":[],"score":454,"play_id":"457f0f67-a5b1-4c7c-b081-c1651757ef29","local_time":"20181216200006","is_ascension_mode":false,"campfire_choices":[{"data":"Spot Weakness","floor":6,"key":"SMITH"},{"data":"Disarm","floor":8,"key":"SMITH"},{"data":"Heavy Blade","floor":15,"key":"SMITH"},{"floor":24,"key":"REST"},{"data":"Shockwave","floor":30,"key":"SMITH"},{"data":"Flex","floor":32,"key":"SMITH"}],"neow_cost":"NONE","seed_source_timestamp":204332789049667,"circlet_count":0,"master_deck":["Strike_R","Strike_R","Strike_R","Strike_R","Defend_R","Defend_R","Defend_R","Defend_R","Bash","Carnage","Spot Weakness+1","Disarm+1","Heavy Blade+1","Injury","Twin Strike","Flex+1","Immolate","Bloodletting+1","Shockwave+1","Limit Break","Flex+1","Dark Shackles","Perfected Strike+1","Fiend Fire+1","Parasite"],"relics":["Burning Blood","Oddly Smooth Stone","Bronze Scales","Bloody Idol","Frozen Egg 2","Lantern","Sozu","Nilry\u0027s Codex","Molten Egg 2","MutagenicStrength","Matryoshka","Smiling Mask","Champion Belt","Pen Nib","Black Star","Centennial Puzzle","Vajra"],"potions_floor_usage":[7,14,21,23,33],"damage_taken":[{"damage":6,"enemies":"2 Louse","floor":1,"turns":2},{"damage":3,"enemies":"Jaw Worm","floor":2,"turns":4},{"damage":9,"enemies":"Small Slimes","floor":4,"turns":4},{"damage":0,"enemies":"Blue Slaver","floor":5,"turns":5},{"damage":14,"enemies":"Gremlin Nob","floor":7,"turns":3},{"damage":6,"enemies":"Large Slime","floor":10,"turns":5},{"damage":0,"enemies":"Exordium Wildlife","floor":13,"turns":3},{"damage":18,"enemies":"Lagavulin","floor":14,"turns":6},{"damage":47,"enemies":"Hexaghost","floor":16,"turns":9},{"damage":22,"enemies":"2 Thieves","floor":18,"turns":4},{"damage":13,"enemies":"3 Byrds","floor":21,"turns":3},{"damage":33,"enemies":"Slavers","floor":23,"turns":4},{"damage":14,"enemies":"Centurion and Healer","floor":27,"turns":3},{"damage":28,"enemies":"Automaton","floor":33,"turns":6},{"damage":12,"enemies":"3 Darklings","floor":35,"turns":4},{"damage":7,"enemies":"Orb Walker","floor":39,"turns":2},{"damage":30,"enemies":"Giant Head","floor":40,"turns":6},{"damage":5,"enemies":"Writhing Mass","floor":41,"turns":4},{"damage":84,"enemies":"Nemesis","floor":42,"turns":6}],"seed_played":"-2964064553577849346","potions_obtained":[{"floor":4,"key":"PowerPotion"},{"floor":5,"key":"FearPotion"},{"floor":7,"key":"Ancient Potion"},{"floor":13,"key":"Ancient Potion"},{"floor":16,"key":"Dexterity Potion"}],"is_trial":false,"path_per_floor":["M","M","$","M","M","R","E","R","T","M","?","?","M","E","R","B",null,"M","?","$","M","?","E","R","?","T","M","?","$","R","$","R","B",null,"M","?","?","$","M","E","M","E"],"character_chosen":"IRONCLAD","items_purchased":["Disarm","Molten Egg 2","Pen Nib","Perfected Strike+1"],"campfire_rested":1,"item_purchase_floors":[3,20,29,38],"current_hp_per_floor":[88,88,88,85,88,88,80,80,80,80,80,77,83,71,71,30,88,72,56,56,49,49,22,48,48,48,45,74,74,74,74,74,57,88,87,87,87,87,88,69,75,0],"gold":137,"neow_bonus":"TEN_PERCENT_HP_BONUS","is_prod":false,"is_daily":false,"chose_seed":false,"campfire_upgraded":5,"win_rate":0,"timestamp":1544986806,"path_taken":["M","M","$","M","M","R","E","R","T","M","?","?","M","E","R","BOSS","M","?","$","M","?","E","R","?","T","?","?","$","R","?","R","BOSS","M","?","?","$","M","E","M","E"],"build_version":"2018-12-13","purchased_purges":0,"victory":false,"max_hp_per_floor":[88,88,88,88,88,88,88,88,88,88,88,88,88,88,88,88,88,88,88,88,88,88,88,88,88,88,88,88,88,88,88,88,88,88,88,88,88,88,88,88,88,88],"card_choices":[{"not_picked":["Shrug It Off","Iron Wave"],"picked":"Carnage","floor":1},{"not_picked":["Armaments","Heavy Blade"],"picked":"Spot Weakness","floor":2},{"not_picked":["Warcry","Uppercut","Havoc"],"picked":"SKIP","floor":4},{"not_picked":["Rage","Second Wind","Body Slam"],"picked":"SKIP","floor":5},{"not_picked":["Burning Pact","Feel No Pain","Searing Blow"],"picked":"SKIP","floor":7},{"not_picked":["Rage","True Grit"],"picked":"Heavy Blade","floor":10},{"not_picked":["Shrug It Off","Warcry"],"picked":"Twin Strike","floor":13},{"not_picked":["True Grit","Clothesline"],"picked":"Flex","floor":14},{"not_picked":["Impervious","Exhume"],"picked":"Immolate","floor":16},{"not_picked":["Flame Barrier","Corruption+1"],"picked":"Bloodletting+1","floor":18},{"not_picked":["Hemokinesis+1","Armaments+1","Clash+1"],"picked":"SKIP","floor":21},{"not_picked":["Second Wind+1","Sword Boomerang+1","Flex"],"picked":"SKIP","floor":23},{"not_picked":["Body Slam+1","Shrug It Off"],"picked":"Shockwave","floor":27},{"not_picked":["Barricade+1","Bludgeon+1"],"picked":"Limit Break","floor":33},{"not_picked":["Headbutt+1","Clothesline+1"],"picked":"Flex+1","floor":35},{"not_picked":["Trip","Bandage Up"],"picked":"Dark Shackles","floor":37},{"not_picked":["Clothesline+1","Rupture+1","Sever Soul+1"],"picked":"SKIP","floor":39},{"not_picked":["Clothesline+1","Fire Breathing+1"],"picked":"Fiend Fire+1","floor":40},{"not_picked":["Warcry","Pommel Strike+1","Clothesline+1"],"picked":"SKIP","floor":41}],"player_experience":198104,"relics_obtained":[{"floor":7,"key":"Oddly Smooth Stone"},{"floor":9,"key":"Bronze Scales"},{"floor":14,"key":"Lantern"},{"floor":19,"key":"Nilry\u0027s Codex"},{"floor":23,"key":"Matryoshka"},{"floor":26,"key":"Smiling Mask"},{"floor":26,"key":"Champion Belt"},{"floor":40,"key":"Centennial Puzzle"},{"floor":40,"key":"Vajra"}],"event_choices":[{"damage_healed":0,"gold_gain":0,"player_choice":"Take Wound","damage_taken":0,"relics_obtained":["Golden Idol"],"max_hp_gain":0,"max_hp_loss":0,"event_name":"Golden Idol","floor":11,"gold_loss":0,"cards_obtained":["Injury"]},{"damage_healed":0,"gold_gain":0,"player_choice":"Success","damage_taken":3,"relics_obtained":["Frozen Egg 2"],"max_hp_gain":0,"max_hp_loss":0,"event_name":"Scrap Ooze","floor":12,"gold_loss":0},{"damage_healed":0,"gold_gain":0,"player_choice":"Obtained Book","damage_taken":16,"max_hp_gain":0,"max_hp_loss":0,"event_name":"Cursed Tome","floor":19,"gold_loss":0},{"damage_healed":0,"gold_gain":0,"player_choice":"Inject Mutagens","damage_taken":0,"relics_obtained":["MutagenicStrength"],"max_hp_gain":0,"max_hp_loss":0,"event_name":"Drug Dealer","floor":22,"gold_loss":0},{"damage_healed":0,"gold_gain":0,"player_choice":"Gave Idol","damage_taken":0,"relics_obtained":["Bloody Idol"],"max_hp_gain":0,"max_hp_loss":0,"event_name":"Forgotten Altar","floor":25,"relics_lost":["Golden Idol"],"gold_loss":0},{"damage_healed":29,"gold_gain":0,"player_choice":"Heal","damage_taken":0,"max_hp_gain":0,"max_hp_loss":0,"event_name":"The Library","floor":28,"gold_loss":0},{"cards_removed":["Strike_R"],"damage_healed":0,"gold_gain":0,"player_choice":"Removed Attack","damage_taken":0,"max_hp_gain":0,"max_hp_loss":0,"event_name":"Falling","floor":36,"gold_loss":0},{"damage_healed":0,"gold_gain":0,"player_choice":"Memory 1","damage_taken":0,"max_hp_gain":0,"max_hp_loss":0,"event_name":"SensoryStone","floor":37,"gold_loss":0}],"is_beta":false,"boss_relics":[{"not_picked":["Orrery","Empty Cage"],"picked":"Sozu"},{"not_picked":["White Beast Statue","Runic Cube"],"picked":"Black Star"}],"items_purged_floors":[],"is_endless":false,"potions_floor_spawned":[4,5,7,13,16,23,33,39,41],"killed_by":"Nemesis","ascension_level":0}