{"gold_per_floor":[112,112,125,135,60,91,91,120,120,150,100,132,203,217,217,315,315,325,325,72,22,35,35,47,61],"floor_reached":25,"playtime":1198,"items_purged":["Strike_R","Strike_R","Strike_R","Defend_R"],"score":243,"play_id":"17cb3ca4-9fde-4916-a21d-9a7bdb894f09","local_time":"20190105142842","is_ascension_mode":true,"campfire_choices":[{"data":"Shockwave","floor":7,"key":"SMITH"},{"floor":15,"key":"REST"},{"floor":23,"key":"REST"}],"neow_cost":"NONE","seed_source_timestamp":12211726664874,"circlet_count":0,"master_deck":["Defend_R","Defend_R","Defend_R","Bash","Berserk","Armaments","Cleave","Shockwave+1","Infernal Blade","Bludgeon","Twin Strike","Limit Break","Flex","Juggernaut","Battle Trance","Battle Trance+1","Pommel Strike"],"relics":["Burning Blood","Gremlin Horn","Champion Belt","Smiling Mask","Dream Catcher","Empty Cage","Nloth\u0027s Gift","Frozen Eye"],"potions_floor_usage":[16,16,16],"damage_taken":[{"damage":5,"enemies":"Jaw Worm","floor":1,"turns":4},{"damage":2,"enemies":"2 Louse","floor":3,"turns":5},{"damage":5,"enemies":"Cultist","floor":4,"turns":4},{"damage":25,"enemies":"Lagavulin","floor":6,"turns":9},{"damage":23,"enemies":"3 Sentries","floor":8,"turns":5},{"damage":26,"enemies":"Lagavulin","floor":10,"turns":7},{"damage":15,"enemies":"Gremlin Nob","floor":12,"turns":3},{"damage":4,"enemies":"Red Slaver","floor":14,"turns":4},{"damage":46,"enemies":"Hexaghost","floor":16,"turns":10},{"damage":36,"enemies":"3 Byrds","floor":18,"turns":5},{"damage":21,"enemies":"Shell Parasite","floor":22,"turns":6},{"damage":35,"enemies":"Centurion and Healer","floor":24,"turns":7},{"damage":35,"enemies":"3 Cultists","floor":25,"turns":5}],"seed_played":"8874437227596087629","potions_obtained":[{"floor":1,"key":"Poison Potion"},{"floor":8,"key":"Weak Potion"},{"floor":10,"key":"PowerPotion"},{"floor":16,"key":"Swift Potion"},{"floor":24,"key":"Explosive Potion"}],"is_trial":false,"path_per_floor":["M","?","M","M","$","E","R","E","T","E","$","E","?","M","R","B",null,"M","?","$","$","M","R","M","M"],"character_chosen":"IRONCLAD","items_purchased":["Frozen Eye"],"campfire_rested":2,"item_purchase_floors":[20],"current_hp_per_floor":[80,85,85,85,85,66,66,49,49,29,29,20,20,22,47,7,85,55,55,55,55,40,65,36,7],"gold":61,"neow_bonus":"ONE_RANDOM_RARE_CARD","is_prod":false,"is_daily":false,"chose_seed":false,"campfire_upgraded":1,"win_rate":0,"timestamp":1546694922,"path_taken":["M","?","M","M","$","E","R","E","T","E","$","E","?","M","R","BOSS","M","?","?","$","M","R","?","M"],"build_version":"2019-01-03v4","purchased_purges":4,"victory":false,"max_hp_per_floor":[80,85,85,85,85,85,85,85,85,85,85,85,85,85,85,85,85,85,85,85,85,85,85,85,85],"card_choices":[{"not_picked":["Second Wind","Burning Pact"],"picked":"Armaments","floor":1},{"not_picked":["Rupture","True Grit"],"picked":"Cleave","floor":3},{"not_picked":["Twin Strike","Cleave"],"picked":"Shockwave","floor":4},{"not_picked":["Twin Strike","Burning Pact"],"picked":"Infernal Blade","floor":6},{"not_picked":["Second Wind","Anger"],"picked":"Bludgeon","floor":8},{"not_picked":["Intimidate","Brutality"],"picked":"Twin Strike","floor":10},{"not_picked":["Clothesline","Thunderclap"],"picked":"Limit Break","floor":12},{"not_picked":["Body Slam","Armaments"],"picked":"Flex","floor":14},{"not_picked":["Fiend Fire","Bludgeon"],"picked":"Juggernaut","floor":16},{"not_picked":["Intimidate+1","Pommel Strike"],"picked":"Battle Trance","floor":18},{"not_picked":["Shockwave","Searing Blow"],"picked":"Battle Trance+1","floor":22},{"not_picked":["Burning Pact","Uppercut"],"picked":"Pommel Strike","floor":24},{"not_picked":["Havoc","Armaments","Infernal Blade"],"picked":"SKIP","floor":25}],"player_experience":113422,"relics_obtained":[{"floor":6,"key":"Gremlin Horn"},{"floor":8,"key":"Champion Belt"},{"floor":9,"key":"Du-Vu Doll"},{"floor":10,"key":"Smiling Mask"},{"floor":12,"key":"Dream Catcher"}],"event_choices":[{"damage_healed":0,"gold_gain":0,"player_choice":"Donut","damage_taken":0,"max_hp_gain":5,"max_hp_loss":0,"event_name":"Big Fish","floor":2,"gold_loss":0},{"damage_healed":0,"gold_gain":71,"player_choice":"Gained Gold","damage_taken":0,"max_hp_gain":0,"max_hp_loss":0,"event_name":"Golden Wing","floor":13,"gold_loss":0},{"damage_healed":0,"gold_gain":0,"player_choice":"Traded Relic","damage_taken":0,"relics_obtained":["Nloth\u0027s Gift"],"max_hp_gain":0,"max_hp_loss":0,"event_name":"N\u0027loth","floor":19,"relics_lost":["Du-Vu Doll"],"gold_loss":0}],"is_beta":false,"boss_relics":[{"not_picked":["Pandora\u0027s Box","Eternal Feather"],"picked":"Empty Cage"}],"items_purged_floors":[5,11,20,21],"is_endless":false,"potions_floor_spawned":[1,8,10,14,16,24],"killed_by":"3 Cultists","ascension_level":1}