{"gold_per_floor":[118,118,134,146,71,104,134,134,179,195,195,214,214,239,239,239],"floor_reached":16,"playtime":2096,"items_purged":["Strike_B"],"score":116,"play_id":"f8b0c021-6819-40ca-a965-2b9e59bbf03f","local_time":"20181226175908","is_ascension_mode":true,"campfire_choices":[{"data":"Go for the Eyes","floor":8,"key":"SMITH"},{"data":"Conserve Battery","floor":13,"key":"SMITH"},{"floor":15,"key":"REST"}],"neow_cost":"TEN_PERCENT_HP_LOSS","seed_source_timestamp":414056648761305,"circlet_count":0,"master_deck":["Defend_B","Defend_B","Defend_B","Defend_B","Zap+1","Dualcast","Chaos+1","White Noise","Cold Snap","Go for the Eyes+1","Hologram+1","Conserve Battery+1","Rebound"],"relics":["Cracked Core","Centennial Puzzle","War Paint","Happy Flower"],"potions_floor_usage":[12,14],"damage_taken":[{"damage":2,"enemies":"Small Slimes","floor":1,"turns":3},{"damage":0,"enemies":"Cultist","floor":3,"turns":2},{"damage":1,"enemies":"2 Louse","floor":4,"turns":3},{"damage":23,"enemies":"Gremlin Nob","floor":6,"turns":5},{"damage":0,"enemies":"Large Slime","floor":10,"turns":6},{"damage":10,"enemies":"Exordium Thugs","floor":12,"turns":4},{"damage":19,"enemies":"3 Sentries","floor":14,"turns":15},{"damage":26,"enemies":"Slime Boss","floor":16,"turns":10}],"seed_played":"-1358039501096332216","potions_obtained":[{"floor":4,"key":"Dexterity Potion"},{"floor":6,"key":"AttackPotion"},{"floor":12,"key":"FearPotion"}],"is_trial":false,"path_per_floor":["M","?","M","M","$","E","?","R","T","M","?","M","R","E","R","B"],"character_chosen":"DEFECT","items_purchased":[],"campfire_rested":1,"item_purchase_floors":[],"current_hp_per_floor":[66,66,66,65,65,42,42,42,42,42,35,25,25,6,26,0],"gold":239,"neow_bonus":"TRANSFORM_TWO_CARDS","is_prod":false,"is_daily":false,"chose_seed":false,"campfire_upgraded":2,"win_rate":0,"timestamp":1545859748,"path_taken":["M","?","M","M","?","E","?","R","T","M","?","?","R","E","R","BOSS"],"build_version":"2018-12-20","purchased_purges":1,"victory":false,"max_hp_per_floor":[68,68,68,68,68,68,68,68,68,68,68,68,68,68,68,68],"card_choices":[{"not_picked":["Tempest","Double Energy"],"picked":"Cold Snap","floor":1},{"not_picked":["Scrape","Darkness"],"picked":"Go for the Eyes","floor":3},{"not_picked":["Beam Cell","Rip and Tear","Leap"],"picked":"SKIP","floor":4},{"not_picked":["Blizzard","Sweeping Beam"],"picked":"Hologram","floor":6},{"not_picked":["Beam Cell","Go for the Eyes","Leap"],"picked":"SKIP","floor":10},{"not_picked":["Hello World","Stack"],"picked":"Conserve Battery","floor":12},{"not_picked":["Defragment","Darkness"],"picked":"Rebound","floor":14}],"player_experience":43368,"relics_obtained":[{"floor":6,"key":"Centennial Puzzle"},{"floor":14,"key":"Happy Flower"}],"event_choices":[{"damage_healed":0,"gold_gain":0,"player_choice":"Upgraded","damage_taken":0,"max_hp_gain":0,"max_hp_loss":0,"event_name":"Upgrade Shrine","floor":2,"gold_loss":0,"cards_upgraded":["Chaos"]},{"damage_healed":0,"gold_gain":30,"player_choice":"Searched \u00273\u0027 times","damage_taken":0,"relics_obtained":["War Paint"],"max_hp_gain":0,"max_hp_loss":0,"event_name":"Dead Adventurer","floor":7,"gold_loss":0},{"cards_removed":["Strike_B"],"damage_healed":0,"gold_gain":0,"player_choice":"Card Removal","damage_taken":7,"max_hp_gain":0,"max_hp_loss":0,"event_name":"Golden Wing","floor":11,"gold_loss":0}],"is_beta":false,"boss_relics":[],"items_purged_floors":[5],"is_endless":false,"potions_floor_spawned":[4,6,12],"killed_by":"Slime Boss","ascension_level":1}