{"gold_per_floor":[109,122,135,21,41,68,68,68,124,124,143,93,93,112,112,242,242,255,121,46,46,46],"floor_reached":22,"playtime":1741,"items_purged":["Strike_G","Defend_G"],"score":184,"play_id":"972c2136-d496-4fd9-9b07-8602461b03bb","local_time":"20190202175541","is_ascension_mode":false,"campfire_choices":[{"floor":7,"key":"REST"},{"floor":13,"key":"REST"},{"floor":15,"key":"REST"}],"neow_cost":"TEN_PERCENT_HP_LOSS","seed_source_timestamp":252519441635656,"circlet_count":0,"master_deck":["Defend_G","Defend_G","Defend_G","Survivor","Neutralize","Corpse Explosion","Backflip","Footwork","Dagger Throw","Envenom","Setup","Night Terror","Outmaneuver+1","Wraith Form v2+1","Unload+1","Cloak And Dagger","Well Laid Plans","Shame"],"relics":["Ring of the Snake","Snake Skull","Golden Idol","Tiny Chest","Astrolabe","Bag of Preparation"],"potions_floor_usage":[],"damage_taken":[{"damage":1,"enemies":"Cultist","floor":1,"turns":4},{"damage":0,"enemies":"2 Louse","floor":2,"turns":2},{"damage":4,"enemies":"Small Slimes","floor":3,"turns":3},{"damage":5,"enemies":"3 Louse","floor":5,"turns":3},{"damage":34,"enemies":"3 Sentries","floor":6,"turns":5},{"damage":3,"enemies":"Looter","floor":11,"turns":4},{"damage":3,"enemies":"Large Slime","floor":14,"turns":6},{"damage":24,"enemies":"Hexaghost","floor":16,"turns":10},{"damage":26,"enemies":"Shell Parasite","floor":18,"turns":7},{"damage":41,"enemies":"Spheric Guardian","floor":22,"turns":5}],"seed_played":"5203134013974242414","potions_obtained":[{"floor":11,"key":"PowerPotion"},{"floor":16,"key":"Poison Potion"}],"is_trial":false,"path_per_floor":["M","M","M","$","M","E","R","?","T","?","M","?","R","M","R","B",null,"M","$","?","?","M"],"character_chosen":"THE_SILENT","items_purchased":["Footwork","Well Laid Plans"],"campfire_rested":3,"item_purchase_floors":[4,19],"current_hp_per_floor":[62,62,58,58,53,19,37,22,22,22,19,19,37,34,52,28,63,37,37,37,37,0],"gold":46,"neow_bonus":"THREE_RARE_CARDS","is_prod":false,"is_daily":false,"chose_seed":false,"campfire_upgraded":0,"win_rate":0,"timestamp":1549158941,"path_taken":["M","M","M","$","M","E","R","?","T","?","?","?","R","M","R","BOSS","M","$","?","?","M"],"build_version":"2019-01-23","purchased_purges":2,"victory":false,"max_hp_per_floor":[63,63,63,63,63,63,63,63,63,63,63,63,63,63,63,63,63,63,63,63,63,63],"card_choices":[{"not_picked":["Venomology","Wraith Form v2"],"picked":"Corpse Explosion","floor":0},{"not_picked":["Acrobatics","Flying Knee"],"picked":"Backflip","floor":1},{"not_picked":["Skewer","Bane","Sucker Punch"],"picked":"SKIP","floor":2},{"not_picked":["Slice","Outmaneuver","Blade Dance"],"picked":"SKIP","floor":3},{"not_picked":["Slice","Quick Slash","Bullet Time"],"picked":"SKIP","floor":5},{"not_picked":["Quick Slash","Outmaneuver","Sucker Punch"],"picked":"SKIP","floor":6},{"not_picked":["Sucker Punch","Dodge and Roll","Dagger Throw"],"picked":"SKIP","floor":11},{"not_picked":["Bane","Acrobatics","Blade Dance"],"picked":"SKIP","floor":14},{"not_picked":["Grand Finale","Tools of the Trade"],"picked":"Night Terror","floor":16},{"not_picked":["Blade Dance+1","Bane"],"picked":"Cloak And Dagger","floor":18}],"player_experience":178345,"relics_obtained":[{"floor":6,"key":"Snake Skull"},{"floor":9,"key":"Tiny Chest"}],"event_choices":[{"damage_healed":0,"gold_gain":0,"player_choice":"Take Damage","damage_taken":15,"relics_obtained":["Golden Idol"],"max_hp_gain":0,"max_hp_loss":0,"event_name":"Golden Idol","floor":8,"gold_loss":0},{"damage_healed":0,"gold_gain":0,"player_choice":"3 cards matched","damage_taken":0,"max_hp_gain":0,"max_hp_loss":0,"event_name":"Match and Keep!","floor":10,"gold_loss":0,"cards_obtained":["Dagger Throw","Envenom","Setup"]},{"cards_removed":["Strike_G"],"damage_healed":0,"gold_gain":0,"player_choice":"Card Removal","damage_taken":0,"max_hp_gain":0,"max_hp_loss":0,"event_name":"The Cleric","floor":12,"gold_loss":50},{"cards_removed":["Strike_G"],"damage_healed":0,"gold_gain":0,"player_choice":"Gave Gold","damage_taken":0,"max_hp_gain":0,"max_hp_loss":0,"event_name":"Beggar","floor":20,"gold_loss":75},{"damage_healed":0,"gold_gain":0,"player_choice":"Stole Relic","damage_taken":0,"relics_obtained":["Bag of Preparation"],"max_hp_gain":0,"max_hp_loss":0,"event_name":"Addict","floor":21,"gold_loss":0,"cards_obtained":["Shame"]}],"is_beta":false,"boss_relics":[{"not_picked":["Calling Bell","Tiny House"],"picked":"Astrolabe"}],"items_purged_floors":[4,19],"is_endless":false,"potions_floor_spawned":[11,16],"killed_by":"Spheric Guardian","ascension_level":0}