{"gold_per_floor":[11,11,24,38,53,53,65,95,95,20,20,76,76,76,76,155,155,167,67,86,136,136,136,148,159,184,184],"floor_reached":27,"playtime":742,"items_purged":["Strike_R","Strike_R"],"score":405,"play_id":"6b45f16d-d7d5-467c-8a11-1e85fc823983","local_time":"20190104020126","is_ascension_mode":true,"campfire_choices":[{"data":"Bludgeon","floor":6,"key":"SMITH"},{"data":"Spot Weakness","floor":11,"key":"SMITH"},{"data":"Bash","floor":15,"key":"SMITH"},{"data":"Impervious","floor":23,"key":"SMITH"}],"neow_cost":"NO_GOLD","seed_source_timestamp":2341216315138709,"circlet_count":0,"master_deck":["AscendersBane","Strike_R+1","Strike_R","Strike_R","Defend_R","Defend_R","Defend_R","Defend_R+1","Bash+1","Juggernaut+1","Shrug It Off","Spot Weakness+1","Bludgeon+1","Impervious+1","Ghostly Armor"],"relics":["Burning Blood","Pear","Red Skull","Sozu","Nloth\u0027s Gift","Dream Catcher"],"potions_floor_usage":[5,20],"damage_taken":[{"damage":7,"enemies":"Cultist","floor":1,"turns":4},{"damage":2,"enemies":"2 Louse","floor":3,"turns":3},{"damage":16,"enemies":"Small Slimes","floor":4,"turns":4},{"damage":25,"enemies":"3 Louse","floor":5,"turns":4},{"damage":6,"enemies":"Looter","floor":7,"turns":3},{"damage":8,"enemies":"Gremlin Nob","floor":8,"turns":3},{"damage":3,"enemies":"Gremlin Nob","floor":12,"turns":3},{"damage":38,"enemies":"Slime Boss","floor":16,"turns":9},{"damage":16,"enemies":"Shell Parasite","floor":18,"turns":3},{"damage":2,"enemies":"Chosen","floor":20,"turns":3},{"damage":0,"enemies":"Centurion and Healer","floor":24,"turns":6},{"damage":40,"enemies":"3 Cultists","floor":25,"turns":6},{"damage":41,"enemies":"Slavers","floor":27,"turns":8}],"seed_played":"4996121385758280269","potions_obtained":[{"floor":1,"key":"Regen Potion"},{"floor":5,"key":"Explosive Potion"},{"floor":8,"key":"GamblersBrew"}],"is_trial":false,"path_per_floor":["M","?","M","M","M","R","M","E","T","$","R","?","?","?","R","B",null,"M","$","M","?","?","R","M","M","T","E"],"character_chosen":"IRONCLAD","items_purchased":[],"campfire_rested":0,"item_purchase_floors":[],"current_hp_per_floor":[67,67,71,61,51,51,51,59,59,59,59,62,36,64,64,32,72,62,62,66,66,66,66,72,38,38,0],"gold":184,"neow_bonus":"THREE_RARE_CARDS","is_prod":false,"is_daily":false,"chose_seed":false,"campfire_upgraded":4,"win_rate":0,"timestamp":1546563686,"path_taken":["M","?","M","M","M","R","?","E","T","$","R","?","?","?","R","BOSS","M","$","M","?","?","R","M","?","T","E"],"build_version":"2018-12-20","purchased_purges":2,"victory":false,"max_hp_per_floor":[75,75,75,75,75,75,75,85,85,85,85,85,85,85,85,85,85,85,85,85,85,85,85,85,85,85,85],"card_choices":[{"not_picked":["Reaper","Brutality"],"picked":"Juggernaut","floor":0},{"not_picked":["Reckless Charge","Wild Strike","Thunderclap"],"picked":"SKIP","floor":1},{"not_picked":["Heavy Blade","Sever Soul"],"picked":"Shrug It Off","floor":3},{"not_picked":["Pommel Strike","Dropkick"],"picked":"Spot Weakness","floor":4},{"not_picked":["Combust","Perfected Strike"],"picked":"Bludgeon","floor":5},{"not_picked":["Cleave","Seeing Red","Perfected Strike"],"picked":"SKIP","floor":7},{"not_picked":["Dual Wield","Warcry","Combust"],"picked":"SKIP","floor":8},{"not_picked":["Bludgeon","Brutality"],"picked":"Impervious","floor":16},{"not_picked":["Dual Wield","Heavy Blade","Cleave"],"picked":"SKIP","floor":18},{"not_picked":["Rage+1","Anger","Perfected Strike+1"],"picked":"SKIP","floor":20},{"not_picked":["Armaments","Cleave+1"],"picked":"Ghostly Armor","floor":24},{"not_picked":["Uppercut","Body Slam","Seeing Red"],"picked":"SKIP","floor":25}],"player_experience":672080,"relics_obtained":[{"floor":8,"key":"Pear"},{"floor":9,"key":"Red Skull"},{"floor":12,"key":"Juzu Bracelet"},{"floor":26,"key":"Dream Catcher"}],"event_choices":[{"damage_healed":0,"gold_gain":0,"player_choice":"Upgraded","damage_taken":0,"max_hp_gain":0,"max_hp_loss":0,"event_name":"Upgrade Shrine","floor":2,"gold_loss":0,"cards_upgraded":["Juggernaut"]},{"damage_healed":0,"gold_gain":0,"player_choice":"Searched \u00271\u0027 times","damage_taken":0,"max_hp_gain":0,"max_hp_loss":0,"event_name":"Dead Adventurer","floor":12,"gold_loss":0},{"damage_healed":0,"gold_gain":0,"player_choice":"Entered Light","damage_taken":26,"max_hp_gain":0,"max_hp_loss":0,"event_name":"Shining Light","floor":13,"gold_loss":0,"cards_upgraded":["Strike_R","Defend_R"]},{"damage_healed":28,"gold_gain":0,"player_choice":"Banana","damage_taken":0,"max_hp_gain":0,"max_hp_loss":0,"event_name":"Big Fish","floor":14,"gold_loss":0},{"damage_healed":0,"gold_gain":50,"player_choice":"Stole From Cult","damage_taken":0,"max_hp_gain":0,"max_hp_loss":0,"event_name":"Nest","floor":21,"gold_loss":0},{"damage_healed":0,"gold_gain":0,"player_choice":"Traded Relic","damage_taken":0,"relics_obtained":["Nloth\u0027s Gift"],"max_hp_gain":0,"max_hp_loss":0,"event_name":"N\u0027loth","floor":22,"relics_lost":["Juzu Bracelet"],"gold_loss":0}],"is_beta":false,"boss_relics":[{"not_picked":["Eternal Feather","Velvet Choker"],"picked":"Sozu"}],"items_purged_floors":[10,19],"is_endless":false,"potions_floor_spawned":[1,5,8,12,16,20,24,25],"killed_by":"Slavers","ascension_level":18}