{"gold_per_floor":[109,121,9,19,34,69,69,81,134,144,178,178,191,202,202,303,303,314,331,331,345,345,372,372,390,415,73,73,91,111,123,123,123],"floor_reached":33,"playtime":1693,"items_purged":["Strike_B"],"score":285,"play_id":"cf1805b9-a380-4827-b513-337c0980e129","local_time":"20180911205341","is_ascension_mode":false,"campfire_choices":[{"floor":7,"key":"REST"},{"floor":15,"key":"REST"},{"data":"Consume","floor":24,"key":"SMITH"},{"data":"Loop","floor":32,"key":"SMITH"}],"neow_cost":"","seed_source_timestamp":525667550455475,"circlet_count":0,"master_deck":["Strike_B","Strike_B","Defend_B","Defend_B","Defend_B","Defend_B","Zap","Dualcast","Sweeping Beam","Defragment+1","Conserve Battery","Capacitor","Electrodynamics","Genetic Algorithm","Loop+1","Consume+1","Amplify","Self Repair","Conserve Battery","Ball Lightning","Recycle","Storm+1","Redo+1","Lockon+1","Leap+1"],"relics":["Cracked Core","Incense Burner","Bronze Scales","Mummified Hand","Nuclear Battery","Smiling Mask","Ancient Tea Set","Frozen Egg 2"],"potions_floor_usage":[10,23],"damage_taken":[{"damage":1,"enemies":"Cultist","floor":1,"turns":3},{"damage":0,"enemies":"2 Louse","floor":2,"turns":2},{"damage":0,"enemies":"Small Slimes","floor":4,"turns":3},{"damage":30,"enemies":"3 Louse","floor":5,"turns":3},{"damage":30,"enemies":"3 Sentries","floor":6,"turns":8},{"damage":0,"enemies":"Exordium Wildlife","floor":8,"turns":2},{"damage":0,"enemies":"2 Fungi Beasts","floor":10,"turns":2},{"damage":8,"enemies":"Lagavulin","floor":11,"turns":6},{"damage":5,"enemies":"Large Slime","floor":13,"turns":4},{"damage":0,"enemies":"Looter","floor":14,"turns":2},{"damage":23,"enemies":"The Guardian","floor":16,"turns":8},{"damage":15,"enemies":"Spheric Guardian","floor":18,"turns":4},{"damage":17,"enemies":"Chosen","floor":19,"turns":5},{"damage":8,"enemies":"Centurion and Healer","floor":21,"turns":5},{"damage":17,"enemies":"Book of Stabbing","floor":23,"turns":6},{"damage":8,"enemies":"Cultist and Chosen","floor":25,"turns":4},{"damage":2,"enemies":"Chosen and Byrds","floor":29,"turns":4},{"damage":14,"enemies":"Sentry and Sphere","floor":30,"turns":5},{"damage":0,"enemies":"Cultist and Chosen","floor":31,"turns":4},{"damage":60,"enemies":"Champ","floor":33,"turns":7}],"seed_played":"8657607044043585617","potions_obtained":[{"floor":5,"key":"SpeedPotion"},{"floor":6,"key":"AttackPotion"},{"floor":10,"key":"Energy Potion"},{"floor":14,"key":"Dexterity Potion"},{"floor":16,"key":"Block Potion"},{"floor":25,"key":"SpeedPotion"}],"is_trial":false,"path_per_floor":["M","M","$","M","M","E","R","M","T","M","E","?","M","M","R","B",null,"M","M","?","M","?","E","R","M","T","$","?","M","M","M","R"],"character_chosen":"DEFECT","items_purchased":["Defragment","Conserve Battery","Frozen Egg 2","Storm+1"],"campfire_rested":2,"item_purchase_floors":[3,3,27,27],"current_hp_per_floor":[74,74,74,74,44,14,36,36,36,36,28,28,23,23,45,22,75,60,50,50,49,49,39,39,45,45,45,45,50,36,50,50,0],"gold":123,"neow_bonus":"","is_prod":false,"is_daily":false,"chose_seed":false,"campfire_upgraded":2,"win_rate":0,"timestamp":1536692021,"path_taken":["M","M","$","M","?","E","R","M","T","M","E","?","?","M","R","BOSS","M","M","?","M","?","E","R","M","T","$","?","?","?","M","R","BOSS"],"build_version":"2018-09-06","purchased_purges":1,"victory":false,"max_hp_per_floor":[75,75,75,75,75,75,75,75,75,75,75,75,75,75,75,75,75,75,75,75,75,75,75,75,75,75,75,75,75,75,75,75,75],"card_choices":[{"not_picked":["Turbo","Barrage"],"picked":"Sweeping Beam","floor":1},{"not_picked":["Barrage","Aggregate","Go for the Eyes"],"picked":"SKIP","floor":2},{"not_picked":["Auto Shields","Compile Driver","Streamline"],"picked":"SKIP","floor":4},{"not_picked":["Leap","Chill"],"picked":"Capacitor","floor":5},{"not_picked":["Sweeping Beam","Barrage"],"picked":"Electrodynamics","floor":6},{"not_picked":["Turbo","Cold Snap","Redo"],"picked":"SKIP","floor":8},{"not_picked":["White Noise","Compile Driver"],"picked":"Genetic Algorithm","floor":10},{"not_picked":["Barrage","Auto Shields","Go for the Eyes"],"picked":"SKIP","floor":11},{"not_picked":["Doom and Gloom","Compile Driver"],"picked":"Loop","floor":13},{"not_picked":["Coolheaded","Leap"],"picked":"Consume","floor":14},{"not_picked":["Rainbow","Meteor Strike"],"picked":"Amplify","floor":16},{"not_picked":["Glacier","Coolheaded"],"picked":"Self Repair","floor":18},{"not_picked":["Barrage","Gash+1"],"picked":"Conserve Battery","floor":19},{"not_picked":["Auto Shields","Genetic Algorithm","Meteor Strike"],"picked":"SKIP","floor":21},{"not_picked":["Auto Shields","Rebound"],"picked":"Ball Lightning","floor":23},{"not_picked":["Rebound","Hello World"],"picked":"Recycle","floor":25},{"not_picked":["Coolheaded","Cold Snap"],"picked":"Redo+1","floor":29},{"not_picked":["Doom and Gloom","Reinforced Body+1"],"picked":"Lockon+1","floor":30},{"not_picked":["Ball Lightning+1","Genetic Algorithm"],"picked":"Leap+1","floor":31}],"player_experience":501299,"relics_obtained":[{"floor":6,"key":"Incense Burner"},{"floor":9,"key":"Bronze Scales"},{"floor":11,"key":"Mummified Hand"},{"floor":23,"key":"Smiling Mask"},{"floor":26,"key":"Ancient Tea Set"}],"event_choices":[{"event_name":"Upgrade Shrine","player_choice":"Upgraded","floor":12,"damage_taken":0},{"event_name":"Back to Basics","player_choice":"Elegance","floor":20,"damage_taken":0},{"event_name":"Vampires","player_choice":"Ignored","floor":22,"damage_taken":0},{"event_name":"Beggar","player_choice":"Ignored","floor":28,"damage_taken":0}],"is_beta":false,"boss_relics":[{"not_picked":["Sozu","Eternal Feather"],"picked":"Nuclear Battery"}],"items_purged_floors":[27],"is_endless":false,"potions_floor_spawned":[5,6,10,14,16,18,25,31],"killed_by":"Champ","ascension_level":0}