{"gold_per_floor":[109,123,139,159,177,206,206,238,290,290,301,315,12,12,12,114,114,131,131,150,150,21,78,78,91,116,126,126],"floor_reached":28,"playtime":1432,"items_purged":[],"score":390,"play_id":"0fe57405-3888-4f86-a341-5335ed84dfb5","local_time":"20190103232014","is_ascension_mode":true,"campfire_choices":[{"floor":7.0,"key":"REST"},{"data":"Neutralize","floor":15.0,"key":"SMITH"},{"floor":24.0,"key":"REST"}],"neow_cost":"NONE","seed_source_timestamp":1291338819725747,"circlet_count":0,"master_deck":["Defend_G","Defend_G","Defend_G","Defend_G","Defend_G","Strike_G","Strike_G","Strike_G","Survivor","Neutralize+1","Backflip","Backflip","Flying Knee","Flying Knee","Quick Slash","After Image","Cloak And Dagger","Backflip","Bouncing Flask","Corpse Explosion","Poisoned Stab","Flying Knee","Footwork","Sucker Punch","Dodge and Roll+1","Flying Knee"],"special_seed":0,"relics":["Ring of the Snake","Pen Nib","Centennial Puzzle","Oddly Smooth Stone","Ancient Tea Set","Shuriken","Empty Cage","Darkstone Periapt","Tiny Chest","Bag of Marbles"],"potions_floor_usage":[27],"damage_taken":[{"damage":7.0,"enemies":"Jaw Worm","floor":1.0,"turns":4.0},{"damage":1.0,"enemies":"Cultist","floor":2.0,"turns":4.0},{"damage":0.0,"enemies":"Small Slimes","floor":3.0,"turns":4.0},{"damage":11.0,"enemies":"Exordium Thugs","floor":4.0,"turns":7.0},{"damage":4.0,"enemies":"Large Slime","floor":5.0,"turns":9.0},{"damage":36.0,"enemies":"Lagavulin","floor":6.0,"turns":12.0},{"damage":17.0,"enemies":"3 Sentries","floor":8.0,"turns":10.0},{"damage":5.0,"enemies":"3 Louse","floor":11.0,"turns":6.0},{"damage":2.0,"enemies":"Blue Slaver","floor":12.0,"turns":4.0},{"damage":1.0,"enemies":"Slime Boss","floor":16.0,"turns":5.0},{"damage":4.0,"enemies":"Shell Parasite","floor":18.0,"turns":6.0},{"damage":22.0,"enemies":"Spheric Guardian","floor":20.0,"turns":5.0},{"damage":46.0,"enemies":"Slavers","floor":23.0,"turns":6.0},{"damage":0.0,"enemies":"Centurion and Healer","floor":25.0,"turns":6.0},{"damage":10,"enemies":"Shelled Parasite and Fungi","floor":27,"turns":8},{"damage":15,"enemies":"Gremlin Leader","floor":28,"turns":1}],"seed_played":"9002617184563491267","potions_obtained":[{"floor":2.0,"key":"Fire Potion"},{"floor":3.0,"key":"Block Potion"},{"floor":4.0,"key":"Dexterity Potion"},{"floor":11.0,"key":"Dexterity Potion"},{"floor":12.0,"key":"AttackPotion"},{"floor":20.0,"key":"Poison Potion"}],"is_trial":false,"path_per_floor":["M","M","M","M","M","E","R","E","T","?","M","M","$","?","R","B",null,"M","?","M","?","$","E","R","M","T","M","E"],"character_chosen":"THE_SILENT","items_purchased":["Shuriken","Strength Potion","Footwork","Sucker Punch"],"campfire_rested":2,"item_purchase_floors":[13,13,22,22],"current_hp_per_floor":[56,55,55,44,40,4,25,8,8,70,65,63,63,63,63,62,68,64,70,48,48,48,2,24,24,24,14,0],"gold":126,"neow_bonus":"RANDOM_COMMON_RELIC","is_prod":false,"is_daily":false,"chose_seed":false,"campfire_upgraded":1,"win_rate":0,"timestamp":1546586414,"path_taken":["M","M","M","M","M","E","R","E","T","?","M","?","$","?","R","BOSS","M","?","M","?","$","E","R","M","T","M","E"],"build_version":"2019-01-03v3","purchased_purges":0,"victory":false,"max_hp_per_floor":[70,70,70,70,70,70,70,70,70,70,70,70,70,70,70,70,70,70,76,76,76,76,76,76,76,76,76,76],"card_choices":[{"not_picked":["Acrobatics","Well Laid Plans"],"picked":"Predator","floor":1.0},{"not_picked":["Sucker Punch","Poisoned Stab"],"picked":"Backflip","floor":2.0},{"not_picked":["Skewer","Riddle With Holes"],"picked":"Backflip","floor":3.0},{"not_picked":["Underhanded Strike","Bullet Time"],"picked":"Flying Knee","floor":4.0},{"not_picked":["Predator","Eviscerate"],"picked":"Flying Knee","floor":5.0},{"not_picked":["Accuracy","Flying Knee"],"picked":"Quick Slash","floor":6.0},{"not_picked":["Blade Dance","Underhanded Strike"],"picked":"After Image","floor":8.0},{"not_picked":["Endless Agony","Quick Slash"],"picked":"Cloak And Dagger","floor":11.0},{"not_picked":["Outmaneuver","Dagger Throw"],"picked":"Backflip","floor":12.0},{"not_picked":["A Thousand Cuts","Burst"],"picked":"Corpse Explosion","floor":16.0},{"not_picked":["Choke","Underhanded Strike"],"picked":"Poisoned Stab","floor":18.0},{"not_picked":["Terror","Slice"],"picked":"Flying Knee","floor":20.0},{"not_picked":["Envenom","Blade Dance+1"],"picked":"Dodge and Roll+1","floor":23.0},{"not_picked":["Dodge and Roll","Backstab"],"picked":"Flying Knee","floor":25.0},{"not_picked":["Endless Agony","Masterful Stab","Slice"],"picked":"SKIP","floor":27}],"player_experience":265784,"relics_obtained":[{"floor":6.0,"key":"Centennial Puzzle"},{"floor":8.0,"key":"Oddly Smooth Stone"},{"floor":9.0,"key":"Ancient Tea Set"},{"floor":23.0,"key":"Tiny Chest"},{"floor":26.0,"key":"Bag of Marbles"}],"event_choices":[{"cards_removed":["Predator"],"damage_healed":62.0,"max_hp_gain":0.0,"max_hp_loss":0.0,"gold_gain":0.0,"event_name":"Bonfire Elementals","player_choice":"Offered Uncommon","floor":10.0,"gold_loss":0.0,"damage_taken":0.0},{"damage_healed":0.0,"max_hp_gain":0.0,"max_hp_loss":0.0,"gold_gain":0.0,"event_name":"Match and Keep!","player_choice":"1 cards matched","floor":14.0,"gold_loss":0.0,"damage_taken":0.0,"cards_obtained":["Bouncing Flask"]},{"damage_healed":0.0,"max_hp_gain":0.0,"max_hp_loss":0.0,"gold_gain":0.0,"event_name":"Addict","player_choice":"Stole Relic","floor":19.0,"gold_loss":0.0,"damage_taken":0.0,"relics_obtained":["Darkstone Periapt"],"cards_obtained":["Shame"]},{"cards_removed":["Shame"],"damage_healed":0.0,"max_hp_gain":0.0,"max_hp_loss":0.0,"gold_gain":0.0,"event_name":"Back to Basics","player_choice":"Elegance","floor":21.0,"gold_loss":0.0,"damage_taken":0.0}],"is_beta":false,"boss_relics":[{"not_picked":["Lizard Tail","Ectoplasm"],"picked":"Empty Cage"}],"items_purged_floors":[],"is_endless":false,"potions_floor_spawned":[2,3,4,11,12,20],"killed_by":"Gremlin Leader","ascension_level":9}