{"gold_per_floor":[118,43,43,61,61,91,101,101,151,161,161,161,174,193,193,289,289,309,209,209,227,241,241,254,254,279,290,306,306,36,56,56,56],"floor_reached":33,"playtime":2009,"items_purged":["Strike_G","Defend_G","Defend_G"],"score":251,"play_id":"0a175842-5ce4-4b62-b4ed-2806cffccd74","local_time":"20180726213853","is_ascension_mode":false,"campfire_choices":[{"floor":8.0,"key":"REST"},{"floor":12.0,"key":"REST"},{"data":"Noxious Fumes","floor":15.0,"key":"SMITH"},{"floor":23.0,"key":"REST"},{"floor":25.0,"key":"REST"},{"floor":29.0,"key":"REST"},{"floor":32,"key":"REST"}],"neow_cost":"","seed_source_timestamp":0,"circlet_count":0,"master_deck":["Defend_G","Defend_G","Defend_G","Strike_G","Strike_G","Survivor","Neutralize","Backstab","Prepared","Tactician","Prepared","Deadly Poison","Noxious Fumes+1","Crippling Poison","Backflip","Corpse Explosion","Dash","Bane+1","Poisoned Stab","Well Laid Plans"],"special_seed":0,"relics":["Ring of the Snake","Happy Flower","Potion Belt","Orrery","Pen Nib","Snake Skull"],"potions_floor_usage":[33,33],"damage_taken":[{"damage":4.0,"enemies":"Jaw Worm","floor":1.0,"turns":6.0},{"damage":0.0,"enemies":"Cultist","floor":4.0,"turns":5.0},{"damage":37.0,"enemies":"3 Sentries","floor":6.0,"turns":15.0},{"damage":0.0,"enemies":"2 Louse","floor":7.0,"turns":1.0},{"damage":0.0,"enemies":"Looter","floor":10.0,"turns":3.0},{"damage":0.0,"enemies":"Red Slaver","floor":13.0,"turns":3.0},{"damage":0.0,"enemies":"Blue Slaver","floor":14.0,"turns":3.0},{"damage":37.0,"enemies":"The Guardian","floor":16.0,"turns":11.0},{"damage":11.0,"enemies":"Spheric Guardian","floor":18.0,"turns":4.0},{"damage":7.0,"enemies":"Chosen","floor":21.0,"turns":4.0},{"damage":15.0,"enemies":"Centurion and Healer","floor":22.0,"turns":5.0},{"damage":11.0,"enemies":"3 Cultists","floor":24.0,"turns":3.0},{"damage":32.0,"enemies":"Cultist and Chosen","floor":27.0,"turns":7.0},{"damage":14.0,"enemies":"Centurion and Healer","floor":28.0,"turns":5.0},{"damage":12.0,"enemies":"Chosen and Byrds","floor":31.0,"turns":5.0},{"damage":61,"enemies":"Collector","floor":33,"turns":5}],"seed_played":"7489886977308101409","potions_obtained":[{"floor":6.0,"key":"Poison Potion"},{"floor":10.0,"key":"Strength Potion"},{"floor":16.0,"key":"SteroidPotion"},{"floor":18.0,"key":"GamblersBrew"},{"floor":27.0,"key":"Fire Potion"}],"is_trial":false,"path_per_floor":["M","$","?","M","$","E","M","R","T","M","?","R","M","M","R","B",null,"M","$","?","M","M","R","M","R","T","M","M","R","$","M","R"],"character_chosen":"THE_SILENT","items_purchased":["Snake Skull"],"campfire_rested":6,"item_purchase_floors":[30],"current_hp_per_floor":[66,66,66,66,66,29,29,50,50,50,43,64,64,64,64,27,70,59,59,59,52,37,58,47,68,68,36,22,43,43,31,52,0],"gold":56,"neow_bonus":"","is_prod":false,"is_daily":false,"chose_seed":false,"campfire_upgraded":1,"win_rate":0.0,"timestamp":1532612333,"path_taken":["M","$","?","M","$","E","M","R","T","M","?","R","M","M","R","BOSS","M","$","?","M","M","R","M","R","T","M","M","R","$","M","R","BOSS"],"build_version":"2018-07-19v2","purchased_purges":3,"victory":false,"max_hp_per_floor":[70,70,70,70,70,70,70,70,70,70,70,70,70,70,70,70,70,70,70,70,70,70,70,70,70,70,70,70,70,70,70,70,70],"card_choices":[{"not_picked":["Deadly Poison","Flying Knee"],"picked":"Backstab","floor":1.0},{"not_picked":["Blur","Noxious Fumes"],"picked":"Prepared","floor":4.0},{"not_picked":["Choke","Deflect"],"picked":"Tactician","floor":6.0},{"not_picked":["Tactician","Distraction"],"picked":"Prepared","floor":7.0},{"not_picked":["PiercingWail","Outmaneuver"],"picked":"Deadly Poison","floor":10.0},{"not_picked":["Caltrops","Poisoned Stab"],"picked":"Noxious Fumes","floor":13.0},{"not_picked":["Quick Slash","Flying Knee","Sucker Punch"],"picked":"SKIP","floor":14.0},{"not_picked":["Sucker Punch","Deflect"],"picked":"Crippling Poison","floor":17.0},{"not_picked":["Dagger Spray","Escape Plan"],"picked":"Backflip","floor":17.0},{"not_picked":["Well Laid Plans","Prepared"],"picked":"Corpse Explosion","floor":17.0},{"not_picked":["Prepared","Deadly Poison"],"picked":"Dash","floor":17.0},{"not_picked":["All Out Attack","Noxious Fumes"],"picked":"Bane+1","floor":18.0},{"not_picked":["Acrobatics","Leg Sweep"],"picked":"Poisoned Stab","floor":21.0},{"not_picked":["Quick Slash","Bouncing Flask","Finisher"],"picked":"SKIP","floor":22.0},{"not_picked":["A Thousand Cuts","Choke","Blur"],"picked":"SKIP","floor":24.0},{"not_picked":["Quick Slash+1","Dagger Spray","Sucker Punch"],"picked":"SKIP","floor":27.0},{"not_picked":["Dagger Throw","Blade Dance"],"picked":"Well Laid Plans","floor":28.0},{"not_picked":["Outmaneuver","Acrobatics","Dagger Throw"],"picked":"SKIP","floor":31.0}],"player_experience":84463,"relics_obtained":[{"floor":6.0,"key":"Happy Flower"},{"floor":9.0,"key":"Potion Belt"},{"floor":26.0,"key":"Pen Nib"}],"event_choices":[{"event_name":"Bonfire Elementals","player_choice":"BASIC","floor":3.0,"damage_taken":0.0},{"event_name":"Golden Wing","player_choice":"Card Removal","floor":11.0,"damage_taken":0.0},{"event_name":"Drug Dealer","player_choice":"Ignored","floor":20.0,"damage_taken":0.0}],"is_beta":false,"boss_relics":[{"not_picked":["Busted Crown","WristBlade"],"picked":"Orrery"}],"items_purged_floors":[2,19,30],"is_endless":false,"potions_floor_spawned":[6,10,16,18,27],"killed_by":"Collector","ascension_level":0}