{"gold_per_floor":[118,29,29,29,45,45,45,72,95,42,142,176,176,207,207,207],"floor_reached":16,"playtime":600,"items_purged":[],"score":202,"play_id":"b47f75ce-9336-4ee9-8ce3-3320964132dc","local_time":"20190127123030","is_ascension_mode":true,"campfire_choices":[{"data":"Bash","floor":7,"key":"SMITH"},{"data":"Clothesline","floor":13,"key":"SMITH"},{"floor":15,"key":"REST"}],"neow_cost":"NONE","seed_source_timestamp":230518675377900,"circlet_count":0,"master_deck":["Strike_R","Strike_R","Strike_R","Defend_R","Defend_R","Defend_R","Defend_R","Bash+1","Warcry","Flame Barrier","Shrug It Off","Pummel","Clothesline+1","Flame Barrier","Whirlwind"],"relics":["Burning Blood","NeowsBlessing","Omamori","Juzu Bracelet","Blood Vial","Sundial","Dodecahedron","Singing Bowl"],"potions_floor_usage":[16,16],"damage_taken":[{"damage":0,"enemies":"Cultist","floor":1,"turns":1},{"damage":0,"enemies":"2 Louse","floor":5,"turns":2},{"damage":0,"enemies":"3 Sentries","floor":8,"turns":2},{"damage":41,"enemies":"Gremlin Nob","floor":12,"turns":6},{"damage":31,"enemies":"Lagavulin","floor":14,"turns":7},{"damage":48,"enemies":"Slime Boss","floor":16,"turns":13}],"seed_played":"2497625338329420118","potions_obtained":[{"floor":1,"key":"Strength Potion"},{"floor":8,"key":"PowerPotion"},{"floor":12,"key":"Explosive Potion"}],"is_trial":false,"path_per_floor":["M","$","?","?","M","?","R","E","T","?","?","E","R","E","R","B"],"character_chosen":"IRONCLAD","items_purchased":["Flame Barrier","Shrug It Off"],"campfire_rested":1,"item_purchase_floors":[2,2],"current_hp_per_floor":[78,78,71,71,77,77,77,80,80,80,80,45,45,22,46,0],"gold":207,"neow_bonus":"THREE_ENEMY_KILL","is_prod":false,"is_daily":false,"chose_seed":false,"campfire_upgraded":2,"win_rate":0,"timestamp":1548592230,"path_taken":["M","?","?","?","?","?","R","E","T","?","?","E","R","E","R","BOSS"],"build_version":"2019-01-23","purchased_purges":0,"victory":false,"max_hp_per_floor":[80,80,80,80,80,80,80,80,80,80,80,80,80,80,80,80],"card_choices":[{"not_picked":["Rupture","Entrench"],"picked":"Warcry","floor":1},{"not_picked":["Anger","Fire Breathing"],"picked":"Pummel","floor":5},{"not_picked":["Headbutt","Infernal Blade"],"picked":"Clothesline","floor":8},{"not_picked":["Sword Boomerang","Anger"],"picked":"Flame Barrier","floor":12},{"not_picked":["Inflame","Thunderclap"],"picked":"Whirlwind","floor":14}],"player_experience":177107,"relics_obtained":[{"floor":6,"key":"Omamori"},{"floor":8,"key":"Juzu Bracelet"},{"floor":9,"key":"Blood Vial"},{"floor":12,"key":"Dodecahedron"},{"floor":14,"key":"Singing Bowl"}],"event_choices":[{"cards_removed":["Strike_R"],"damage_healed":0,"gold_gain":0,"player_choice":"Card Removal","damage_taken":7,"max_hp_gain":0,"max_hp_loss":0,"event_name":"Golden Wing","floor":3,"gold_loss":0},{"cards_removed":["Strike_R"],"damage_healed":0,"gold_gain":0,"player_choice":"Purged","damage_taken":0,"max_hp_gain":0,"max_hp_loss":0,"event_name":"Purifier","floor":4,"gold_loss":0},{"damage_healed":0,"gold_gain":0,"player_choice":"Relic","damage_taken":0,"max_hp_gain":0,"max_hp_loss":0,"event_name":"Wheel of Change","floor":6,"gold_loss":0},{"damage_healed":0,"gold_gain":0,"player_choice":"Paid Gold","damage_taken":0,"relics_obtained":["Sundial"],"max_hp_gain":0,"max_hp_loss":0,"event_name":"WeMeetAgain","floor":10,"gold_loss":53},{"damage_healed":0,"gold_gain":100,"player_choice":"Pray","damage_taken":0,"max_hp_gain":0,"max_hp_loss":0,"event_name":"Golden Shrine","floor":11,"gold_loss":0}],"is_beta":false,"boss_relics":[],"items_purged_floors":[],"is_endless":false,"potions_floor_spawned":[1,8,12],"killed_by":"Slime Boss","ascension_level":9}