{"gold_per_floor":[112,112,128,128,3,16,16,48,95,124,141,141,41,54,54,155,155,171,181,181,197,211,211,86,100,150,0,0,0,17,116,116,116],"floor_reached":33,"playtime":2098,"items_purged":["Strike_R","Strike_R","Strike_R","Strike_R"],"score":257,"play_id":"b19783bd-fa49-4cd0-b197-0f9045a07182","local_time":"20180722180948","is_ascension_mode":false,"campfire_choices":[{"data":"Rage","floor":7.0,"key":"SMITH"},{"data":"Metallicize","floor":12.0,"key":"SMITH"},{"floor":15.0,"key":"REST"},{"data":"Shrug It Off","floor":23,"key":"SMITH"},{"floor":29,"key":"REST"},{"floor":32,"key":"REST"}],"neow_cost":"NONE","seed_source_timestamp":0,"circlet_count":0,"master_deck":["Defend_R+1","Defend_R","Defend_R","Defend_R","Bash","Immolate","Metallicize+1","Shrug It Off+1","Rage+1","Cleave","Iron Wave","Double Tap","Battle Trance","Flex","Warcry+1","Rage+1","Heavy Blade"],"special_seed":0,"relics":["Burning Blood","Anchor","Lantern","Gremlin Horn","Lizard Tail","War Paint"],"potions_floor_usage":[33],"damage_taken":[{"damage":1.0,"enemies":"2 Louse","floor":1.0,"turns":3.0},{"damage":0.0,"enemies":"Small Slimes","floor":3.0,"turns":2.0},{"damage":0.0,"enemies":"Cultist","floor":6.0,"turns":3.0},{"damage":15.0,"enemies":"3 Sentries","floor":8.0,"turns":5.0},{"damage":31.0,"enemies":"Lagavulin","floor":10.0,"turns":12.0},{"damage":0.0,"enemies":"Looter","floor":11.0,"turns":2.0},{"damage":3.0,"enemies":"Exordium Wildlife","floor":14.0,"turns":2.0},{"damage":89.0,"enemies":"The Guardian","floor":16.0,"turns":24.0},{"damage":10.0,"enemies":"3 Byrds","floor":18.0,"turns":5.0},{"damage":26,"enemies":"Shell Parasite","floor":19,"turns":8},{"damage":6,"enemies":"Snecko","floor":21,"turns":8},{"damage":20,"enemies":"Snake Plant","floor":22,"turns":4},{"damage":21,"enemies":"Slaver and Parasite","floor":25,"turns":5},{"damage":66,"enemies":"Snecko","floor":30,"turns":10},{"damage":92,"enemies":"Collector","floor":33,"turns":7}],"seed_played":"-20595133372426158","potions_obtained":[{"floor":3.0,"key":"FearPotion"},{"floor":6.0,"key":"EssenceOfSteel"},{"floor":10.0,"key":"Weak Potion"},{"floor":14.0,"key":"Regen Potion"},{"floor":19,"key":"BloodPotion"}],"is_trial":false,"path_per_floor":["M","?","M","?","$","M","R","E","T","E","M","R","$","M","R","B",null,"M","M","?","M","M","R","$","M","T","$","?","R","M","?","R"],"character_chosen":"IRONCLAD","items_purchased":["Shrug It Off"],"campfire_rested":3,"item_purchase_floors":[5],"current_hp_per_floor":[80,80,80,85,85,85,85,76,76,51,57,57,57,60,85,17,85,81,61,61,61,47,47,47,32,32,32,32,57,39,39,64,0],"gold":116,"neow_bonus":"ONE_RANDOM_RARE_CARD","is_prod":false,"is_daily":false,"chose_seed":false,"campfire_upgraded":3,"win_rate":0.0,"timestamp":1532254188,"path_taken":["M","?","M","?","$","M","R","E","T","E","?","R","$","M","R","BOSS","M","M","?","M","M","R","$","M","T","$","?","R","M","?","R","BOSS"],"build_version":"2018-07-19v2","purchased_purges":4,"victory":false,"max_hp_per_floor":[80,80,80,85,85,85,85,85,85,85,85,85,85,85,85,85,85,85,85,85,85,85,85,85,85,85,85,85,85,85,85,85,85],"card_choices":[{"not_picked":["Clash","True Grit","Sword Boomerang"],"picked":"SKIP","floor":1.0},{"not_picked":["Clothesline","Sword Boomerang"],"picked":"Metallicize","floor":3.0},{"not_picked":["Headbutt","Fiend Fire"],"picked":"Rage","floor":6.0},{"not_picked":["Headbutt","Second Wind","Blood for Blood"],"picked":"SKIP","floor":8.0},{"not_picked":["Thunderclap","Dual Wield"],"picked":"Cleave","floor":10.0},{"not_picked":["Headbutt","Carnage","Thunderclap"],"picked":"SKIP","floor":11.0},{"not_picked":["True Grit","Sword Boomerang"],"picked":"Iron Wave","floor":14.0},{"not_picked":["Limit Break","Dark Embrace"],"picked":"Double Tap","floor":16.0},{"not_picked":["Headbutt","Heavy Blade"],"picked":"Battle Trance","floor":18},{"not_picked":["Warcry","Iron Wave"],"picked":"Flex","floor":19},{"not_picked":["Iron Wave","Headbutt+1","Berserk"],"picked":"SKIP","floor":21},{"not_picked":["Reckless Charge","Sword Boomerang","Iron Wave"],"picked":"SKIP","floor":22},{"not_picked":["Wild Strike+1","Thunderclap+1"],"picked":"Warcry","floor":25},{"not_picked":["Headbutt","Dropkick+1"],"picked":"Heavy Blade","floor":30}],"player_experience":47806,"relics_obtained":[{"floor":8.0,"key":"Anchor"},{"floor":9.0,"key":"Lantern"},{"floor":10.0,"key":"Gremlin Horn"},{"floor":26,"key":"War Paint"}],"event_choices":[{"event_name":"Living Wall","player_choice":"Forget","floor":2.0,"damage_taken":0.0},{"event_name":"Big Fish","player_choice":"Donut","floor":4.0,"damage_taken":0.0},{"event_name":"Ghosts","player_choice":"Ignored","floor":20,"damage_taken":0},{"event_name":"Duplicator","player_choice":"One dupe","floor":28,"damage_taken":0},{"event_name":"Nest","player_choice":"Stole From Cult","floor":31,"damage_taken":0}],"is_beta":false,"boss_relics":[{"not_picked":["Orrery","Coffee Dripper"],"picked":"Lizard Tail"}],"items_purged_floors":[5,13,24,27],"is_endless":false,"potions_floor_spawned":[3,6,10,14,19],"killed_by":"Collector","ascension_level":0}