{"gold_per_floor":[218,231,87,87,87,119,135,135,135,165,165,179,179,11,11,83,83,103,103,116,116,61,61,91,91,91,91,101,121,133,52,52,124,124,136,151,165,165,89,89],"floor_reached":40,"playtime":1436,"items_purged":["Strike_G","Defend_G"],"score":768,"play_id":"8bf00878-3a9c-42af-be2c-4d5999ec2ee8","local_time":"20190202194144","is_ascension_mode":true,"campfire_choices":[{"floor":8.0,"key":"REST"},{"floor":13.0,"key":"REST"},{"data":"Noxious Fumes","floor":15.0,"key":"SMITH"},{"data":"Catalyst","floor":23.0,"key":"SMITH"},{"floor":25.0,"key":"REST"},{"floor":32.0,"key":"REST"}],"neow_cost":"NONE","seed_source_timestamp":18611664193800,"circlet_count":0,"master_deck":["AscendersBane","Defend_G+1","Defend_G+1","Defend_G+1","Defend_G+1","Strike_G+1","Survivor","Neutralize","Noxious Fumes+1","Footwork","Leg Sweep","Catalyst+1","Well Laid Plans","After Image","Poisoned Stab+1","Deadly Poison","Bane+1","PiercingWail","Footwork","Burst","Backstab","Deadly Poison+1","PiercingWail+1","Deflect+1","PiercingWail+1","Cloak And Dagger","Footwork"],"special_seed":0,"relics":["Ring of the Snake","Sundial","Bag of Marbles","Letter Opener","Orichalcum","Empty Cage","Tiny Chest","Prayer Wheel","Snake Skull","Pen Nib","Sozu"],"potions_floor_usage":[],"damage_taken":[{"damage":2.0,"enemies":"2 Louse","floor":1.0,"turns":4.0},{"damage":3.0,"enemies":"Jaw Worm","floor":2.0,"turns":6.0},{"damage":36.0,"enemies":"Gremlin Nob","floor":6.0,"turns":7.0},{"damage":1.0,"enemies":"Cultist","floor":7.0,"turns":4.0},{"damage":8.0,"enemies":"Lagavulin","floor":10.0,"turns":10.0},{"damage":21.0,"enemies":"Lots of Slimes","floor":12.0,"turns":5.0},{"damage":7.0,"enemies":"The Guardian","floor":16.0,"turns":11.0},{"damage":2.0,"enemies":"Shell Parasite","floor":18.0,"turns":8.0},{"damage":8.0,"enemies":"3 Byrds","floor":20.0,"turns":6.0},{"damage":17.0,"enemies":"Slavers","floor":24.0,"turns":7.0},{"damage":16.0,"enemies":"Snecko","floor":28.0,"turns":7.0},{"damage":3.0,"enemies":"Sentry and Sphere","floor":29.0,"turns":4.0},{"damage":16.0,"enemies":"Cultist and Chosen","floor":30.0,"turns":5.0},{"damage":18.0,"enemies":"Champ","floor":33.0,"turns":9.0},{"damage":7.0,"enemies":"3 Shapes","floor":35.0,"turns":7.0},{"damage":8.0,"enemies":"Orb Walker","floor":36.0,"turns":3.0},{"damage":16.0,"enemies":"Spire Growth","floor":37.0,"turns":5.0},{"damage":21,"enemies":"Giant Head","floor":40,"turns":7}],"seed_played":"-4734227211222255698","potions_obtained":[{"floor":2.0,"key":"PowerPotion"},{"floor":7.0,"key":"FearPotion"},{"floor":12.0,"key":"Block Potion"},{"floor":20.0,"key":"SkillPotion"},{"floor":28.0,"key":"Weak Potion"},{"floor":33.0,"key":"Ancient Potion"}],"is_trial":false,"path_per_floor":["M","M","$","?","?","E","M","R","T","E","?","M","R","$","R","B",null,"M","$","M","?","?","R","E","R","T","T","M","M","M","$","R","B",null,"M","M","M","?","$","E"],"character_chosen":"THE_SILENT","items_purchased":["Footwork","Well Laid Plans","Footwork","Footwork"],"campfire_rested":4,"item_purchase_floors":[3,14,31,39],"current_hp_per_floor":[57,54,54,49,49,13,12,31,31,23,23,2,21,21,21,14,53,51,51,43,43,43,43,26,45,45,45,29,26,10,10,29,11,52,45,37,21,21,21,0],"gold":89,"neow_bonus":"HUNDRED_GOLD","is_prod":false,"is_daily":false,"chose_seed":false,"campfire_upgraded":2,"win_rate":0,"timestamp":1549129304,"path_taken":["M","M","$","?","?","E","M","R","T","E","?","?","R","?","R","BOSS","M","$","M","?","?","R","E","R","T","?","M","?","M","$","R","BOSS","M","M","M","?","$","E"],"build_version":"2019-01-23","purchased_purges":2,"victory":false,"max_hp_per_floor":[66,66,66,66,66,66,66,66,66,66,66,66,66,66,66,66,66,66,66,66,66,66,66,66,66,66,66,66,66,66,66,66,66,66,66,66,66,63,63,63],"card_choices":[{"not_picked":["Underhanded Strike","Caltrops","Backflip"],"picked":"SKIP","floor":1.0},{"not_picked":["Blade Dance","Quick Slash"],"picked":"Noxious Fumes","floor":2.0},{"not_picked":["Sucker Punch","Slice","Blur"],"picked":"SKIP","floor":6.0},{"not_picked":["Escape Plan","Choke"],"picked":"Leg Sweep","floor":7.0},{"not_picked":["Burst","Outmaneuver"],"picked":"Catalyst","floor":10.0},{"not_picked":["Dagger Throw","Blade Dance","Dagger Spray"],"picked":"SKIP","floor":12.0},{"not_picked":["Unload","Glass Knife"],"picked":"After Image","floor":16.0},{"not_picked":["Backflip","Blade Dance","Prepared"],"picked":"SKIP","floor":18.0},{"not_picked":["Underhanded Strike","Masterful Stab+1","Flying Knee"],"picked":"SKIP","floor":20.0},{"not_picked":["Blur","Dagger Spray+1"],"picked":"Poisoned Stab+1","floor":24.0},{"not_picked":["Expertise+1","Accuracy"],"picked":"Deadly Poison","floor":28.0},{"not_picked":["Prepared+1","Underhanded Strike","Deflect"],"picked":"SKIP","floor":28.0},{"not_picked":["Storm of Steel","Acrobatics","Dodge and Roll"],"picked":"SKIP","floor":29.0},{"not_picked":["Slice","Dagger Spray","Distraction"],"picked":"SKIP","floor":29.0},{"not_picked":["Dagger Spray","Cloak And Dagger"],"picked":"Bane+1","floor":30.0},{"not_picked":["Die Die Die","Predator"],"picked":"PiercingWail","floor":30.0},{"not_picked":["Envenom","A Thousand Cuts"],"picked":"Burst","floor":33.0},{"not_picked":["Finisher","Bouncing Flask"],"picked":"Backstab","floor":35.0},{"not_picked":["Dagger Throw","Blade Dance"],"picked":"Deadly Poison+1","floor":35.0},{"not_picked":["Outmaneuver+1","Quick Slash"],"picked":"PiercingWail+1","floor":36.0},{"not_picked":["Riddle With Holes","Well Laid Plans"],"picked":"Deflect+1","floor":36.0},{"not_picked":["Flechettes","Predator"],"picked":"PiercingWail+1","floor":37.0},{"not_picked":["Masterful Stab","Dagger Throw"],"picked":"Cloak And Dagger","floor":37.0}],"player_experience":582768,"relics_obtained":[{"floor":6.0,"key":"Bag of Marbles"},{"floor":9.0,"key":"Letter Opener"},{"floor":10.0,"key":"Orichalcum"},{"floor":24.0,"key":"Prayer Wheel"},{"floor":26.0,"key":"Snake Skull"},{"floor":27.0,"key":"Pen Nib"}],"event_choices":[{"damage_healed":0.0,"max_hp_gain":0.0,"max_hp_loss":0.0,"gold_gain":0.0,"event_name":"Scrap Ooze","player_choice":"Success","floor":4.0,"gold_loss":0.0,"damage_taken":5.0,"relics_obtained":["Sundial"]},{"damage_healed":0.0,"max_hp_gain":0.0,"max_hp_loss":0.0,"gold_gain":0.0,"event_name":"Liars Game","player_choice":"Ignored","floor":5.0,"gold_loss":0.0,"damage_taken":0.0},{"cards_removed":["Strike_G"],"damage_healed":0.0,"max_hp_gain":0.0,"max_hp_loss":0.0,"gold_gain":0.0,"event_name":"Purifier","player_choice":"Purged","floor":11.0,"gold_loss":0.0,"damage_taken":0.0},{"damage_healed":0.0,"max_hp_gain":0.0,"max_hp_loss":0.0,"gold_gain":0.0,"event_name":"Back to Basics","player_choice":"Simplicity","floor":21.0,"gold_loss":0.0,"damage_taken":0.0,"cards_upgraded":["Defend_G","Defend_G","Defend_G","Defend_G","Strike_G"]},{"damage_healed":0.0,"max_hp_gain":0.0,"max_hp_loss":0.0,"gold_gain":0.0,"event_name":"Addict","player_choice":"Obtained Relic","floor":22.0,"gold_loss":85.0,"damage_taken":0.0,"relics_obtained":["Tiny Chest"]},{"damage_healed":0.0,"max_hp_gain":0.0,"max_hp_loss":3.0,"gold_gain":0.0,"event_name":"Winding Halls","player_choice":"Max HP","floor":38.0,"gold_loss":0.0,"damage_taken":0.0}],"is_beta":false,"boss_relics":[{"not_picked":["Ectoplasm","WristBlade"],"picked":"Empty Cage"},{"not_picked":["Velvet Choker","White Beast Statue"],"picked":"Sozu"}],"items_purged_floors":[3,14],"is_endless":false,"potions_floor_spawned":[2,7,12,20,28,33,35,36],"killed_by":"Giant Head","ascension_level":15}