{"gold_per_floor":[12,23,33,33,53,80,80,80,80,96,96,127,147,174,174,273,273,287,299,224,224,0,0,33,33,33,53,53,53,53,0,0,96,96,116,116,133,133,133,162,162,179,203,221,221,221,237,251,251,251,251,251,22,47,47],"floor_reached":56,"playtime":3366,"items_purged":["Strike_G"],"score":1453,"play_id":"7e804c31-ed5d-4487-be4e-eb0a4b261487","local_time":"20190124172809","is_ascension_mode":true,"campfire_choices":[{"data":"Neutralize","floor":8,"key":"SMITH"},{"floor":11,"key":"REST"},{"data":"Neutralize","floor":15,"key":"SMITH"},{"data":"Ghostly","floor":23,"key":"SMITH"},{"data":"Ghostly","floor":25,"key":"SMITH"},{"data":"Ghostly","floor":29,"key":"SMITH"},{"data":"Ghostly","floor":32,"key":"SMITH"},{"data":"Ghostly","floor":41,"key":"SMITH"},{"floor":49,"key":"RECALL"},{"data":"Catalyst","floor":52,"key":"SMITH"}],"neow_cost":"NO_GOLD","seed_source_timestamp":679413684201000,"circlet_count":0,"master_deck":["Defend_G","Defend_G","Defend_G","Defend_G","Defend_G","Strike_G","Survivor","Neutralize+1","Adrenaline","Acrobatics","Deadly Poison","Heel Hook","Neutralize+1","Noxious Fumes","Bane","Prepared","Noxious Fumes","Flying Knee","Leg Sweep","Die Die Die","Terror","Leg Sweep+1","Ghostly+1","Ghostly+1","Ghostly+1","Ghostly+1","Ghostly+1","Footwork","Deflect+1","Tools of the Trade","Prepared+1","Catalyst+1","Footwork","Acrobatics+1","Parasite","Backstab+1","Noxious Fumes+1"],"relics":["Ring of the Snake","PreservedInsect","Anchor","Blue Candle","Mango","Sozu","ClockworkSouvenir","Strawberry","Bag of Marbles","Mercury Hourglass","Runic Pyramid","Toxic Egg 2","Gambling Chip","Snake Skull","Letter Opener"],"potions_floor_usage":[33,55,55],"damage_taken":[{"damage":2,"enemies":"Small Slimes","floor":1,"turns":4},{"damage":0,"enemies":"Cultist","floor":2,"turns":3},{"damage":0,"enemies":"2 Louse","floor":3,"turns":2},{"damage":1,"enemies":"Looter","floor":5,"turns":3},{"damage":29,"enemies":"Lagavulin","floor":6,"turns":6},{"damage":4,"enemies":"Large Slime","floor":10,"turns":4},{"damage":24,"enemies":"Gremlin Nob","floor":12,"turns":4},{"damage":4,"enemies":"Lots of Slimes","floor":13,"turns":5},{"damage":14,"enemies":"3 Sentries","floor":14,"turns":5},{"damage":13,"enemies":"Hexaghost","floor":16,"turns":9},{"damage":6,"enemies":"Shell Parasite","floor":18,"turns":5},{"damage":7,"enemies":"Chosen","floor":19,"turns":5},{"damage":2,"enemies":"Slavers","floor":24,"turns":4},{"damage":2,"enemies":"Shelled Parasite and Fungi","floor":27,"turns":6},{"damage":20,"enemies":"Champ","floor":33,"turns":17},{"damage":1,"enemies":"Orb Walker","floor":35,"turns":5},{"damage":1,"enemies":"3 Shapes","floor":37,"turns":5},{"damage":2,"enemies":"Reptomancer","floor":40,"turns":5},{"damage":4,"enemies":"Maw","floor":42,"turns":9},{"damage":3,"enemies":"Transient","floor":44,"turns":5},{"damage":2,"enemies":"Writhing Mass","floor":47,"turns":6},{"damage":1,"enemies":"Spire Growth","floor":48,"turns":6},{"damage":2,"enemies":"Donu and Deca","floor":50,"turns":11},{"damage":0,"enemies":"Shield and Spear","floor":54,"turns":6},{"damage":33,"enemies":"The Heart","floor":55,"turns":10}],"seed_played":"-4791106984409901031","potions_obtained":[{"floor":5,"key":"GhostInAJar"},{"floor":10,"key":"LiquidBronze"},{"floor":13,"key":"PowerPotion"}],"is_trial":false,"path_per_floor":["M","M","M","?","M","E","?","R","T","M","R","E","M","E","R","B",null,"M","M","?","?","$","R","E","R","T","M","$","R","?","?","R","B",null,"M","$","M","$","?","E","R","M","T","M","?","T","M","M","R","B",null,"R","$","E","B",null],"character_chosen":"THE_SILENT","items_purchased":["ClockworkSouvenir","Footwork","Snake Skull"],"campfire_rested":1,"item_purchase_floors":[22,22,53],"current_hp_per_floor":[68,68,68,68,67,38,38,38,38,34,55,31,27,27,27,14,84,78,71,71,42,42,42,47,47,47,45,45,45,45,45,45,25,49,48,48,47,47,47,45,45,41,41,38,38,38,36,35,35,33,49,49,49,49,16],"gold":47,"neow_bonus":"THREE_RARE_CARDS","is_prod":false,"is_daily":false,"chose_seed":false,"campfire_upgraded":8,"win_rate":0,"timestamp":1548350889,"path_taken":["M","M","M","?","?","E","?","R","T","?","R","E","M","E","R","BOSS","M","?","?","?","$","R","E","R","T","M","$","R","?","?","R","BOSS","M","?","M","$","?","E","R","M","T","M","?","?","?","M","R","BOSS","R","$","E","BOSS"],"build_version":"2019-01-23","purchased_purges":1,"victory":true,"max_hp_per_floor":[70,70,70,70,70,70,70,70,70,70,70,70,70,84,84,84,84,84,84,84,42,42,42,49,49,49,49,49,49,49,49,49,49,49,49,49,49,49,49,49,49,49,49,49,49,49,49,49,49,49,49,49,49,49,49],"card_choices":[{"not_picked":["After Image","Phantasmal Killer"],"picked":"Adrenaline","floor":0},{"not_picked":["Sucker Punch","Deflect"],"picked":"Acrobatics","floor":1},{"not_picked":["Outmaneuver","Bane"],"picked":"Deadly Poison","floor":2},{"not_picked":["Well Laid Plans","Prepared"],"picked":"Heel Hook","floor":3},{"not_picked":["Acrobatics","Dagger Throw"],"picked":"Noxious Fumes","floor":5},{"not_picked":["Prepared","Backflip"],"picked":"Bane","floor":6},{"not_picked":["Well Laid Plans","Outmaneuver"],"picked":"Prepared","floor":10},{"not_picked":["Slice","Dodge and Roll"],"picked":"Noxious Fumes","floor":12},{"not_picked":["Slice","Dagger Throw"],"picked":"Flying Knee","floor":13},{"not_picked":["Prepared","Flechettes"],"picked":"Leg Sweep","floor":14},{"not_picked":["Grand Finale","A Thousand Cuts"],"picked":"Die Die Die","floor":16},{"not_picked":["Bane+1","Flechettes+1"],"picked":"Terror","floor":18},{"not_picked":["Expertise+1","Dash"],"picked":"Leg Sweep+1","floor":19},{"not_picked":["Reflex","Dash","PiercingWail"],"picked":"SKIP","floor":24},{"not_picked":["Dagger Throw+1","Poisoned Stab"],"picked":"Deflect+1","floor":27},{"not_picked":["Doppelganger","Bullet Time"],"picked":"Tools of the Trade","floor":33},{"not_picked":["Blade Dance","Outmaneuver+1"],"picked":"Prepared+1","floor":35},{"not_picked":["Blade Dance+1","Riddle With Holes+1"],"picked":"Catalyst","floor":37},{"not_picked":["Quick Slash+1","After Image"],"picked":"Footwork","floor":40},{"not_picked":["Choke+1","Bane","Blade Dance+1"],"picked":"SKIP","floor":42},{"not_picked":["Caltrops+1","Distraction+1"],"picked":"Acrobatics+1","floor":44},{"not_picked":["Flying Knee","Escape Plan+1"],"picked":"Backstab+1","floor":47},{"not_picked":["Outmaneuver+1","Prepared+1"],"picked":"Noxious Fumes+1","floor":48},{"not_picked":["Terror+1","Sucker Punch","Skewer"],"picked":"SKIP","floor":54}],"player_experience":162174,"relics_obtained":[{"floor":6,"key":"PreservedInsect"},{"floor":9,"key":"Anchor"},{"floor":12,"key":"Blue Candle"},{"floor":14,"key":"Mango"},{"floor":24,"key":"Strawberry"},{"floor":26,"key":"Bag of Marbles"},{"floor":40,"key":"Toxic Egg 2"},{"floor":46,"key":"Gambling Chip"},{"floor":54,"key":"Letter Opener"}],"event_choices":[{"damage_healed":0,"gold_gain":0,"player_choice":"1 cards matched","damage_taken":0,"max_hp_gain":0,"max_hp_loss":0,"event_name":"Match and Keep!","floor":4,"gold_loss":0,"cards_obtained":["Neutralize"]},{"cards_removed":["Strike_G"],"damage_healed":0,"gold_gain":0,"player_choice":"Purged","damage_taken":0,"max_hp_gain":0,"max_hp_loss":0,"event_name":"Purifier","floor":7,"gold_loss":0},{"cards_removed":["Strike_G"],"damage_healed":0,"gold_gain":0,"player_choice":"Gave Gold","damage_taken":0,"max_hp_gain":0,"max_hp_loss":0,"event_name":"Beggar","floor":20,"gold_loss":75},{"damage_healed":0,"gold_gain":0,"player_choice":"Became a Ghost","damage_taken":0,"max_hp_gain":0,"max_hp_loss":42,"event_name":"Ghosts","floor":21,"gold_loss":0,"cards_obtained":["Ghostly","Ghostly","Ghostly","Ghostly","Ghostly"]},{"damage_healed":0,"gold_gain":0,"player_choice":"Ignored","damage_taken":0,"max_hp_gain":0,"max_hp_loss":0,"event_name":"Vampires","floor":30,"gold_loss":0},{"damage_healed":0,"gold_gain":0,"player_choice":"Paid Gold","damage_taken":0,"relics_obtained":["Mercury Hourglass"],"max_hp_gain":0,"max_hp_loss":0,"event_name":"WeMeetAgain","floor":31,"gold_loss":53},{"cards_removed":["Strike_G"],"damage_healed":0,"gold_gain":0,"player_choice":"Removed Attack","damage_taken":0,"max_hp_gain":0,"max_hp_loss":0,"event_name":"Falling","floor":39,"gold_loss":0},{"damage_healed":0,"gold_gain":0,"player_choice":"Ignored","damage_taken":0,"max_hp_gain":0,"max_hp_loss":0,"event_name":"Mysterious Sphere","floor":45,"gold_loss":0}],"is_beta":false,"boss_relics":[{"not_picked":["Calling Bell","Empty Cage"],"picked":"Sozu"},{"not_picked":["Orrery","Coffee Dripper"],"picked":"Runic Pyramid"}],"items_purged_floors":[53],"is_endless":false,"potions_floor_spawned":[5,10,13,16,19,24,35,42,44,47],"ascension_level":4}