{"gold_per_floor":[109,127,52,63,63,63,95,105,105,124,124,144,157,157,157,234,234,244,244,263,263,263],"floor_reached":22,"playtime":1235,"items_purged":[],"score":357,"play_id":"614729b5-da40-4a8e-98a7-a0f8adec6150","local_time":"20190201233134","is_ascension_mode":true,"campfire_choices":[{"data":"Corpse Explosion","floor":6.0,"key":"SMITH"},{"floor":11.0,"key":"REST"},{"floor":15.0,"key":"REST"}],"neow_cost":"NONE","seed_source_timestamp":0,"circlet_count":0,"master_deck":["AscendersBane","Defend_G","Defend_G","Defend_G","Defend_G","Defend_G","Strike_G","Strike_G","Strike_G","Strike_G","Survivor","Neutralize+1","Corpse Explosion+1","Dodge and Roll","Cloak And Dagger","Infinite Blades","Escape Plan","Backflip","Storm of Steel","Backflip","Caltrops","Burst","Dash","Cloak And Dagger"],"special_seed":0,"relics":["Ring of the Snake","Bag of Preparation","Mummified Hand","WristBlade"],"potions_floor_usage":[],"damage_taken":[{"damage":0.0,"enemies":"2 Louse","floor":1.0,"turns":2.0},{"damage":8.0,"enemies":"Small Slimes","floor":2.0,"turns":4.0},{"damage":2.0,"enemies":"Jaw Worm","floor":4.0,"turns":5.0},{"damage":28.0,"enemies":"Gremlin Nob","floor":7.0,"turns":5.0},{"damage":5.0,"enemies":"2 Fungi Beasts","floor":8.0,"turns":3.0},{"damage":0.0,"enemies":"Red Slaver","floor":10.0,"turns":4.0},{"damage":0.0,"enemies":"Looter","floor":12.0,"turns":4.0},{"damage":1.0,"enemies":"2 Fungi Beasts","floor":13.0,"turns":3.0},{"damage":6.0,"enemies":"Hexaghost","floor":16.0,"turns":9.0},{"damage":12,"enemies":"Chosen","floor":18,"turns":5},{"damage":18,"enemies":"2 Thieves","floor":20,"turns":4},{"damage":27,"enemies":"Colosseum Slavers","floor":21,"turns":4},{"damage":17,"enemies":"Snake Plant","floor":22,"turns":4}],"seed_played":"-3238643141900529867","potions_obtained":[{"floor":2.0,"key":"GhostInAJar"},{"floor":7.0,"key":"GamblersBrew"},{"floor":8.0,"key":"EssenceOfSteel"}],"is_trial":false,"path_per_floor":["M","M","?","M","?","R","E","M","T","M","R","M","M","?","R","B",null,"M","?","M","?","M"],"character_chosen":"THE_SILENT","items_purchased":[],"campfire_rested":2,"item_purchase_floors":[],"current_hp_per_floor":[59,51,51,49,49,49,21,16,16,16,35,35,34,34,53,47,61,49,62,44,17,0],"gold":263,"neow_bonus":"ONE_RANDOM_RARE_CARD","is_prod":false,"is_daily":false,"chose_seed":false,"campfire_upgraded":1,"win_rate":0,"timestamp":1549081894,"path_taken":["M","M","?","M","?","R","E","M","T","M","R","M","M","?","R","BOSS","M","?","M","?","M"],"build_version":"2019-01-23","purchased_purges":0,"victory":false,"max_hp_per_floor":[66,66,66,66,66,66,66,66,66,66,66,66,66,66,66,66,66,66,66,66,66,66],"card_choices":[{"not_picked":["Slice","Underhanded Strike"],"picked":"Dodge and Roll","floor":1.0},{"not_picked":["Deflect","Crippling Poison"],"picked":"Cloak And Dagger","floor":2.0},{"not_picked":["Flechettes","Sucker Punch"],"picked":"Infinite Blades","floor":4.0},{"not_picked":["Bane","Underhanded Strike"],"picked":"Escape Plan","floor":7.0},{"not_picked":["Dagger Spray","Heel Hook"],"picked":"Backflip","floor":8.0},{"not_picked":["Poisoned Stab","Bane"],"picked":"Storm of Steel","floor":10.0},{"not_picked":["Outmaneuver","Slice"],"picked":"Backflip","floor":12.0},{"not_picked":["Outmaneuver","Deadly Poison"],"picked":"Caltrops","floor":13.0},{"not_picked":["Bullet Time","Grand Finale"],"picked":"Burst","floor":16.0},{"not_picked":["Outmaneuver+1","Quick Slash"],"picked":"Dash","floor":18},{"not_picked":["Outmaneuver+1","Bane"],"picked":"Cloak And Dagger","floor":20}],"player_experience":1168098,"relics_obtained":[{"floor":7.0,"key":"Bag of Preparation"},{"floor":9.0,"key":"Mummified Hand"}],"event_choices":[{"cards_removed":["Strike_G"],"damage_healed":0.0,"max_hp_gain":0.0,"max_hp_loss":0.0,"gold_gain":0.0,"event_name":"The Cleric","player_choice":"Card Removal","floor":3.0,"gold_loss":75.0,"damage_taken":0.0},{"damage_healed":0.0,"max_hp_gain":0.0,"max_hp_loss":0.0,"gold_gain":0.0,"event_name":"Living Wall","player_choice":"Grow","floor":5.0,"gold_loss":0.0,"damage_taken":0.0,"cards_upgraded":["Neutralize"]},{"damage_healed":0.0,"max_hp_gain":0.0,"max_hp_loss":0.0,"gold_gain":0.0,"event_name":"Liars Game","player_choice":"Ignored","floor":14.0,"gold_loss":0.0,"damage_taken":0.0},{"damage_healed":13,"gold_gain":0,"player_choice":"Heal","damage_taken":0,"max_hp_gain":0,"max_hp_loss":0,"event_name":"The Library","floor":19,"gold_loss":0},{"damage_healed":0,"gold_gain":0,"player_choice":"Fight","damage_taken":0,"max_hp_gain":0,"max_hp_loss":0,"event_name":"Colosseum","floor":21,"gold_loss":0},{"damage_healed":0,"gold_gain":0,"player_choice":"Fled From Nobs","damage_taken":0,"max_hp_gain":0,"max_hp_loss":0,"event_name":"Colosseum","floor":21,"gold_loss":0}],"is_beta":false,"boss_relics":[{"not_picked":["Empty Cage","Fusion Hammer"],"picked":"WristBlade"}],"items_purged_floors":[],"is_endless":false,"potions_floor_spawned":[2,7,8,21],"killed_by":"Snake Plant","ascension_level":18}