{"gold_per_floor":[113,113,132,148,33,33,62,62,62,72,101,101,101,101,101,204,204,214,228,52,151,151,151,151,151,220,235,235,251,267,32,32,127,127,142,82,99,110,159,159,94,194,194,194,0,0,34,52,52,52,52,52,10,39,39],"floor_reached":55,"playtime":3144,"items_purged":["Injury","Writhe"],"score":681,"play_id":"58eafcd2-923b-40a2-b6a6-212577f8e774","local_time":"20181212010015","is_ascension_mode":false,"campfire_choices":[{"data":"Consume","floor":6.0,"key":"SMITH"},{"floor":8.0,"key":"RECALL"},{"data":"Blizzard","floor":13.0,"key":"SMITH"},{"data":"Loop","floor":15.0,"key":"SMITH"},{"data":"Apotheosis","floor":23.0,"key":"SMITH"},{"data":"Echo Form","floor":25.0,"key":"SMITH"},{"floor":28.0,"key":"REST"},{"data":"Chill","floor":32.0,"key":"SMITH"},{"data":"Loop","floor":40.0,"key":"SMITH"},{"data":"Defragment","floor":44.0,"key":"SMITH"},{"floor":46.0,"key":"REST"},{"data":"Glacier","floor":49.0,"key":"SMITH"},{"data":"Dualcast","floor":52.0,"key":"SMITH"}],"neow_cost":"CURSE","seed_source_timestamp":347160528717426,"circlet_count":0,"master_deck":["Strike_B","Strike_B","Defend_B","Defend_B","Defend_B","Zap","Dualcast+1","Glacier+1","Blizzard+1","Hologram","Consume+1","Loop+1","Loop+1","Parasite","Echo Form+1","Cold Snap","Coolheaded+1","Apotheosis+1","Rebound+1","Chill+1","Consume+1","Buffer+1","FTL+1","White Noise+1","Defragment+1","Defragment+1","Cold Snap+1","Redo+1"],"special_seed":0,"relics":["Cracked Core","Nunchaku","Blue Candle","Emotion Chip","Meat on the Bone","Inserter","The Courier","Vajra","Molten Egg 2","DollysMirror","Astrolabe","Blood Vial","Ice Cream","Red Mask","Bronze Scales","Lantern"],"potions_floor_usage":[55,55],"damage_taken":[{"damage":2.0,"enemies":"2 Louse","floor":1.0,"turns":2.0},{"damage":2.0,"enemies":"Cultist","floor":3.0,"turns":4.0},{"damage":0.0,"enemies":"Small Slimes","floor":4.0,"turns":3.0},{"damage":8.0,"enemies":"Lagavulin","floor":7.0,"turns":11.0},{"damage":11.0,"enemies":"2 Fungi Beasts","floor":10.0,"turns":4.0},{"damage":30.0,"enemies":"3 Sentries","floor":11.0,"turns":15.0},{"damage":24.0,"enemies":"The Guardian","floor":16.0,"turns":16.0},{"damage":9.0,"enemies":"Spheric Guardian","floor":18.0,"turns":6.0},{"damage":22.0,"enemies":"Shell Parasite","floor":19.0,"turns":9.0},{"damage":21.0,"enemies":"Snake Plant","floor":27.0,"turns":8.0},{"damage":23.0,"enemies":"Shelled Parasite and Fungi","floor":29.0,"turns":8.0},{"damage":2.0,"enemies":"Snecko","floor":30.0,"turns":6.0},{"damage":7.0,"enemies":"Automaton","floor":33.0,"turns":19.0},{"damage":1.0,"enemies":"Orb Walker","floor":35.0,"turns":7.0},{"damage":28.0,"enemies":"3 Darklings","floor":37.0,"turns":11.0},{"damage":0.0,"enemies":"Maw","floor":38.0,"turns":18.0},{"damage":0.0,"enemies":"Mind Bloom Boss Battle","floor":42.0,"turns":11.0},{"damage":2.0,"enemies":"Nemesis","floor":47.0,"turns":11.0},{"damage":1.0,"enemies":"Jaw Worm Horde","floor":48.0,"turns":6.0},{"damage":6.0,"enemies":"Donu and Deca","floor":50.0,"turns":13.0},{"damage":43.0,"enemies":"Shield and Spear","floor":54.0,"turns":11.0},{"damage":79,"enemies":"The Heart","floor":55,"turns":3}],"seed_played":"-4051878258593274395","potions_obtained":[{"floor":2.0,"key":"Energy Potion"},{"floor":2.0,"key":"Strength Potion"},{"floor":2.0,"key":"EssenceOfSteel"},{"floor":10.0,"key":"SkillPotion"},{"floor":16.0,"key":"Poison Potion"},{"floor":18.0,"key":"SkillPotion"},{"floor":27.0,"key":"Energy Potion"},{"floor":35.0,"key":"SneckoOil"}],"is_trial":false,"path_per_floor":["M","?","M","M","$","R","E","R","T","M","E","?","R","?","R","B",null,"M","M","$","?","?","R","T","R","T","M","R","M","M","$","R","B",null,"M","$","M","M","T","R","$","?","T","R","?","R","E","M","R","B",null,"R","$","E","B"],"character_chosen":"DEFECT","items_purchased":["Consume","Apotheosis","DollysMirror","LiquidBronze","Defragment","Cold Snap+1","PowerPotion"],"campfire_rested":2,"item_purchase_floors":[5,20,31,36,41,41,53],"current_hp_per_floor":[73,73,71,71,71,71,63,63,63,52,22,40,40,33,33,21,75,66,44,44,44,44,44,44,44,44,35,57,46,44,44,44,49,75,74,74,46,46,46,46,46,48,48,48,48,70,70,71,71,67,75,75,75,44,0],"gold":39,"neow_bonus":"ONE_RARE_RELIC","is_prod":false,"is_daily":false,"chose_seed":false,"campfire_upgraded":10,"win_rate":0,"timestamp":1544572815,"path_taken":["M","?","?","M","$","R","E","R","T","M","E","?","R","?","R","BOSS","M","M","$","?","?","R","?","R","T","M","R","M","?","$","R","BOSS","M","$","?","M","?","R","?","?","T","R","?","R","E","?","R","BOSS","R","$","E","BOSS"],"build_version":"2018-12-06","purchased_purges":2,"victory":false,"max_hp_per_floor":[75,75,75,75,75,75,75,75,75,75,75,75,75,75,75,75,75,75,75,75,75,75,75,75,75,75,75,75,75,75,75,75,75,75,75,75,75,75,75,75,75,75,75,75,75,75,75,75,75,75,75,75,75,75,75],"card_choices":[{"not_picked":["Streamline","Cold Snap"],"picked":"Glacier","floor":1.0},{"not_picked":["Hologram","Conserve Battery"],"picked":"Blizzard","floor":3.0},{"not_picked":["Sweeping Beam","Steam"],"picked":"Hologram","floor":4.0},{"not_picked":["Ball Lightning","Double Energy"],"picked":"Loop","floor":7.0},{"not_picked":["Steam","Consume","Hello World"],"picked":"SKIP","floor":10.0},{"not_picked":["Conserve Battery","Stack"],"picked":"Loop","floor":11.0},{"not_picked":["Amplify","Thunder Strike"],"picked":"Echo Form","floor":16.0},{"not_picked":["Gash","Genetic Algorithm"],"picked":"Cold Snap","floor":18.0},{"not_picked":["Double Energy","Steam Power+1"],"picked":"Coolheaded+1","floor":19.0},{"not_picked":["Heatsinks","Steam"],"picked":"Rebound+1","floor":27.0},{"not_picked":["BootSequence+1","Go for the Eyes+1","Stack"],"picked":"SKIP","floor":29.0},{"not_picked":["Creative AI","Ball Lightning+1"],"picked":"Chill","floor":30.0},{"not_picked":["Leap+1","Streamline+1"],"picked":"Defragment+1","floor":35.0},{"not_picked":["Hologram+1","Go for the Eyes+1","Sweeping Beam+1"],"picked":"SKIP","floor":37.0},{"not_picked":["Turbo+1","Chaos","Gash+1"],"picked":"SKIP","floor":38.0},{"not_picked":["Rebound+1","Beam Cell+1"],"picked":"Redo+1","floor":47.0},{"not_picked":["Self Repair+1","Storm+1","Go for the Eyes+1"],"picked":"SKIP","floor":48.0},{"not_picked":["Genetic Algorithm+1","Conserve Battery+1","Scrape+1"],"picked":"SKIP","floor":54.0}],"player_experience":588937,"relics_obtained":[{"floor":7.0,"key":"Blue Candle"},{"floor":11.0,"key":"Emotion Chip"},{"floor":24.0,"key":"Vajra"},{"floor":26.0,"key":"Molten Egg 2"},{"floor":39.0,"key":"Blood Vial"},{"floor":42.0,"key":"Ice Cream"},{"floor":47.0,"key":"Bronze Scales"},{"floor":54.0,"key":"Lantern"}],"event_choices":[{"damage_healed":0.0,"max_hp_gain":0.0,"max_hp_loss":0.0,"gold_gain":0.0,"event_name":"Lab","player_choice":"Got Potions","floor":2.0,"gold_loss":0.0,"damage_taken":0.0},{"damage_healed":18.0,"max_hp_gain":0.0,"max_hp_loss":0.0,"gold_gain":0.0,"event_name":"Mushrooms","player_choice":"Healed and dodged fight","floor":12.0,"gold_loss":0.0,"damage_taken":0.0,"cards_obtained":["Parasite"]},{"damage_healed":0.0,"max_hp_gain":0.0,"max_hp_loss":0.0,"gold_gain":0.0,"event_name":"Scrap Ooze","player_choice":"Success","floor":14.0,"gold_loss":0.0,"damage_taken":7.0,"relics_obtained":["Meat on the Bone"]},{"damage_healed":0.0,"max_hp_gain":0.0,"max_hp_loss":0.0,"gold_gain":99.0,"event_name":"Nest","player_choice":"Stole From Cult","floor":21.0,"gold_loss":0.0,"damage_taken":0.0},{"damage_healed":0.0,"max_hp_gain":0.0,"max_hp_loss":0.0,"gold_gain":0.0,"event_name":"The Mausoleum","player_choice":"Opened","floor":22.0,"gold_loss":0.0,"damage_taken":0.0,"relics_obtained":["The Courier"],"cards_obtained":["Writhe"]},{"damage_healed":0.0,"max_hp_gain":0.0,"max_hp_loss":0.0,"gold_gain":0.0,"event_name":"MindBloom","player_choice":"Fight","floor":42.0,"gold_loss":0.0,"damage_taken":0.0},{"damage_healed":0.0,"max_hp_gain":0.0,"max_hp_loss":0.0,"gold_gain":0.0,"event_name":"Tomb of Lord Red Mask","player_choice":"Paid","floor":45.0,"gold_loss":194.0,"damage_taken":0.0,"relics_obtained":["Red Mask"]}],"is_beta":false,"boss_relics":[{"not_picked":["Calling Bell","Fusion Hammer"],"picked":"Inserter"},{"not_picked":["Nuclear Battery","Tiny House"],"picked":"Astrolabe"}],"items_purged_floors":[5,31],"is_endless":false,"potions_floor_spawned":[3,4,10,16,18,27,30,33,35],"killed_by":"The Heart","ascension_level":0}