{"gold_per_floor":[164,209,254,299,364,364,474,474,474,539,539,629,629,674,674,1014,1014,1059,1124,524,569,269,269,269],"floor_reached":24,"playtime":1347,"items_purged":[],"score":285,"play_id":"794dae48-7b28-49ca-b343-4abd80afd72d","local_time":"20190101121321","daily_mods":["Allstar","Hoarder","Midas"],"is_ascension_mode":false,"campfire_choices":[{"floor":6,"key":"REST"},{"floor":8,"key":"REST"},{"floor":13,"key":"REST"},{"floor":15,"key":"REST"},{"floor":23,"key":"REST"}],"neow_cost":"","seed_source_timestamp":0,"circlet_count":0,"master_deck":["Strike_R","Strike_R","Strike_R","Strike_R","Strike_R","Defend_R","Defend_R","Defend_R","Defend_R","Bash","Bandage Up","Bandage Up","Bandage Up","Jack Of All Trades","Jack Of All Trades","Jack Of All Trades","HandOfGreed","HandOfGreed","HandOfGreed","Chrysalis","Chrysalis","Finesse","Finesse","Finesse","Cleave","Cleave","Cleave","Pommel Strike","Pommel Strike","Pommel Strike","True Grit","Iron Wave","Iron Wave","Iron Wave","Fiend Fire","Fiend Fire","Fiend Fire","Violence+1","Violence+1","Violence+1","Havoc+1","Havoc+1","Havoc+1","Corruption+1","Corruption+1","Corruption+1","Sever Soul+1","Sever Soul+1","Sever Soul+1","Body Slam+1","Body Slam+1","Body Slam+1"],"special_seed":17897,"relics":["Burning Blood","Happy Flower","Self Forming Clay","Dodecahedron","Astrolabe","Kunai","Dream Catcher","Membership Card","Blood Vial","Blue Candle","Cauldron"],"potions_floor_usage":[16,24],"damage_taken":[{"damage":14,"enemies":"Small Slimes","floor":1,"turns":4},{"damage":1,"enemies":"2 Louse","floor":2,"turns":3},{"damage":11,"enemies":"Jaw Worm","floor":3,"turns":3},{"damage":13,"enemies":"Blue Slaver","floor":4,"turns":5},{"damage":26,"enemies":"Exordium Wildlife","floor":5,"turns":5},{"damage":33,"enemies":"3 Sentries","floor":7,"turns":8},{"damage":9,"enemies":"Large Slime","floor":10,"turns":7},{"damage":21,"enemies":"Gremlin Nob","floor":12,"turns":5},{"damage":0,"enemies":"2 Fungi Beasts","floor":14,"turns":2},{"damage":66,"enemies":"Slime Boss","floor":16,"turns":12},{"damage":16,"enemies":"2 Thieves","floor":18,"turns":4},{"damage":40,"enemies":"3 Byrds","floor":19,"turns":6},{"damage":21,"enemies":"Snecko","floor":21,"turns":4},{"damage":76,"enemies":"Gremlin Leader","floor":24,"turns":4}],"seed_played":"2052676809091822558","potions_obtained":[{"floor":2,"key":"SpeedPotion"},{"floor":7,"key":"Fire Potion"},{"floor":10,"key":"AttackPotion"},{"floor":12,"key":"BloodPotion"},{"floor":19,"key":"SpeedPotion"},{"floor":22,"key":"Regen Potion"}],"is_trial":false,"path_per_floor":["M","M","M","M","M","R","E","R","T","M","?","E","R","M","R","B",null,"M","M","$","M","$","R","E"],"character_chosen":"IRONCLAD","items_purchased":["Kunai","Dream Catcher","Membership Card","Blood Vial","Blue Candle","Cauldron"],"campfire_rested":5,"item_purchase_floors":[20,20,20,22,22,22],"current_hp_per_floor":[80,80,75,76,65,80,65,80,80,80,80,69,80,80,80,44,80,74,44,44,33,33,57,0],"gold":269,"neow_bonus":"","is_prod":false,"is_daily":true,"chose_seed":false,"campfire_upgraded":0,"win_rate":0,"timestamp":1546341201,"path_taken":["M","M","M","M","M","R","E","R","T","M","?","E","R","M","R","BOSS","M","M","$","M","$","R","E"],"build_version":"2018-12-20","purchased_purges":0,"victory":false,"max_hp_per_floor":[80,80,80,80,80,80,80,80,80,80,80,80,80,80,80,80,80,80,80,80,80,80,80,80],"card_choices":[{"not_picked":["Battle Trance","Warcry"],"picked":"Cleave","floor":1},{"not_picked":["Havoc","Bloodletting","Warcry"],"picked":"SKIP","floor":2},{"not_picked":["Sword Boomerang","Anger"],"picked":"Pommel Strike","floor":3},{"not_picked":["Combust","Clothesline"],"picked":"True Grit","floor":4},{"not_picked":["Second Wind","Flame Barrier"],"picked":"Iron Wave","floor":5},{"not_picked":["Pommel Strike","Fire Breathing","Double Tap"],"picked":"SKIP","floor":7},{"not_picked":["Warcry","Clash","Cleave"],"picked":"SKIP","floor":10},{"not_picked":["Clothesline","Pummel","Iron Wave"],"picked":"SKIP","floor":12},{"not_picked":["Warcry","Fire Breathing","Sword Boomerang"],"picked":"SKIP","floor":14},{"not_picked":["Berserk","Exhume"],"picked":"Fiend Fire","floor":16},{"not_picked":["Clash","Shockwave"],"picked":"Sever Soul+1","floor":18},{"not_picked":["Disarm+1","Iron Wave"],"picked":"Body Slam+1","floor":19},{"not_picked":["Havoc+1","Fire Breathing","Heavy Blade"],"picked":"SKIP","floor":21}],"player_experience":97156,"relics_obtained":[{"floor":7,"key":"Happy Flower"},{"floor":9,"key":"Self Forming Clay"},{"floor":12,"key":"Dodecahedron"}],"event_choices":[{"damage_healed":0,"gold_gain":0,"player_choice":"Ignored","damage_taken":0,"max_hp_gain":0,"max_hp_loss":0,"event_name":"Golden Idol","floor":11,"gold_loss":0}],"is_beta":false,"boss_relics":[{"not_picked":["Tiny House","Sozu"],"picked":"Astrolabe"}],"items_purged_floors":[],"is_endless":false,"potions_floor_spawned":[2,7,10,12,14,19,21],"killed_by":"Gremlin Leader","ascension_level":0}