{"gold_per_floor":[109,109,125,138,149,182,182,201,201,201],"floor_reached":10,"playtime":425,"items_purged":[],"score":70,"play_id":"73be3e3a-76c1-4b5d-a7af-636a2f8a3c6e","local_time":"20181230203132","is_ascension_mode":false,"campfire_choices":[{"data":"Sunder","floor":7,"key":"SMITH"}],"neow_cost":"NONE","seed_source_timestamp":34710743095843,"circlet_count":0,"master_deck":["Strike_B","Strike_B","Strike_B","Strike_B","Defend_B","Defend_B","Defend_B","Defend_B","Zap","Dualcast","Redo","Sunder+1","Multi-Cast","Beam Cell","Leap"],"relics":["Cracked Core","Strawberry","Shuriken"],"potions_floor_usage":[],"damage_taken":[{"damage":4,"enemies":"2 Louse","floor":1,"turns":3},{"damage":1,"enemies":"Cultist","floor":3,"turns":3},{"damage":3,"enemies":"Small Slimes","floor":4,"turns":3},{"damage":9,"enemies":"Blue Slaver","floor":5,"turns":3},{"damage":34,"enemies":"3 Sentries","floor":6,"turns":7},{"damage":11,"enemies":"Large Slime","floor":8,"turns":6},{"damage":13,"enemies":"3 Louse","floor":10,"turns":3}],"seed_played":"-3304531723038838121","potions_obtained":[{"floor":3,"key":"SpeedPotion"},{"floor":5,"key":"GamblersBrew"},{"floor":6,"key":"AttackPotion"}],"is_trial":false,"path_per_floor":["M","?","M","M","M","E","R","M","T","M"],"character_chosen":"DEFECT","items_purchased":[],"campfire_rested":0,"item_purchase_floors":[],"current_hp_per_floor":[78,78,77,74,65,38,38,27,27,14],"gold":201,"neow_bonus":"TEN_PERCENT_HP_BONUS","is_prod":false,"is_daily":false,"chose_seed":false,"campfire_upgraded":1,"win_rate":0.0,"timestamp":1546198292,"path_taken":["M","?","M","M","?","E","R","M","T","M"],"build_version":"2018-12-20","purchased_purges":0,"victory":false,"max_hp_per_floor":[82,82,82,82,82,89,89,89,89,89],"card_choices":[{"not_picked":["Barrage","Beam Cell"],"picked":"Redo","floor":1},{"not_picked":["Beam Cell","Steam Power"],"picked":"Sunder","floor":3},{"not_picked":["Steam Power","Turbo","Chill"],"picked":"SKIP","floor":4},{"not_picked":["Go for the Eyes","Rebound"],"picked":"Multi-Cast","floor":5},{"not_picked":["Cold Snap","Tempest"],"picked":"Beam Cell","floor":6},{"not_picked":["Loop","Gash"],"picked":"Leap","floor":8}],"player_experience":91802,"relics_obtained":[{"floor":6,"key":"Strawberry"},{"floor":9,"key":"Shuriken"}],"event_choices":[{"damage_healed":0,"gold_gain":0,"player_choice":"Ignored","damage_taken":0,"max_hp_gain":0,"max_hp_loss":0,"event_name":"NoteForYourself","floor":2,"gold_loss":0}],"is_beta":false,"boss_relics":[],"items_purged_floors":[],"is_endless":false,"potions_floor_spawned":[3,5,6,8],"killed_by":"3 Louse","ascension_level":0}