{"gold_per_floor":[113,38,54,54,69,69,69,82,105,125,155,155,155,155,155,155],"floor_reached":16,"playtime":439,"items_purged":["Strike_R"],"score":90,"play_id":"bde722ac-207e-4adc-85fa-7e48a665684d","local_time":"20190201180756","is_ascension_mode":false,"campfire_choices":[{"data":"Whirlwind","floor":6,"key":"SMITH"},{"data":"Feed","floor":13,"key":"SMITH"},{"data":"Bash","floor":15,"key":"SMITH"}],"neow_cost":"NONE","seed_source_timestamp":250033650467398,"circlet_count":0,"master_deck":["Strike_R","Strike_R","Defend_R","Defend_R","Defend_R","Defend_R","Bash+1","Feed+1","Whirlwind+1"],"relics":["Burning Blood","Golden Idol","Boot"],"potions_floor_usage":[16,16],"damage_taken":[{"damage":2,"enemies":"2 Louse","floor":1,"turns":3},{"damage":1,"enemies":"Cultist","floor":3,"turns":3},{"damage":2,"enemies":"Small Slimes","floor":5,"turns":2},{"damage":18,"enemies":"Gremlin Gang","floor":8,"turns":3},{"damage":3,"enemies":"3 Louse","floor":10,"turns":2},{"damage":55,"enemies":"Hexaghost","floor":16,"turns":11}],"seed_played":"197280430907912778","potions_obtained":[{"floor":1,"key":"Swift Potion"},{"floor":5,"key":"Weak Potion"}],"is_trial":false,"path_per_floor":["M","$","M","?","M","R","?","M","T","M","?","?","R","?","R","B"],"character_chosen":"IRONCLAD","items_purchased":[],"campfire_rested":0,"item_purchase_floors":[],"current_hp_per_floor":[83,83,86,86,89,89,67,55,55,58,58,58,58,58,58,3],"gold":155,"neow_bonus":"ONE_RANDOM_RARE_CARD","is_prod":false,"is_daily":false,"chose_seed":false,"campfire_upgraded":3,"win_rate":0,"timestamp":1549057076,"path_taken":["M","$","M","?","?","R","?","M","T","M","?","?","R","?","R","BOSS"],"build_version":"2019-01-23","purchased_purges":1,"victory":false,"max_hp_per_floor":[83,83,86,86,89,89,89,89,89,89,89,89,89,89,89,89],"card_choices":[{"not_picked":["Entrench","Blood for Blood"],"picked":"Whirlwind","floor":1},{"not_picked":["Pommel Strike","Rage","Clash"],"picked":"SKIP","floor":3},{"not_picked":["Anger","Cleave","Sword Boomerang"],"picked":"SKIP","floor":5},{"not_picked":["Sword Boomerang","Thunderclap","Clash"],"picked":"SKIP","floor":8},{"not_picked":["Iron Wave","Shrug It Off","Heavy Blade"],"picked":"SKIP","floor":10}],"player_experience":296867,"relics_obtained":[{"floor":9,"key":"Boot"}],"event_choices":[{"cards_removed":["Strike_R"],"damage_healed":0,"gold_gain":0,"player_choice":"Offered Basic","damage_taken":0,"max_hp_gain":0,"max_hp_loss":0,"event_name":"Bonfire Elementals","floor":4,"gold_loss":0},{"damage_healed":0,"gold_gain":0,"player_choice":"Take Damage","damage_taken":22,"relics_obtained":["Golden Idol"],"max_hp_gain":0,"max_hp_loss":0,"event_name":"Golden Idol","floor":7,"gold_loss":0},{"damage_healed":0,"gold_gain":30,"player_choice":"Searched \u00272\u0027 times","damage_taken":0,"max_hp_gain":0,"max_hp_loss":0,"event_name":"Dead Adventurer","floor":11,"gold_loss":0},{"damage_healed":0,"gold_gain":0,"player_choice":"Ignored","damage_taken":0,"max_hp_gain":0,"max_hp_loss":0,"event_name":"Liars Game","floor":12,"gold_loss":0},{"cards_removed":["Strike_R"],"damage_healed":0,"gold_gain":0,"player_choice":"Purged","damage_taken":0,"max_hp_gain":0,"max_hp_loss":0,"event_name":"Purifier","floor":14,"gold_loss":0}],"is_beta":false,"boss_relics":[],"items_purged_floors":[2],"is_endless":false,"potions_floor_spawned":[1,5],"killed_by":"Hexaghost","ascension_level":0}