{"gold_per_floor":[114,125,125,141,159,194,194,194,220,240,251,251,282,295,295,391,391,405,405,55,71,82,97,123,141,141,141,168,168,183,193,193,294,294,314,71,71,71],"floor_reached":39,"playtime":1496,"items_purged":["Strike_R","Strike_R"],"score":877,"play_id":"ad6d4976-f998-4d99-abd1-88265aa4dbd9","local_time":"20190122172541","is_ascension_mode":true,"campfire_choices":[{"data":"Juggernaut","floor":7,"key":"SMITH"},{"data":"Armaments","floor":12,"key":"SMITH"},{"data":"Shockwave","floor":15,"key":"SMITH"},{"data":"Inflame","floor":27,"key":"SMITH"},{"floor":29,"key":"REST"},{"floor":32,"key":"REST"}],"neow_cost":"NONE","seed_source_timestamp":20627368364776,"circlet_count":0,"master_deck":["Strike_R","Strike_R","Defend_R","Defend_R","Defend_R","Defend_R","Bash","Shockwave+1","Heavy Blade","Juggernaut+1","Power Through","Armaments+1","Dropkick","Thunderclap","Disarm","Whirlwind","Impervious","Rage","Inflame+1","Iron Wave+1","Demon Form","Evolve+1","Intimidate+1","Reaper","Flex+1"],"relics":["Burning Blood","Lantern","Omamori","Strawberry","Sozu","Paper Frog","Chemical X","Self Forming Clay","Gremlin Horn","Happy Flower","Coffee Dripper","Bronze Scales"],"potions_floor_usage":[10,13,16,23,28],"damage_taken":[{"damage":9,"enemies":"Jaw Worm","floor":1,"turns":5},{"damage":4,"enemies":"2 Louse","floor":2,"turns":4},{"damage":2,"enemies":"Cultist","floor":4,"turns":4},{"damage":10,"enemies":"Red Slaver","floor":5,"turns":5},{"damage":48,"enemies":"Lagavulin","floor":6,"turns":9},{"damage":0,"enemies":"Looter","floor":10,"turns":3},{"damage":1,"enemies":"3 Louse","floor":11,"turns":4},{"damage":2,"enemies":"Gremlin Nob","floor":13,"turns":4},{"damage":24,"enemies":"Gremlin Gang","floor":14,"turns":7},{"damage":39,"enemies":"The Guardian","floor":16,"turns":11},{"damage":1,"enemies":"3 Byrds","floor":18,"turns":5},{"damage":1,"enemies":"Chosen","floor":21,"turns":5},{"damage":9,"enemies":"Centurion and Healer","floor":22,"turns":5},{"damage":13,"enemies":"Chosen and Byrds","floor":23,"turns":4},{"damage":28,"enemies":"Slavers","floor":24,"turns":3},{"damage":0,"enemies":"Sentry and Sphere","floor":25,"turns":4},{"damage":56,"enemies":"Gremlin Leader","floor":28,"turns":5},{"damage":6,"enemies":"Snecko","floor":30,"turns":4},{"damage":6,"enemies":"Snake Plant","floor":31,"turns":3},{"damage":16,"enemies":"Champ","floor":33,"turns":8},{"damage":20,"enemies":"Orb Walker","floor":35,"turns":5},{"damage":61,"enemies":"Time Eater","floor":38,"turns":9}],"seed_played":"-5521443846689312711","potions_obtained":[{"floor":2,"key":"Energy Potion"},{"floor":4,"key":"Poison Potion"},{"floor":6,"key":"BloodPotion"},{"floor":13,"key":"PowerPotion"},{"floor":16,"key":"AttackPotion"}],"is_trial":false,"path_per_floor":["M","M","?","M","M","E","R","?","T","M","M","R","E","M","R","B",null,"M","T","$","M","M","M","E","M","T","R","E","R","M","M","R","B",null,"M","$","?","B",null],"character_chosen":"IRONCLAD","items_purchased":["Chemical X","Inflame","Bronze Scales"],"campfire_rested":2,"item_purchase_floors":[20,20,36],"current_hp_per_floor":[85,87,87,88,84,42,42,42,42,56,61,61,72,54,54,21,95,95,95,95,95,92,85,63,69,69,69,19,47,47,47,75,65,95,87,87,87,44],"gold":71,"neow_bonus":"TEN_PERCENT_HP_BONUS","is_prod":false,"is_daily":false,"chose_seed":false,"campfire_upgraded":4,"win_rate":0,"timestamp":1548174341,"path_taken":["M","M","?","M","M","E","R","?","T","M","M","R","E","M","R","BOSS","M","?","$","M","M","M","E","M","T","R","E","R","M","M","R","BOSS","M","$","?","BOSS"],"build_version":"2019-01-17v2","purchased_purges":2,"victory":true,"max_hp_per_floor":[88,88,88,88,88,88,88,88,88,88,88,88,95,95,95,95,95,95,95,95,95,95,95,95,95,95,95,95,95,95,95,95,95,95,95,95,95,95],"card_choices":[{"not_picked":["Warcry","Sword Boomerang"],"picked":"Shockwave","floor":1},{"not_picked":["True Grit","Wild Strike"],"picked":"Heavy Blade","floor":2},{"not_picked":["Clash","Uppercut"],"picked":"Juggernaut","floor":4},{"not_picked":["Sever Soul","Heavy Blade"],"picked":"Power Through","floor":5},{"not_picked":["Warcry","Cleave"],"picked":"Armaments","floor":6},{"not_picked":["Fire Breathing","Headbutt"],"picked":"Dropkick","floor":10},{"not_picked":["Body Slam","Cleave"],"picked":"Thunderclap","floor":11},{"not_picked":["Sword Boomerang","Headbutt"],"picked":"Disarm","floor":13},{"not_picked":["Pommel Strike","Cleave"],"picked":"Whirlwind","floor":14},{"not_picked":["Double Tap","Bludgeon"],"picked":"Impervious","floor":16},{"not_picked":["Pommel Strike+1","Clothesline"],"picked":"Rage","floor":18},{"not_picked":["Disarm","Armaments","Twin Strike"],"picked":"SKIP","floor":21},{"not_picked":["Headbutt","Rage","Shockwave"],"picked":"SKIP","floor":22},{"not_picked":["Heavy Blade","Clash"],"picked":"Iron Wave+1","floor":23},{"not_picked":["Entrench","Shrug It Off"],"picked":"Demon Form","floor":24},{"not_picked":["Clash","Perfected Strike+1","Burning Pact"],"picked":"SKIP","floor":25},{"not_picked":["Reckless Charge","Brutality","Wild Strike"],"picked":"SKIP","floor":28},{"not_picked":["Anger","Wild Strike"],"picked":"Evolve+1","floor":30},{"not_picked":["Perfected Strike+1","True Grit"],"picked":"Intimidate+1","floor":31},{"not_picked":["Double Tap","Bludgeon"],"picked":"Reaper","floor":33},{"not_picked":["True Grit+1","Heavy Blade+1"],"picked":"Flex+1","floor":35}],"player_experience":233486,"relics_obtained":[{"floor":6,"key":"Lantern"},{"floor":9,"key":"Omamori"},{"floor":13,"key":"Strawberry"},{"floor":19,"key":"Paper Frog"},{"floor":24,"key":"Self Forming Clay"},{"floor":26,"key":"Gremlin Horn"},{"floor":28,"key":"Happy Flower"}],"event_choices":[{"damage_healed":0,"gold_gain":0,"player_choice":"Ignored","damage_taken":0,"max_hp_gain":0,"max_hp_loss":0,"event_name":"Liars Game","floor":3,"gold_loss":0},{"cards_removed":["Strike_R"],"damage_healed":0,"gold_gain":0,"player_choice":"Purged","damage_taken":0,"max_hp_gain":0,"max_hp_loss":0,"event_name":"Purifier","floor":8,"gold_loss":0},{"damage_healed":0,"gold_gain":0,"player_choice":"Took Portal","damage_taken":0,"max_hp_gain":0,"max_hp_loss":0,"event_name":"SecretPortal","floor":37,"gold_loss":0}],"is_beta":false,"boss_relics":[{"not_picked":["Velvet Choker","Calling Bell"],"picked":"Sozu"},{"not_picked":["Astrolabe","Lizard Tail"],"picked":"Coffee Dripper"}],"items_purged_floors":[20,36],"is_endless":false,"potions_floor_spawned":[2,4,6,13,16,22,24,25,30,31,33,35],"ascension_level":3}