{"gold_per_floor":[118,118,118,118,118,118,136,136,136,136,161,200,0,0,0,94,94,118,118,118,17,17,17,31,31],"floor_reached":25,"playtime":1087,"items_purged":[],"score":396,"play_id":"4b9de216-61b3-4eaa-b870-cf9382b97cc4","local_time":"20190109223825","is_ascension_mode":true,"campfire_choices":[{"data":"Bash","floor":6.0,"key":"SMITH"},{"data":"Shrug It Off","floor":8.0,"key":"SMITH"},{"data":"Mayhem","floor":15.0,"key":"SMITH"},{"data":"Limit Break","floor":23,"key":"SMITH"}],"neow_cost":"TEN_PERCENT_HP_LOSS","seed_source_timestamp":2846905779999925,"circlet_count":0,"master_deck":["AscendersBane","Defend_R","Defend_R","Defend_R","Defend_R","Bash+1","Inflame+1","Injury","Shrug It Off+1","Uppercut","Mayhem+1","Limit Break+1","Metallicize","Bite","Bite","Bite","Bite","Bite","Discovery"],"special_seed":0,"relics":["Burning Blood","Turnip","Golden Idol","Lantern","Champion Belt","Eternal Feather","MutagenicStrength"],"potions_floor_usage":[16,16,16,25],"damage_taken":[{"damage":5.0,"enemies":"Small Slimes","floor":1.0,"turns":3.0},{"damage":9.0,"enemies":"Jaw Worm","floor":7.0,"turns":3.0},{"damage":3.0,"enemies":"2 Louse","floor":11.0,"turns":3.0},{"damage":30.0,"enemies":"Lagavulin","floor":12.0,"turns":7.0},{"damage":45,"enemies":"The Guardian","floor":16,"turns":10},{"damage":34,"enemies":"Shell Parasite","floor":18,"turns":8},{"damage":24,"enemies":"Spheric Guardian","floor":24,"turns":5},{"damage":41,"enemies":"Slavers","floor":25,"turns":2}],"seed_played":"-390390879927403530","potions_obtained":[{"floor":7.0,"key":"SkillPotion"},{"floor":10.0,"key":"EntropicBrew"}],"is_trial":false,"path_per_floor":["M","?","?","?","?","R","M","R","T","?","M","E","$","?","R","B",null,"M","?","?","$","?","R","M","E"],"character_chosen":"IRONCLAD","items_purchased":["Mayhem","Discovery"],"campfire_rested":0,"item_purchase_floors":[13,21],"current_hp_per_floor":[68,73,73,73,73,73,70,70,70,70,73,49,49,49,49,10,57,29,29,29,29,29,38,32,0],"gold":31,"neow_bonus":"ONE_RARE_RELIC","is_prod":false,"is_daily":false,"chose_seed":false,"campfire_upgraded":4,"win_rate":0,"timestamp":1547069905,"path_taken":["M","?","?","?","?","R","M","R","T","?","?","E","$","?","R","BOSS","M","?","?","$","?","R","M","E"],"build_version":"2019-01-03v4","purchased_purges":0,"victory":false,"max_hp_per_floor":[68,73,73,73,73,73,73,73,73,73,73,73,73,73,73,73,73,73,73,51,51,51,51,51,51],"card_choices":[{"not_picked":["Thunderclap","Sword Boomerang"],"picked":"Inflame","floor":1.0},{"not_picked":["Iron Wave","Pummel"],"picked":"Shrug It Off","floor":7.0},{"not_picked":["Combust","Cleave","Headbutt"],"picked":"SKIP","floor":11.0},{"not_picked":["Headbutt","Pommel Strike"],"picked":"Uppercut","floor":12.0},{"not_picked":["Offering","Berserk"],"picked":"Limit Break","floor":16},{"not_picked":["Searing Blow","Anger"],"picked":"Metallicize","floor":18},{"not_picked":["Uppercut","Heavy Blade","Intimidate"],"picked":"SKIP","floor":24}],"player_experience":704061,"relics_obtained":[{"floor":9.0,"key":"Lantern"},{"floor":12.0,"key":"Champion Belt"}],"event_choices":[{"damage_healed":0.0,"max_hp_gain":5.0,"max_hp_loss":0.0,"gold_gain":0.0,"event_name":"Big Fish","player_choice":"Donut","floor":2.0,"gold_loss":0.0,"damage_taken":0.0},{"damage_healed":0.0,"max_hp_gain":0.0,"max_hp_loss":0.0,"gold_gain":0.0,"event_name":"Living Wall","player_choice":"Grow","floor":3.0,"gold_loss":0.0,"damage_taken":0.0,"cards_upgraded":["Inflame"]},{"damage_healed":0.0,"max_hp_gain":0.0,"max_hp_loss":0.0,"gold_gain":0.0,"event_name":"Liars Game","player_choice":"Ignored","floor":4.0,"gold_loss":0.0,"damage_taken":0.0},{"damage_healed":0.0,"max_hp_gain":0.0,"max_hp_loss":0.0,"gold_gain":0.0,"event_name":"Golden Idol","player_choice":"Take Wound","floor":5.0,"gold_loss":0.0,"damage_taken":0.0,"relics_obtained":["Golden Idol"],"cards_obtained":["Injury"]},{"damage_healed":0.0,"max_hp_gain":0.0,"max_hp_loss":0.0,"gold_gain":0.0,"event_name":"Lab","player_choice":"Got Potions","floor":10.0,"gold_loss":0.0,"damage_taken":0.0},{"damage_healed":0.0,"max_hp_gain":0.0,"max_hp_loss":0.0,"gold_gain":0.0,"event_name":"The Cleric","player_choice":"Leave","floor":14.0,"gold_loss":0.0,"damage_taken":0.0},{"damage_healed":0,"gold_gain":0,"player_choice":"Inject Mutagens","damage_taken":0,"relics_obtained":["MutagenicStrength"],"max_hp_gain":0,"max_hp_loss":0,"event_name":"Drug Dealer","floor":19,"gold_loss":0},{"damage_healed":0,"gold_gain":0,"player_choice":"Became a vampire","damage_taken":0,"max_hp_gain":0,"max_hp_loss":22,"event_name":"Vampires","floor":20,"gold_loss":0,"cards_obtained":["Bite","Bite","Bite","Bite","Bite"]},{"damage_healed":0,"gold_gain":0,"player_choice":"Ignored","damage_taken":0,"max_hp_gain":0,"max_hp_loss":0,"event_name":"Cursed Tome","floor":22,"gold_loss":0}],"is_beta":false,"boss_relics":[{"not_picked":["Calling Bell","Ectoplasm"],"picked":"Eternal Feather"}],"items_purged_floors":[],"is_endless":false,"potions_floor_spawned":[7,12],"killed_by":"Slavers","ascension_level":18}