{"gold_per_floor":[112,31,42,54,65,65,82,142,142,155,169,169,184,213,213,311,311,330,10,10,10,10,10,10,40,40,40,50,50,85,104,104,199,199,210,229,229,47,47,47,62,75,100,128,128,145,160,34,34,34],"floor_reached":51,"playtime":2802,"items_purged":["Strike_G","Strike_G+1"],"score":769,"play_id":"00194195-87b2-4dc4-9e1f-cbd81ebc0e85","local_time":"20190201222050","is_ascension_mode":false,"campfire_choices":[{"data":"Noxious Fumes","floor":6,"key":"SMITH"},{"data":"Footwork","floor":12,"key":"SMITH"},{"floor":15,"key":"REST"},{"data":"Bouncing Flask","floor":24,"key":"SMITH"},{"data":"Dodge and Roll","floor":27,"key":"SMITH"},{"floor":29,"key":"REST"},{"data":"Catalyst","floor":32,"key":"SMITH"},{"data":"Burst","floor":40,"key":"SMITH"},{"floor":45,"key":"RECALL"},{"data":"After Image","floor":49,"key":"SMITH"}],"neow_cost":"TEN_PERCENT_HP_LOSS","seed_source_timestamp":180985528074997,"circlet_count":0,"master_deck":["Defend_G+1","Defend_G+1","Defend_G+1","Defend_G+1","Strike_G+1","Strike_G+1","Survivor","Neutralize","Dagger Throw","Noxious Fumes+1","Bouncing Flask+1","Blur","Backflip","Footwork+1","After Image+1","Noxious Fumes+1","Dash","Tools of the Trade+1","Deadly Poison","Dodge and Roll+1","Catalyst+1","Deflect+1","Crippling Poison+1","Burst+1","Escape Plan+1","Footwork+1","Deadly Poison+1"],"relics":["Ring of the Snake","Mango","Frozen Egg 2","Bottled Tornado","Philosopher\u0027s Stone","Matryoshka","Snake Skull","Omamori","Strawberry","Mummified Hand","Vajra","Sozu","Sundial","Juzu Bracelet","Smiling Mask","Regal Pillow"],"potions_floor_usage":[10,16,16,30,42],"damage_taken":[{"damage":0,"enemies":"Jaw Worm","floor":1,"turns":5},{"damage":5,"enemies":"Small Slimes","floor":3,"turns":5},{"damage":0,"enemies":"Cultist","floor":4,"turns":3},{"damage":5,"enemies":"Looter","floor":5,"turns":4},{"damage":5,"enemies":"3 Louse","floor":7,"turns":4},{"damage":10,"enemies":"Lagavulin Event","floor":8,"turns":7},{"damage":3,"enemies":"Lots of Slimes","floor":10,"turns":5},{"damage":2,"enemies":"Red Slaver","floor":11,"turns":4},{"damage":3,"enemies":"Blue Slaver","floor":13,"turns":5},{"damage":19,"enemies":"3 Sentries","floor":14,"turns":5},{"damage":6,"enemies":"Slime Boss","floor":16,"turns":9},{"damage":17,"enemies":"2 Thieves","floor":18,"turns":4},{"damage":28,"enemies":"Gremlin Leader","floor":25,"turns":6},{"damage":0,"enemies":"Spheric Guardian","floor":28,"turns":4},{"damage":0,"enemies":"Slavers","floor":30,"turns":5},{"damage":10,"enemies":"3 Cultists","floor":31,"turns":4},{"damage":6,"enemies":"Automaton","floor":33,"turns":6},{"damage":6,"enemies":"3 Shapes","floor":35,"turns":3},{"damage":0,"enemies":"Orb Walker","floor":36,"turns":3},{"damage":0,"enemies":"Maw","floor":41,"turns":5},{"damage":0,"enemies":"3 Darklings","floor":42,"turns":4},{"damage":0,"enemies":"Giant Head","floor":44,"turns":7},{"damage":0,"enemies":"Writhing Mass","floor":46,"turns":4},{"damage":0,"enemies":"Spire Growth","floor":47,"turns":4},{"damage":29,"enemies":"Time Eater","floor":50,"turns":6}],"seed_played":"8176049914467584691","potions_obtained":[{"floor":3,"key":"Strength Potion"},{"floor":7,"key":"FearPotion"},{"floor":10,"key":"Poison Potion"},{"floor":13,"key":"PowerPotion"},{"floor":14,"key":"GamblersBrew"},{"floor":28,"key":"Block Potion"},{"floor":31,"key":"Fire Potion"}],"is_trial":false,"path_per_floor":["M","$","M","M","M","R","M","?","T","M","M","R","M","E","R","B",null,"M","$","?","?","$","?","R","E","T","R","M","R","E","M","R","B",null,"M","M","?","$","?","R","M","M","T","E","R","M","M","?","R","B",null],"character_chosen":"THE_SILENT","items_purchased":["Noxious Fumes","Matryoshka","Footwork+1"],"campfire_rested":2,"item_purchase_floors":[2,19,38],"current_hp_per_floor":[63,63,58,58,53,53,48,52,52,49,47,47,44,25,48,42,77,60,60,60,60,60,60,60,32,39,39,39,64,64,54,54,48,84,78,78,78,78,78,78,78,78,78,78,78,78,78,78,78,49],"gold":34,"neow_bonus":"REMOVE_TWO","is_prod":false,"is_daily":false,"chose_seed":false,"campfire_upgraded":7,"win_rate":0,"timestamp":1549088450,"path_taken":["M","$","M","M","M","R","M","?","T","M","M","R","M","E","R","BOSS","M","$","?","?","$","?","R","E","T","R","M","R","E","M","R","BOSS","M","M","?","?","?","R","M","M","T","E","R","M","M","?","R","BOSS"],"build_version":"2019-01-23","purchased_purges":2,"victory":true,"max_hp_per_floor":[63,63,63,63,63,63,63,77,77,77,77,77,77,77,77,77,77,77,77,77,77,77,77,77,77,84,84,84,84,84,84,84,84,84,84,84,84,84,84,84,84,84,84,84,84,84,84,84,84,84],"card_choices":[{"not_picked":["Poisoned Stab","Acrobatics"],"picked":"Dagger Throw","floor":1},{"not_picked":["Flying Knee","Poisoned Stab"],"picked":"Bouncing Flask","floor":3},{"not_picked":["Underhanded Strike","Dagger Throw"],"picked":"Blur","floor":4},{"not_picked":["Slice","Prepared"],"picked":"Backflip","floor":5},{"not_picked":["Sucker Punch","Dagger Spray"],"picked":"Footwork","floor":7},{"not_picked":["All Out Attack","Predator"],"picked":"After Image","floor":8},{"not_picked":["Poisoned Stab","Choke"],"picked":"Noxious Fumes+1","floor":10},{"not_picked":["Dagger Throw","Quick Slash","Slice"],"picked":"SKIP","floor":11},{"not_picked":["Heel Hook","Cloak And Dagger","Masterful Stab"],"picked":"SKIP","floor":13},{"not_picked":["Envenom+1","Skewer"],"picked":"Dash","floor":14},{"not_picked":["Venomology","Grand Finale"],"picked":"Tools of the Trade+1","floor":16},{"not_picked":["Slice","Finisher"],"picked":"Deadly Poison","floor":18},{"not_picked":["Dagger Spray","Finisher"],"picked":"Dodge and Roll","floor":25},{"not_picked":["Cloak And Dagger","PiercingWail"],"picked":"Catalyst","floor":28},{"not_picked":["Finisher+1","Slice"],"picked":"Deflect+1","floor":30},{"not_picked":["Underhanded Strike","Backflip"],"picked":"Crippling Poison+1","floor":31},{"not_picked":["Tools of the Trade+1","Unload"],"picked":"Burst","floor":33},{"not_picked":["Calculated Gamble+1","Dagger Spray"],"picked":"Escape Plan+1","floor":35},{"not_picked":["Quick Slash+1","Slice+1","Dagger Spray+1"],"picked":"SKIP","floor":36},{"not_picked":["Underhanded Strike+1","Slice"],"picked":"Deadly Poison+1","floor":41},{"not_picked":["Deadly Poison+1","Backflip","Acrobatics"],"picked":"SKIP","floor":42},{"not_picked":["Deadly Poison+1","Backflip","Acrobatics"],"picked":"SKIP","floor":42},{"not_picked":["Predator+1","Eviscerate","Doppelganger"],"picked":"SKIP","floor":44},{"not_picked":["Cloak And Dagger+1","Tactician","Underhanded Strike"],"picked":"SKIP","floor":46},{"not_picked":["Endless Agony","Quick Slash","Deflect"],"picked":"SKIP","floor":47}],"player_experience":154439,"relics_obtained":[{"floor":9,"key":"Frozen Egg 2"},{"floor":14,"key":"Bottled Tornado"},{"floor":25,"key":"Omamori"},{"floor":26,"key":"Strawberry"},{"floor":26,"key":"Mummified Hand"},{"floor":30,"key":"Vajra"},{"floor":43,"key":"Sundial"},{"floor":43,"key":"Juzu Bracelet"},{"floor":44,"key":"Smiling Mask"}],"event_choices":[{"damage_healed":0,"gold_gain":0,"player_choice":"Searched \u00273\u0027 times","damage_taken":0,"relics_obtained":["Mango"],"max_hp_gain":0,"max_hp_loss":0,"event_name":"Dead Adventurer","floor":8,"gold_loss":0},{"damage_healed":0,"gold_gain":0,"player_choice":"Opened","damage_taken":0,"relics_obtained":["Snake Skull"],"max_hp_gain":0,"max_hp_loss":0,"event_name":"The Mausoleum","floor":20,"gold_loss":0},{"damage_healed":0,"gold_gain":0,"player_choice":"Simplicity","damage_taken":0,"max_hp_gain":0,"max_hp_loss":0,"event_name":"Back to Basics","floor":21,"gold_loss":0,"cards_upgraded":["Defend_G","Defend_G","Defend_G","Defend_G","Strike_G","Strike_G","Strike_G"]},{"damage_healed":0,"gold_gain":0,"player_choice":"Ignored","damage_taken":0,"max_hp_gain":0,"max_hp_loss":0,"event_name":"Ghosts","floor":23,"gold_loss":0},{"damage_healed":0,"gold_gain":0,"player_choice":"Ignored","damage_taken":0,"max_hp_gain":0,"max_hp_loss":0,"event_name":"NoteForYourself","floor":37,"gold_loss":0},{"damage_healed":0,"gold_gain":0,"player_choice":"Memory 1","damage_taken":0,"max_hp_gain":0,"max_hp_loss":0,"event_name":"SensoryStone","floor":39,"gold_loss":0},{"damage_healed":0,"gold_gain":0,"player_choice":"Paid Gold","damage_taken":0,"relics_obtained":["Regal Pillow"],"max_hp_gain":0,"max_hp_loss":0,"event_name":"WeMeetAgain","floor":48,"gold_loss":126}],"is_beta":false,"boss_relics":[{"not_picked":["WristBlade","Runic Pyramid"],"picked":"Philosopher\u0027s Stone"},{"not_picked":["Astrolabe","Coffee Dripper"],"picked":"Sozu"}],"items_purged_floors":[19,38],"is_endless":false,"potions_floor_spawned":[3,7,10,13,14,28,31,41,42],"ascension_level":0}