{"gold_per_floor":[116,136,148,166,179,179,179,190,217,217,70,94,113,134,134,134],"floor_reached":16,"playtime":722,"items_purged":["Strike_R"],"score":103,"play_id":"31f8a4f9-8e11-4279-a0ae-bb04dfa8955e","local_time":"20180804133039","is_ascension_mode":true,"campfire_choices":[{"data":"Warcry","floor":6,"key":"SMITH"},{"data":"Warcry","floor":15,"key":"SMITH"}],"neow_cost":"NONE","seed_source_timestamp":443743282429295,"circlet_count":0,"master_deck":["Strike_R","Strike_R","Strike_R","Strike_R","Defend_R","Defend_R","Defend_R","Defend_R","Bash","Disarm","Warcry+1","Ghostly Armor","Shrug It Off","Whirlwind","Shrug It Off","Warcry+1"],"relics":["Burning Blood","FaceOfCleric","Juzu Bracelet","Golden Idol"],"potions_floor_usage":[16,16],"damage_taken":[{"damage":6,"enemies":"Jaw Worm","floor":1,"turns":3},{"damage":6,"enemies":"Cultist","floor":2,"turns":3},{"damage":0,"enemies":"Small Slimes","floor":3,"turns":3},{"damage":12,"enemies":"Blue Slaver","floor":4,"turns":5},{"damage":0,"enemies":"Looter","floor":5,"turns":4},{"damage":18,"enemies":"Large Slime","floor":8,"turns":12},{"damage":0,"enemies":"2 Fungi Beasts","floor":12,"turns":4},{"damage":5,"enemies":"Exordium Wildlife","floor":13,"turns":5},{"damage":10,"enemies":"Looter","floor":14,"turns":4},{"damage":84,"enemies":"Hexaghost","floor":16,"turns":16}],"seed_played":"-5827267398152663497","potions_obtained":[{"floor":2,"key":"Dexterity Potion"},{"floor":3,"key":"SkillPotion"},{"floor":4,"key":"BloodPotion"},{"floor":12,"key":"Poison Potion"}],"is_trial":false,"path_per_floor":["M","M","M","M","M","R","?","M","T","?","$","M","M","M","R"],"character_chosen":"IRONCLAD","items_purchased":["Whirlwind"],"campfire_rested":0,"item_purchase_floors":[11],"current_hp_per_floor":[80,80,80,74,80,80,80,69,69,69,69,76,77,74,74,0],"gold":134,"neow_bonus":"THREE_CARDS","is_prod":false,"is_daily":false,"chose_seed":false,"campfire_upgraded":2,"win_rate":0,"timestamp":1533360639,"path_taken":["M","M","M","M","M","R","?","?","T","?","$","M","M","M","R","BOSS"],"build_version":"2018-08-02","purchased_purges":1,"victory":false,"max_hp_per_floor":[80,80,80,80,80,80,80,81,81,75,75,76,77,78,78,78],"card_choices":[{"not_picked":["Havoc","Clothesline"],"picked":"Disarm","floor":1},{"not_picked":["Hemokinesis","Anger","Clothesline"],"picked":"SKIP","floor":2},{"not_picked":["Pommel Strike","Rage"],"picked":"Warcry","floor":3},{"not_picked":["Thunderclap","Headbutt"],"picked":"Ghostly Armor","floor":4},{"not_picked":["Combust","Cleave","Clash"],"picked":"SKIP","floor":5},{"not_picked":["Juggernaut","Second Wind"],"picked":"Shrug It Off","floor":8},{"not_picked":["Sentinel","Reckless Charge"],"picked":"Shrug It Off","floor":12},{"not_picked":["Rupture","Flex"],"picked":"Warcry","floor":13},{"not_picked":["Body Slam","Uppercut","Clash"],"picked":"SKIP","floor":14}],"player_experience":163675,"relics_obtained":[{"floor":9,"key":"Juzu Bracelet"}],"event_choices":[{"event_name":"FaceTrader","player_choice":"Trade","floor":7,"damage_taken":0},{"event_name":"Golden Idol","player_choice":"Lose Max HP","floor":10,"damage_taken":0}],"is_beta":false,"boss_relics":[],"items_purged_floors":[11],"is_endless":false,"potions_floor_spawned":[2,3,4,12,14],"killed_by":"Hexaghost","ascension_level":1}