{"gold_per_floor":[116,132,57,74,90,106,106,6,60,60,71,84,84,95,95,196,196,211,178,188,188],"floor_reached":21,"playtime":2126,"items_purged":["Strike_R","Strike_R"],"score":186,"play_id":"88b2402c-9ff8-4a2e-a212-ed0c537bd5c7","local_time":"20180804182349","is_ascension_mode":true,"campfire_choices":[{"data":"Shrug It Off","floor":7,"key":"SMITH"},{"data":"Body Slam","floor":15,"key":"SMITH"}],"neow_cost":"NONE","seed_source_timestamp":459929020659981,"circlet_count":0,"master_deck":["Strike_R","Strike_R","Strike_R","Defend_R","Defend_R","Defend_R","Defend_R","Bash","Shrug It Off+1","Headbutt","Cleave","Body Slam+1","Battle Trance","Flame Barrier","Limit Break","Warcry+1","Shrug It Off+1"],"relics":["Burning Blood","Ancient Tea Set","Runic Cube"],"potions_floor_usage":[16,20],"damage_taken":[{"damage":6,"enemies":"Cultist","floor":1,"turns":3},{"damage":5,"enemies":"Small Slimes","floor":2,"turns":5},{"damage":7,"enemies":"2 Louse","floor":4,"turns":3},{"damage":11,"enemies":"Looter","floor":5,"turns":4},{"damage":10,"enemies":"Gremlin Gang","floor":6,"turns":6},{"damage":1,"enemies":"3 Louse","floor":11,"turns":2},{"damage":0,"enemies":"Looter","floor":12,"turns":4},{"damage":18,"enemies":"Exordium Thugs","floor":14,"turns":8},{"damage":75,"enemies":"Hexaghost","floor":16,"turns":15},{"damage":25,"enemies":"Spheric Guardian","floor":18,"turns":7},{"damage":13,"enemies":"2 Thieves","floor":19,"turns":5},{"damage":18,"enemies":"Snake Plant","floor":20,"turns":5},{"damage":50,"enemies":"Centurion and Healer","floor":21,"turns":17}],"seed_played":"-6070015792493301486","potions_obtained":[{"floor":2,"key":"LiquidBronze"},{"floor":4,"key":"Weak Potion"},{"floor":5,"key":"Block Potion"},{"floor":16,"key":"SteroidPotion"}],"is_trial":false,"path_per_floor":["M","M","$","M","M","M","R","$","T","$","M","M","?","M","R","B",null,"M","M","M"],"character_chosen":"IRONCLAD","items_purchased":[],"campfire_rested":0,"item_purchase_floors":[],"current_hp_per_floor":[88,88,88,87,82,78,78,78,78,78,83,88,88,76,76,7,88,69,62,50,0],"gold":188,"neow_bonus":"TEN_PERCENT_HP_BONUS","is_prod":false,"is_daily":false,"chose_seed":false,"campfire_upgraded":2,"win_rate":0,"timestamp":1533378229,"path_taken":["M","M","$","M","M","M","R","?","T","$","M","M","?","M","R","BOSS","M","?","M","M"],"build_version":"2018-08-02","purchased_purges":2,"victory":false,"max_hp_per_floor":[88,88,88,88,88,88,88,88,88,88,88,88,88,88,88,88,88,88,88,88,88],"card_choices":[{"not_picked":["Anger","Warcry"],"picked":"Shrug It Off","floor":1},{"not_picked":["Cleave","Intimidate"],"picked":"Headbutt","floor":2},{"not_picked":["Thunderclap","Clash"],"picked":"Cleave","floor":4},{"not_picked":["Power Through","Wild Strike","Intimidate"],"picked":"SKIP","floor":5},{"not_picked":["Thunderclap","Cleave"],"picked":"Body Slam","floor":6},{"not_picked":["Iron Wave","Heavy Blade","Dark Embrace"],"picked":"SKIP","floor":11},{"not_picked":["Perfected Strike","Rampage"],"picked":"Battle Trance","floor":12},{"not_picked":["Feel No Pain","Twin Strike"],"picked":"Flame Barrier","floor":14},{"not_picked":["Dark Embrace","Offering"],"picked":"Limit Break","floor":16},{"not_picked":["Havoc","Searing Blow"],"picked":"Warcry+1","floor":18},{"not_picked":["Evolve","Flame Barrier","Warcry+1"],"picked":"SKIP","floor":19},{"not_picked":["Wild Strike+1","Combust+1"],"picked":"Shrug It Off+1","floor":20}],"player_experience":178984,"relics_obtained":[{"floor":9,"key":"Ancient Tea Set"}],"event_choices":[{"event_name":"Liars Game","player_choice":"disagreed","floor":13,"damage_taken":0}],"is_beta":false,"boss_relics":[{"not_picked":["Runic Dome","Astrolabe"],"picked":"Runic Cube"}],"items_purged_floors":[3,8],"is_endless":false,"potions_floor_spawned":[2,4,5,11,16,19],"killed_by":"Centurion and Healer","ascension_level":1}