{"gold_per_floor":[214,234,66,81,92,92,42,75,75,75,75,75,93,111,111,230,293,307,320,320,320,220,220],"floor_reached":23,"playtime":1625,"items_purged":["Strike_R","Defend_R"],"score":210,"play_id":"93bd44bf-dc39-49d8-b4f4-d4891b9550ca","local_time":"20190202143819","is_ascension_mode":true,"campfire_choices":[{"data":"Body Slam","floor":6,"key":"SMITH"},{"data":"Shrug It Off","floor":11,"key":"SMITH"},{"floor":15,"key":"REST"}],"neow_cost":"NONE","seed_source_timestamp":626469899168750,"circlet_count":0,"master_deck":["Strike_R","Strike_R+1","Defend_R","Defend_R+1","Defend_R","Bash+1","Metallicize","Shrug It Off+1","Flame Barrier","Body Slam+1","Impervious","Entrench","Entrench"],"relics":["Burning Blood","Self Forming Clay","Mercury Hourglass","Golden Idol","Tiny House","MutagenicStrength"],"potions_floor_usage":[13,23,23,23],"damage_taken":[{"damage":1,"enemies":"Cultist","floor":1,"turns":3},{"damage":6,"enemies":"2 Louse","floor":2,"turns":3},{"damage":1,"enemies":"Small Slimes","floor":4,"turns":5},{"damage":2,"enemies":"Blue Slaver","floor":5,"turns":6},{"damage":44,"enemies":"Lagavulin","floor":8,"turns":14},{"damage":0,"enemies":"Exordium Thugs","floor":13,"turns":5},{"damage":0,"enemies":"3 Louse","floor":14,"turns":3},{"damage":50,"enemies":"The Guardian","floor":16,"turns":14},{"damage":14,"enemies":"Spheric Guardian","floor":18,"turns":6},{"damage":37,"enemies":"Chosen","floor":19,"turns":8},{"damage":57,"enemies":"Gremlin Leader","floor":23,"turns":6}],"seed_played":"3029921484851160283","potions_obtained":[{"floor":2,"key":"Dexterity Potion"},{"floor":8,"key":"LiquidBronze"},{"floor":13,"key":"Regen Potion"},{"floor":16,"key":"EssenceOfSteel"}],"is_trial":false,"path_per_floor":["M","M","$","M","M","R","?","E","T","?","R","?","M","M","R","B",null,"M","M","?","?","$","E"],"character_chosen":"IRONCLAD","items_purchased":["Shrug It Off","Flame Barrier"],"campfire_rested":1,"item_purchase_floors":[3,3],"current_hp_per_floor":[80,80,80,80,80,80,80,42,42,42,42,27,33,39,61,17,79,71,40,40,40,40,0],"gold":220,"neow_bonus":"HUNDRED_GOLD","is_prod":false,"is_daily":false,"chose_seed":false,"campfire_upgraded":2,"win_rate":0,"timestamp":1549114699,"path_taken":["M","M","$","?","M","R","?","E","T","?","R","?","M","M","R","BOSS","M","M","?","?","$","E"],"build_version":"2019-01-23","purchased_purges":2,"victory":false,"max_hp_per_floor":[80,80,80,80,80,80,80,80,80,74,74,74,74,74,74,74,79,79,79,79,79,79,79],"card_choices":[{"not_picked":["Sword Boomerang","Flame Barrier","Combust"],"picked":"SKIP","floor":1},{"not_picked":["Inflame","Twin Strike"],"picked":"Metallicize","floor":2},{"not_picked":["Shockwave","True Grit","Clothesline"],"picked":"SKIP","floor":4},{"not_picked":["Thunderclap","Inflame"],"picked":"Body Slam","floor":5},{"not_picked":["Flex","Brutality","Searing Blow"],"picked":"SKIP","floor":8},{"not_picked":["True Grit","Shockwave","Iron Wave"],"picked":"SKIP","floor":13},{"not_picked":["Sever Soul","Twin Strike","Wild Strike"],"picked":"SKIP","floor":14},{"not_picked":["Bludgeon","Brutality"],"picked":"Impervious","floor":16},{"not_picked":["Cleave","Clothesline"],"picked":"Entrench","floor":17},{"not_picked":["Flex+1","Perfected Strike"],"picked":"Entrench","floor":18},{"not_picked":["Feel No Pain","Ghostly Armor","Clash"],"picked":"SKIP","floor":19}],"player_experience":68454,"relics_obtained":[{"floor":8,"key":"Self Forming Clay"},{"floor":9,"key":"Mercury Hourglass"}],"event_choices":[{"cards_removed":["Strike_R"],"damage_healed":0,"gold_gain":0,"player_choice":"Card Removal","damage_taken":0,"max_hp_gain":0,"max_hp_loss":0,"event_name":"The Cleric","floor":7,"gold_loss":50},{"damage_healed":0,"gold_gain":0,"player_choice":"Lose Max HP","damage_taken":0,"relics_obtained":["Golden Idol"],"max_hp_gain":0,"max_hp_loss":6,"event_name":"Golden Idol","floor":10,"gold_loss":0},{"damage_healed":0,"gold_gain":0,"player_choice":"Entered Light","damage_taken":15,"max_hp_gain":0,"max_hp_loss":0,"event_name":"Shining Light","floor":12,"gold_loss":0,"cards_upgraded":["Defend_R","Bash"]},{"damage_healed":0,"gold_gain":0,"player_choice":"Inject Mutagens","damage_taken":0,"relics_obtained":["MutagenicStrength"],"max_hp_gain":0,"max_hp_loss":0,"event_name":"Drug Dealer","floor":20,"gold_loss":0},{"cards_removed":["Strike_R"],"damage_healed":0,"gold_gain":0,"player_choice":"Elegance","damage_taken":0,"max_hp_gain":0,"max_hp_loss":0,"event_name":"Back to Basics","floor":21,"gold_loss":0}],"is_beta":false,"boss_relics":[{"not_picked":["Runic Cube","Calling Bell"],"picked":"Tiny House"}],"items_purged_floors":[3,22],"is_endless":false,"potions_floor_spawned":[2,8,13,16],"killed_by":"Gremlin Leader","ascension_level":2}