{"gold_per_floor":[144,144,1,1,20,53,53,64,64,64,96,108,125,5,5,103,403,418,418,57,57,75,110,110,140,167,91,41,60,78,98,98,98],"floor_reached":33,"playtime":1232,"items_purged":["Dualcast","Normality"],"score":320,"play_id":"3fd5f353-3972-41d2-b286-492efe4bbdc7","local_time":"20190108110459","is_ascension_mode":false,"campfire_choices":[{"data":"Genetic Algorithm","floor":7,"key":"SMITH"},{"data":"Zap","floor":15,"key":"SMITH"},{"floor":24,"key":"REST"},{"floor":32,"key":"REST"}],"neow_cost":"NONE","seed_source_timestamp":1075446380633153,"circlet_count":0,"master_deck":["Strike_B","Strike_B","Strike_B","Defend_B","Defend_B","Defend_B","Defend_B","Zap+1","Ball Lightning","Sweeping Beam","Genetic Algorithm+1","Self Repair","Go for the Eyes","Redo","Conserve Battery","Electrodynamics","Injury","Injury","Hologram","Dramatic Entrance","Leap","Capacitor","Streamline","Go for the Eyes","Capacitor","Ball Lightning","Conserve Battery","Barrage"],"relics":["Cracked Core","Tiny Chest","PreservedInsect","Question Card","Blood Vial","Strawberry","Calling Bell","Boot","Dodecahedron","Old Coin","Bronze Scales","Bag of Preparation","Mercury Hourglass","Centennial Puzzle"],"potions_floor_usage":[8,11,16,22,23,23,33,33],"damage_taken":[{"damage":0,"enemies":"2 Louse","floor":1,"turns":3},{"damage":7,"enemies":"Small Slimes","floor":5,"turns":3},{"damage":21,"enemies":"Lagavulin","floor":6,"turns":5},{"damage":4,"enemies":"Jaw Worm","floor":8,"turns":4},{"damage":22,"enemies":"3 Sentries","floor":11,"turns":4},{"damage":0,"enemies":"2 Fungi Beasts","floor":12,"turns":3},{"damage":5,"enemies":"Looter","floor":13,"turns":4},{"damage":24,"enemies":"Slime Boss","floor":16,"turns":9},{"damage":9,"enemies":"Shell Parasite","floor":18,"turns":8},{"damage":0,"enemies":"Spheric Guardian","floor":22,"turns":4},{"damage":26,"enemies":"Book of Stabbing","floor":23,"turns":5},{"damage":34,"enemies":"Slavers","floor":25,"turns":4},{"damage":10,"enemies":"Cultist and Chosen","floor":29,"turns":4},{"damage":26,"enemies":"Centurion and Healer","floor":30,"turns":6},{"damage":24,"enemies":"Shelled Parasite and Fungi","floor":31,"turns":7},{"damage":62,"enemies":"Champ","floor":33,"turns":9}],"seed_played":"-8154281636476351874","potions_obtained":[{"floor":5,"key":"Weak Potion"},{"floor":6,"key":"Regen Potion"},{"floor":8,"key":"Fruit Juice"},{"floor":12,"key":"SpeedPotion"},{"floor":16,"key":"FocusPotion"},{"floor":18,"key":"Block Potion"},{"floor":22,"key":"LiquidBronze"},{"floor":25,"key":"LiquidBronze"}],"is_trial":false,"path_per_floor":["M","?","$","?","M","E","R","M","T","?","E","M","M","$","R","B",null,"M","?","$","?","M","E","R","E","T","$","?","M","M","M","R","B"],"character_chosen":"DEFECT","items_purchased":["PreservedInsect","Conserve Battery","Bronze Scales","Dramatic Entrance","Leap","Capacitor"],"campfire_rested":2,"item_purchase_floors":[3,14,20,20,20,27],"current_hp_per_floor":[75,68,68,68,61,40,40,41,41,41,47,56,60,60,60,45,87,85,68,68,68,77,60,87,62,62,62,62,61,44,29,56,0],"gold":98,"neow_bonus":"RANDOM_COMMON_RELIC","is_prod":false,"is_daily":false,"chose_seed":false,"campfire_upgraded":2,"win_rate":0.0,"timestamp":1546941899,"path_taken":["M","?","$","?","M","E","R","M","T","?","E","M","M","?","R","BOSS","M","?","$","?","M","E","R","E","T","$","?","?","?","M","R","BOSS"],"build_version":"2019-01-03v4","purchased_purges":2,"victory":false,"max_hp_per_floor":[75,75,75,75,75,75,75,80,80,80,87,87,87,87,87,87,87,87,92,92,92,92,92,92,92,92,92,92,92,92,92,92,92],"card_choices":[{"not_picked":["Go for the Eyes","Fusion"],"picked":"Ball Lightning","floor":1},{"not_picked":["Doom and Gloom","Compile Driver"],"picked":"Sweeping Beam","floor":5},{"not_picked":["Darkness","Ball Lightning"],"picked":"Genetic Algorithm","floor":6},{"not_picked":["Streamline","Steam","Fusion"],"picked":"Self Repair","floor":8},{"not_picked":["Melter","Sunder","Chaos"],"picked":"Go for the Eyes","floor":11},{"not_picked":["Steam","Turbo","Compile Driver","Biased Cognition"],"picked":"SKIP","floor":12},{"not_picked":["Turbo","Go for the Eyes","Hologram"],"picked":"Redo","floor":13},{"not_picked":["Machine Learning","Meteor Strike","Seek"],"picked":"Electrodynamics","floor":16},{"not_picked":["Turbo","Rebound","Rip and Tear"],"picked":"Hologram","floor":18},{"not_picked":["FTL","Sunder","Leap+1"],"picked":"Capacitor","floor":22},{"not_picked":["Consume","Turbo+1","Reinforced Body"],"picked":"Streamline","floor":23},{"not_picked":["Darkness","Chaos+1","Coolheaded"],"picked":"Go for the Eyes","floor":25},{"not_picked":["Rip and Tear+1","Leap","Biased Cognition"],"picked":"Ball Lightning","floor":29},{"not_picked":["Redo","Hologram","Steam"],"picked":"Conserve Battery","floor":30},{"not_picked":["Sweeping Beam","Melter","Hologram"],"picked":"Barrage","floor":31}],"player_experience":388521,"relics_obtained":[{"floor":6,"key":"Question Card"},{"floor":9,"key":"Blood Vial"},{"floor":11,"key":"Strawberry"},{"floor":17,"key":"Boot"},{"floor":17,"key":"Dodecahedron"},{"floor":17,"key":"Old Coin"},{"floor":23,"key":"Bag of Preparation"},{"floor":25,"key":"Mercury Hourglass"},{"floor":26,"key":"Centennial Puzzle"}],"event_choices":[{"cards_removed":["Strike_B"],"damage_healed":0,"gold_gain":0,"player_choice":"Card Removal","damage_taken":7,"max_hp_gain":0,"max_hp_loss":0,"event_name":"Golden Wing","floor":2,"gold_loss":0},{"damage_healed":0,"gold_gain":0,"player_choice":"Leave","damage_taken":0,"max_hp_gain":0,"max_hp_loss":0,"event_name":"The Cleric","floor":4,"gold_loss":0},{"damage_healed":0,"gold_gain":0,"player_choice":"Ignored","damage_taken":0,"max_hp_gain":0,"max_hp_loss":0,"event_name":"Liars Game","floor":10,"gold_loss":0},{"damage_healed":0,"gold_gain":0,"player_choice":"Shed Blood","damage_taken":22,"max_hp_gain":5,"max_hp_loss":0,"event_name":"Forgotten Altar","floor":19,"gold_loss":0},{"damage_healed":0,"gold_gain":0,"player_choice":"Ignored","damage_taken":0,"max_hp_gain":0,"max_hp_loss":0,"event_name":"Beggar","floor":21,"gold_loss":0},{"damage_healed":0,"gold_gain":0,"player_choice":"Bet on Owner","damage_taken":0,"max_hp_gain":0,"max_hp_loss":0,"event_name":"The Joust","floor":28,"gold_loss":50}],"is_beta":false,"boss_relics":[{"not_picked":["Coffee Dripper","Lizard Tail"],"picked":"Calling Bell"}],"items_purged_floors":[14,20],"is_endless":false,"potions_floor_spawned":[5,6,8,12,16,18,22,25],"killed_by":"Champ","ascension_level":0}