{"gold_per_floor":[109,109,122,47,60,60,98,98,145,169,202,202,202,102,102,227,227,246,246,246,265,281,281,322,335,414,88,113,113,136,156,156,275,275,293,318,318,318,343,387,387,140,217,235,235,249,265,283,283,283],"floor_reached":51,"playtime":2532,"items_purged":["Strike_G","Strike_G","Defend_G","Strike_G"],"score":799,"play_id":"5f52e26a-7af3-456e-9193-2011928b758e","local_time":"20181010221713","is_ascension_mode":true,"campfire_choices":[{"data":"Bouncing Flask","floor":6,"key":"SMITH"},{"data":"Poisoned Stab","floor":8,"key":"SMITH"},{"floor":12,"key":"REST"},{"data":"Poisoned Stab","floor":15,"key":"SMITH"},{"data":"Corpse Explosion","floor":23,"key":"SMITH"},{"floor":29,"key":"REST"},{"floor":32,"key":"REST"},{"data":"Catalyst","floor":41,"key":"SMITH"},{"data":"Burst","floor":45,"key":"SMITH"},{"data":"Catalyst","floor":49,"key":"SMITH"}],"neow_cost":"NONE","seed_source_timestamp":887319139350353,"circlet_count":0,"master_deck":["Defend_G","Defend_G+1","Survivor+1","Neutralize","Bouncing Flask+1","Poisoned Stab+1","Poisoned Stab","Poisoned Stab+1","Backflip+1","Corpse Explosion+1","Prepared","Poisoned Stab+1","Burst+1","Catalyst+1","Catalyst+1"],"relics":["Ring of the Snake","NeowsBlessing","Golden Idol","Happy Flower","War Paint","Dodecahedron","Empty Cage","Red Mask","Ninja Scroll","TwistedFunnel","Velvet Choker","Gambling Chip","Mummified Hand","Sundial"],"potions_floor_usage":[39,40,50],"damage_taken":[{"damage":0,"enemies":"Small Slimes","floor":1,"turns":1},{"damage":0,"enemies":"2 Louse","floor":3,"turns":1},{"damage":0,"enemies":"Cultist","floor":5,"turns":1},{"damage":8,"enemies":"Lagavulin","floor":7,"turns":5},{"damage":13,"enemies":"Gremlin Gang","floor":10,"turns":6},{"damage":14,"enemies":"Gremlin Nob","floor":11,"turns":3},{"damage":32,"enemies":"Slime Boss","floor":16,"turns":9},{"damage":30,"enemies":"3 Byrds","floor":18,"turns":3},{"damage":2,"enemies":"Spheric Guardian","floor":21,"turns":3},{"damage":2,"enemies":"Centurion and Healer","floor":22,"turns":5},{"damage":2,"enemies":"Masked Bandits","floor":24,"turns":2},{"damage":1,"enemies":"Sentry and Sphere","floor":25,"turns":3},{"damage":20,"enemies":"Shelled Parasite and Fungi","floor":28,"turns":4},{"damage":0,"enemies":"Chosen and Byrds","floor":30,"turns":4},{"damage":0,"enemies":"Centurion and Healer","floor":31,"turns":3},{"damage":66,"enemies":"Automaton","floor":33,"turns":8},{"damage":0,"enemies":"3 Shapes","floor":35,"turns":3},{"damage":7,"enemies":"Orb Walker","floor":36,"turns":3},{"damage":0,"enemies":"Mind Bloom Boss Battle","floor":37,"turns":5},{"damage":0,"enemies":"Transient","floor":39,"turns":5},{"damage":28,"enemies":"Giant Head","floor":40,"turns":6},{"damage":3,"enemies":"Sphere and 2 Shapes","floor":44,"turns":3},{"damage":0,"enemies":"4 Shapes","floor":46,"turns":1},{"damage":0,"enemies":"3 Darklings","floor":47,"turns":1},{"damage":0,"enemies":"Sphere and 2 Shapes","floor":48,"turns":1},{"damage":38,"enemies":"Donu and Deca","floor":50,"turns":3}],"seed_played":"4229379016290839770","potions_obtained":[{"floor":5,"key":"FairyPotion"},{"floor":7,"key":"FairyPotion"},{"floor":10,"key":"Swift Potion"},{"floor":33,"key":"PowerPotion"},{"floor":39,"key":"Ancient Potion"}],"is_trial":false,"path_per_floor":["M","?","M","$","M","R","E","R","T","M","E","R","?","$","R","B",null,"M","?","?","M","M","R","?","M","T","$","M","R","M","M","R","B",null,"M","M","?","?","M","E","R","$","T","M","R","M","M","M","R","B"],"character_chosen":"THE_SILENT","items_purchased":["TwistedFunnel","FairyPotion"],"campfire_rested":3,"item_purchase_floors":[27,42],"current_hp_per_floor":[70,53,53,53,53,53,45,45,45,32,18,39,39,39,39,7,70,40,40,40,38,36,36,34,33,33,33,13,34,34,34,55,7,70,70,63,63,63,63,35,35,35,35,32,32,32,32,32,32,7],"gold":283,"neow_bonus":"THREE_ENEMY_KILL","is_prod":false,"is_daily":false,"chose_seed":false,"campfire_upgraded":7,"win_rate":0,"timestamp":1539202633,"path_taken":["M","?","M","$","?","R","E","R","T","?","E","R","?","$","R","BOSS","M","?","?","M","M","R","?","?","T","?","M","R","M","?","R","BOSS","M","?","?","?","?","E","R","?","T","M","R","M","M","M","R","BOSS"],"build_version":"2018-10-04v2","purchased_purges":4,"victory":true,"max_hp_per_floor":[70,70,70,70,70,70,70,70,70,70,70,70,70,70,70,70,70,70,70,70,70,70,70,70,70,70,70,70,70,70,70,70,70,70,70,70,70,70,70,70,70,70,70,70,70,70,70,70,70,70],"card_choices":[{"not_picked":["Sucker Punch","Deflect"],"picked":"Bouncing Flask","floor":1},{"not_picked":["Sucker Punch","Blur"],"picked":"Poisoned Stab","floor":3},{"not_picked":["Well Laid Plans","PiercingWail"],"picked":"Poisoned Stab","floor":5},{"not_picked":["Blade Dance","Doppelganger"],"picked":"Poisoned Stab","floor":7},{"not_picked":["Slice","PiercingWail","Blade Dance"],"picked":"SKIP","floor":10},{"not_picked":["Terror","Finisher"],"picked":"Backflip","floor":11},{"not_picked":["Unload","Malaise"],"picked":"Corpse Explosion","floor":16},{"not_picked":["Deflect","Masterful Stab+1"],"picked":"Prepared","floor":18},{"not_picked":["Acrobatics","Flying Knee+1","Backflip+1"],"picked":"SKIP","floor":21},{"not_picked":["Quick Slash+1","Eviscerate+1","Backflip+1"],"picked":"SKIP","floor":22},{"not_picked":["Well Laid Plans","Choke+1","Deadly Poison"],"picked":"SKIP","floor":25},{"not_picked":["Venomology","Blade Dance+1","Poisoned Stab"],"picked":"SKIP","floor":28},{"not_picked":["Deflect+1","Backflip","Outmaneuver"],"picked":"SKIP","floor":30},{"not_picked":["Bane","Dagger Spray"],"picked":"Poisoned Stab+1","floor":31},{"not_picked":["Corpse Explosion","Wraith Form v2"],"picked":"Burst","floor":33},{"not_picked":["Slice+1","Terror+1","Poisoned Stab"],"picked":"SKIP","floor":35},{"not_picked":["Bane+1","Outmaneuver","Flechettes"],"picked":"SKIP","floor":36},{"not_picked":["Deflect+1","Distraction"],"picked":"Catalyst","floor":37},{"not_picked":["Blade Dance","Skewer+1","Acrobatics+1"],"picked":"SKIP","floor":39},{"not_picked":["All Out Attack+1","Heel Hook+1","Underhanded Strike+1"],"picked":"SKIP","floor":40},{"not_picked":["Poisoned Stab+1","Acrobatics","Footwork+1"],"picked":"SKIP","floor":44},{"not_picked":["Blade Dance","Leg Sweep+1"],"picked":"Catalyst","floor":46},{"not_picked":["Bane","Flying Knee+1","Tactician"],"picked":"SKIP","floor":47},{"not_picked":["Leg Sweep","Blade Dance+1","Blur"],"picked":"SKIP","floor":48}],"player_experience":56616,"relics_obtained":[{"floor":7,"key":"Happy Flower"},{"floor":9,"key":"War Paint"},{"floor":11,"key":"Dodecahedron"},{"floor":24,"key":"Red Mask"},{"floor":26,"key":"Ninja Scroll"},{"floor":37,"key":"Gambling Chip"},{"floor":40,"key":"Mummified Hand"},{"floor":43,"key":"Sundial"}],"event_choices":[{"event_name":"Golden Idol","player_choice":"Take Damage","floor":2,"damage_taken":0},{"event_name":"Upgrade Shrine","player_choice":"Upgraded","floor":13,"damage_taken":0},{"event_name":"The Woman in Blue","player_choice":"Bought 0 Potions","floor":19,"damage_taken":0},{"event_name":"Back to Basics","player_choice":"Elegance","floor":20,"damage_taken":0},{"event_name":"Masked Bandits","player_choice":"Fought Bandits","floor":24,"damage_taken":0},{"event_name":"MindBloom","player_choice":"Fight","floor":37,"damage_taken":0},{"event_name":"Bonfire Elementals","player_choice":"BASIC","floor":38,"damage_taken":0}],"is_beta":false,"boss_relics":[{"not_picked":["White Beast Statue","Calling Bell"],"picked":"Empty Cage"},{"not_picked":["Coffee Dripper","HoveringKite"],"picked":"Velvet Choker"}],"items_purged_floors":[4,14,27,42],"is_endless":false,"potions_floor_spawned":[5,7,10,24,25,28,33,36,39,47,48],"ascension_level":1}