{"gold_per_floor":[119,132,82,97,97,127,127,141,166,184,201,201,216,227,227,332,332,352,352,159,159,84,114,114,133,157,80,80,114,141,154,154,255,255,265,282,293,304,66,66,98,98,123,27,40,54,72,72,72,72,72,72,22,52,52],"floor_reached":55,"playtime":4786,"items_purged":["Strike_G","Strike_G","Malaise"],"score":752,"play_id":"79305deb-94a8-4d52-b9bc-d14c4703baff","local_time":"20190114190256","is_ascension_mode":true,"campfire_choices":[{"floor":7.0,"key":"REST"},{"floor":15.0,"key":"RECALL"},{"data":"Noxious Fumes","floor":24.0,"key":"SMITH"},{"floor":28.0,"key":"REST"},{"floor":32.0,"key":"REST"},{"floor":40.0,"key":"REST"},{"floor":42.0,"key":"REST"},{"floor":49.0,"key":"REST"},{"data":"Footwork","floor":52.0,"key":"SMITH"}],"neow_cost":"NONE","seed_source_timestamp":0,"circlet_count":0,"master_deck":["Defend_G","Defend_G","Survivor","Neutralize","Dagger Spray","Poisoned Stab","Cloak And Dagger","PiercingWail","Dagger Spray","Flying Knee","Tools of the Trade","Dagger Throw","Corpse Explosion","After Image+1","Storm of Steel+1","Wraith Form v2+1","Crippling Poison","Noxious Fumes+1","Cloak And Dagger+1","Footwork+1","Terror","Dagger Throw+1","Backflip","Infinite Blades+1","Well Laid Plans+1","Dash+1","PiercingWail+1","Outmaneuver+1","Dagger Spray","Accuracy+1"],"special_seed":0,"relics":["Ring of the Snake","Smiling Mask","Boot","Astrolabe","Bronze Scales","MutagenicStrength","Snake Skull","PreservedInsect","Frozen Egg 2","Dream Catcher","Black Star","Anchor","Pen Nib","Orichalcum","Omamori","Centennial Puzzle","Tough Bandages"],"potions_floor_usage":[55],"damage_taken":[{"damage":0.0,"enemies":"Jaw Worm","floor":1.0,"turns":4.0},{"damage":0.0,"enemies":"Cultist","floor":2.0,"turns":3.0},{"damage":0.0,"enemies":"2 Louse","floor":4.0,"turns":2.0},{"damage":27.0,"enemies":"3 Sentries","floor":6.0,"turns":8.0},{"damage":0.0,"enemies":"2 Fungi Beasts","floor":8.0,"turns":3.0},{"damage":0.0,"enemies":"Blue Slaver","floor":10.0,"turns":3.0},{"damage":0.0,"enemies":"Looter","floor":11.0,"turns":3.0},{"damage":10.0,"enemies":"Exordium Wildlife","floor":13.0,"turns":4.0},{"damage":0.0,"enemies":"Lots of Slimes","floor":14.0,"turns":1.0},{"damage":20.0,"enemies":"Hexaghost","floor":16.0,"turns":12.0},{"damage":6.0,"enemies":"Shell Parasite","floor":18.0,"turns":8.0},{"damage":11.0,"enemies":"Gremlin Leader","floor":23.0,"turns":8.0},{"damage":13.0,"enemies":"2 Thieves","floor":25.0,"turns":3.0},{"damage":19.0,"enemies":"Slavers","floor":29.0,"turns":4.0},{"damage":9.0,"enemies":"Cultist and Chosen","floor":31.0,"turns":5.0},{"damage":32.0,"enemies":"Collector","floor":33.0,"turns":9.0},{"damage":0.0,"enemies":"Orb Walker","floor":35.0,"turns":5.0},{"damage":14.0,"enemies":"3 Shapes","floor":36.0,"turns":4.0},{"damage":22.0,"enemies":"Maw","floor":37.0,"turns":8.0},{"damage":27.0,"enemies":"Jaw Worm Horde","floor":38.0,"turns":4.0},{"damage":18.0,"enemies":"Reptomancer","floor":41.0,"turns":6.0},{"damage":8.0,"enemies":"Writhing Mass","floor":45.0,"turns":9.0},{"damage":1.0,"enemies":"Spire Growth","floor":46.0,"turns":6.0},{"damage":9.0,"enemies":"Maw","floor":47.0,"turns":8.0},{"damage":22.0,"enemies":"Donu and Deca","floor":50.0,"turns":8.0},{"damage":39.0,"enemies":"Shield and Spear","floor":54.0,"turns":6.0},{"damage":56,"enemies":"The Heart","floor":55,"turns":3}],"seed_played":"3919628964734922701","potions_obtained":[{"floor":4.0,"key":"SkillPotion"},{"floor":6.0,"key":"FearPotion"},{"floor":10.0,"key":"Poison Potion"},{"floor":18.0,"key":"AttackPotion"},{"floor":31.0,"key":"Swift Potion"},{"floor":54.0,"key":"SkillPotion"}],"is_trial":false,"path_per_floor":["M","M","$","M","?","E","R","M","T","M","M","?","M","M","R","B",null,"M","?","$","?","?","E","R","M","T","$","R","E","T","M","R","B",null,"M","M","M","M","$","R","E","R","T","$","M","M","M","?","R","B",null,"R","$","E","B"],"character_chosen":"THE_SILENT","items_purchased":["Bronze Scales","Footwork","Anchor","Backflip","Infinite Blades+1","EntropicBrew"],"campfire_rested":6,"item_purchase_floors":[20,27,39,39,39,44],"current_hp_per_floor":[70,70,70,70,70,43,64,64,64,64,64,57,47,47,47,27,70,64,64,64,64,64,53,53,40,40,40,61,42,42,33,54,22,70,70,56,34,7,7,28,10,31,31,31,23,22,13,13,34,12,70,70,70,31,0],"gold":52,"neow_bonus":"RANDOM_COMMON_RELIC","is_prod":false,"is_daily":false,"chose_seed":false,"campfire_upgraded":2,"win_rate":0,"timestamp":1547514176,"path_taken":["M","M","$","M","?","E","R","M","T","M","?","?","M","M","R","BOSS","M","?","$","?","?","E","R","M","T","?","R","E","?","?","R","BOSS","M","?","M","M","$","R","E","R","T","$","M","M","M","?","R","BOSS","R","$","E","BOSS"],"build_version":"2019-01-10","purchased_purges":3,"victory":false,"max_hp_per_floor":[70,70,70,70,70,70,70,70,70,70,70,70,70,70,70,70,70,70,70,70,70,70,70,70,70,70,70,70,70,70,70,70,70,70,70,70,70,70,70,70,70,70,70,70,70,70,70,70,70,70,70,70,70,70,70],"card_choices":[{"not_picked":["Masterful Stab","Sucker Punch"],"picked":"Dagger Spray","floor":1.0},{"not_picked":["Masterful Stab","All Out Attack"],"picked":"Poisoned Stab","floor":2.0},{"not_picked":["Dodge and Roll","Outmaneuver"],"picked":"Cloak And Dagger","floor":4.0},{"not_picked":["Sucker Punch","Dagger Throw"],"picked":"PiercingWail","floor":6.0},{"not_picked":["PiercingWail","Underhanded Strike"],"picked":"Dagger Spray","floor":8.0},{"not_picked":["Blade Dance","Quick Slash"],"picked":"Flying Knee","floor":10.0},{"not_picked":["Caltrops","Predator"],"picked":"Tools of the Trade","floor":11.0},{"not_picked":["Backflip","Deflect"],"picked":"Dagger Throw","floor":13.0},{"not_picked":["Dagger Spray","Bane","Backflip"],"picked":"SKIP","floor":14.0},{"not_picked":["Tools of the Trade","Wraith Form v2"],"picked":"Corpse Explosion","floor":16.0},{"not_picked":["Bane","Dagger Throw+1"],"picked":"Crippling Poison","floor":18.0},{"not_picked":["Prepared","Storm of Steel","All Out Attack"],"picked":"SKIP","floor":23.0},{"not_picked":["Blade Dance","Dagger Throw"],"picked":"Cloak And Dagger+1","floor":25.0},{"not_picked":["Setup","Calculated Gamble+1","Dodge and Roll"],"picked":"SKIP","floor":29.0},{"not_picked":["Bane","Backflip"],"picked":"Terror","floor":31.0},{"not_picked":["Night Terror","After Image+1"],"picked":"Malaise","floor":33.0},{"not_picked":["Reflex","Flying Knee"],"picked":"Dagger Throw+1","floor":35.0},{"not_picked":["Blade Dance+1","Endless Agony+1"],"picked":"Dagger Spray+1","floor":36.0},{"not_picked":["Dagger Throw+1","Cloak And Dagger+1","Eviscerate"],"picked":"SKIP","floor":37.0},{"not_picked":["Blade Dance","Dodge and Roll","Sucker Punch"],"picked":"SKIP","floor":38.0},{"not_picked":["Footwork+1","PiercingWail+1"],"picked":"Well Laid Plans+1","floor":40.0},{"not_picked":["Sucker Punch+1","Eviscerate"],"picked":"Dash+1","floor":41.0},{"not_picked":["Dodge and Roll","Glass Knife"],"picked":"PiercingWail+1","floor":42.0},{"not_picked":["Prepared","Predator","Finisher"],"picked":"SKIP","floor":45.0},{"not_picked":["Tactician","Bane","Dagger Spray"],"picked":"SKIP","floor":46.0},{"not_picked":["Flechettes","PiercingWail+1"],"picked":"Outmaneuver+1","floor":47.0},{"not_picked":["Deflect","Bouncing Flask"],"picked":"Dagger Spray","floor":49.0},{"not_picked":["Predator","Outmaneuver"],"picked":"Accuracy+1","floor":54.0}],"player_experience":252569,"relics_obtained":[{"floor":6.0,"key":"Boot"},{"floor":23.0,"key":"Snake Skull"},{"floor":26.0,"key":"PreservedInsect"},{"floor":29.0,"key":"Frozen Egg 2"},{"floor":30.0,"key":"Dream Catcher"},{"floor":41.0,"key":"Pen Nib"},{"floor":41.0,"key":"Orichalcum"},{"floor":43.0,"key":"Omamori"},{"floor":54.0,"key":"Centennial Puzzle"},{"floor":54.0,"key":"Tough Bandages"}],"event_choices":[{"cards_removed":["Defend_G"],"damage_healed":0.0,"max_hp_gain":0.0,"max_hp_loss":0.0,"gold_gain":0.0,"event_name":"Purifier","player_choice":"Purged","floor":5.0,"gold_loss":0.0,"damage_taken":0.0},{"cards_removed":["Defend_G"],"damage_healed":0.0,"max_hp_gain":0.0,"max_hp_loss":0.0,"gold_gain":0.0,"event_name":"Golden Wing","player_choice":"Card Removal","floor":12.0,"gold_loss":0.0,"damage_taken":7.0},{"damage_healed":0.0,"max_hp_gain":0.0,"max_hp_loss":0.0,"gold_gain":0.0,"event_name":"The Library","player_choice":"Read","floor":19.0,"gold_loss":0.0,"damage_taken":0.0,"cards_obtained":["Noxious Fumes"]},{"damage_healed":0.0,"max_hp_gain":0.0,"max_hp_loss":0.0,"gold_gain":0.0,"event_name":"Drug Dealer","player_choice":"Inject Mutagens","floor":21.0,"gold_loss":0.0,"damage_taken":0.0,"relics_obtained":["MutagenicStrength"]},{"cards_removed":["Strike_G"],"damage_healed":0.0,"max_hp_gain":0.0,"max_hp_loss":0.0,"gold_gain":0.0,"event_name":"Beggar","player_choice":"Gave Gold","floor":22.0,"gold_loss":75.0,"damage_taken":0.0},{"cards_removed":["Dagger Spray"],"damage_healed":0.0,"max_hp_gain":0.0,"max_hp_loss":0.0,"gold_gain":0.0,"event_name":"Falling","player_choice":"Removed Attack","floor":48.0,"gold_loss":0.0,"damage_taken":0.0}],"is_beta":false,"boss_relics":[{"not_picked":["Runic Pyramid","Orrery"],"picked":"Astrolabe"},{"not_picked":["Empty Cage","Philosopher\u0027s Stone"],"picked":"Black Star"}],"items_purged_floors":[3,20,53],"is_endless":false,"potions_floor_spawned":[4,6,10,11,13,18,31,45,46,54],"killed_by":"The Heart","ascension_level":1}