{"gold_per_floor":[113,113,78,94,94,124,144,173,173,173,190,203,228,251,251,351,351,370,370,380,396,413,413,448,460,484,495,512,528,528,166,166,268,268,282,382,27,27,27,57,74,103,103,158,168,180,180,207,207,207,207,207,63,90,90],"floor_reached":56,"playtime":3454,"items_purged":["Strike_R"],"score":1492,"play_id":"4467643f-a814-4126-bab2-ea16a1f10604","local_time":"20181206023439","is_ascension_mode":true,"campfire_choices":[{"data":"Barricade","floor":10.0,"key":"SMITH"},{"data":"Impervious","floor":15.0,"key":"SMITH"},{"data":"Body Slam","floor":23.0,"key":"SMITH"},{"floor":30.0,"key":"REST"},{"data":"Shrug It Off","floor":32.0,"key":"SMITH"},{"floor":47,"key":"RECALL"},{"data":"Dramatic Entrance","floor":49,"key":"PURGE"},{"data":"Pommel Strike","floor":52,"key":"SMITH"}],"neow_cost":"NONE","seed_source_timestamp":0,"circlet_count":0,"master_deck":["Strike_R","Strike_R","Strike_R+1","Defend_R","Defend_R","Defend_R+1","Defend_R","Bash","Barricade+1","Body Slam+1","Inflame","Impervious+1","Thunderclap","Pommel Strike+1","Clothesline","Cleave","Iron Wave","Seeing Red","Impervious","Entrench+1","Flex+1","Heavy Blade","Cleave","Offering","Shockwave+1","Body Slam+1","Feel No Pain+1","Thunderclap+1","Shrug It Off+1","Fiend Fire","Heavy Blade+1","Uppercut+1","Body Slam","Power Through+1","Heavy Blade","Burning Pact","Disarm","Twin Strike+1","Flame Barrier","Flame Barrier"],"special_seed":0,"relics":["Burning Blood","Pen Nib","Pear","Letter Opener","Red Skull","Thread and Needle","Odd Mushroom","Sozu","Bag of Preparation","Juzu Bracelet","Nunchaku","Eternal Feather","Incense Burner","StoneCalendar","Ancient Tea Set","Self Forming Clay","Ice Cream","Peace Pipe","Matryoshka"],"potions_floor_usage":[],"damage_taken":[{"damage":7.0,"enemies":"Small Slimes","floor":1.0,"turns":3.0},{"damage":5.0,"enemies":"Jaw Worm","floor":4.0,"turns":4.0},{"damage":15.0,"enemies":"Gremlin Nob","floor":6.0,"turns":4.0},{"damage":10.0,"enemies":"2 Louse","floor":7.0,"turns":3.0},{"damage":16.0,"enemies":"3 Sentries","floor":8.0,"turns":7.0},{"damage":11.0,"enemies":"Blue Slaver","floor":11.0,"turns":6.0},{"damage":3.0,"enemies":"Exordium Thugs","floor":12.0,"turns":5.0},{"damage":10.0,"enemies":"Gremlin Nob","floor":13.0,"turns":4.0},{"damage":5.0,"enemies":"The Mushroom Lair","floor":14.0,"turns":4.0},{"damage":14.0,"enemies":"Hexaghost","floor":16.0,"turns":11.0},{"damage":0.0,"enemies":"Spheric Guardian","floor":18.0,"turns":5.0},{"damage":0.0,"enemies":"3 Byrds","floor":20.0,"turns":3.0},{"damage":6.0,"enemies":"Sentry and Sphere","floor":21.0,"turns":6.0},{"damage":0.0,"enemies":"Snake Plant","floor":22.0,"turns":5.0},{"damage":52.0,"enemies":"Gremlin Leader","floor":24.0,"turns":7.0},{"damage":20.0,"enemies":"Centurion and Healer","floor":25.0,"turns":6.0},{"damage":9.0,"enemies":"Chosen and Byrds","floor":27.0,"turns":3.0},{"damage":0.0,"enemies":"Shelled Parasite and Fungi","floor":28.0,"turns":1.0},{"damage":26.0,"enemies":"Sentry and Sphere","floor":29.0,"turns":4.0},{"damage":14.0,"enemies":"Champ","floor":33.0,"turns":9.0},{"damage":6.0,"enemies":"3 Shapes","floor":35.0,"turns":2.0},{"damage":32.0,"enemies":"Mind Bloom Boss Battle","floor":36.0,"turns":9.0},{"damage":6.0,"enemies":"Giant Head","floor":40.0,"turns":4.0},{"damage":24.0,"enemies":"Orb Walker","floor":41.0,"turns":4.0},{"damage":6.0,"enemies":"Nemesis","floor":42.0,"turns":7.0},{"damage":42.0,"enemies":"2 Orb Walkers","floor":44.0,"turns":6.0},{"damage":6.0,"enemies":"Sphere and 2 Shapes","floor":45.0,"turns":3.0},{"damage":0,"enemies":"Maw","floor":46,"turns":7},{"damage":0,"enemies":"Reptomancer","floor":48,"turns":2},{"damage":50,"enemies":"Donu and Deca","floor":50,"turns":10},{"damage":33,"enemies":"Shield and Spear","floor":54,"turns":8},{"damage":3,"enemies":"The Heart","floor":55,"turns":7}],"seed_played":"-2800708913765722979","potions_obtained":[{"floor":4.0,"key":"EssenceOfSteel"},{"floor":7.0,"key":"Explosive Potion"},{"floor":13.0,"key":"Explosive Potion"},{"floor":14.0,"key":"Regen Potion"}],"is_trial":false,"path_per_floor":["M","?","?","M","?","E","M","E","T","R","M","M","E","?","R","B",null,"M","?","M","M","M","R","E","M","T","M","M","M","R","$","R","B",null,"M","?","$","?","?","E","M","E","T","?","M","M","R","E","R","B",null,"R","$","E","B",null],"character_chosen":"IRONCLAD","items_purchased":["Nunchaku","Shrug It Off","StoneCalendar","Body Slam","Flame Barrier"],"campfire_rested":1,"item_purchase_floors":[31,31,37,37,53],"current_hp_per_floor":[79,63,80,80,68,69,65,55,55,55,50,53,49,50,50,57,90,90,90,90,90,90,90,44,30,30,27,33,13,40,40,40,32,90,90,64,64,64,64,64,46,46,46,10,10,16,40,46,70,26,85,85,85,58,61],"gold":90,"neow_bonus":"ONE_RANDOM_RARE_CARD","is_prod":false,"is_daily":false,"chose_seed":false,"campfire_upgraded":5,"win_rate":0,"timestamp":1544092479,"path_taken":["M","?","?","M","?","E","M","E","T","R","?","M","E","?","R","BOSS","M","?","M","M","M","R","E","M","T","M","M","M","R","$","R","BOSS","M","?","?","?","?","E","M","E","T","?","M","M","R","E","R","BOSS","R","$","E","BOSS"],"build_version":"2018-11-15","purchased_purges":1,"victory":true,"max_hp_per_floor":[80,80,80,80,80,90,90,90,90,90,90,90,90,90,90,90,90,90,90,90,90,90,90,90,90,90,90,90,90,90,90,90,90,90,90,90,90,90,85,85,85,85,85,85,85,85,85,85,85,85,85,85,85,85,85],"card_choices":[{"not_picked":["Flex","Pommel Strike"],"picked":"Body Slam","floor":1.0},{"not_picked":["True Grit","Thunderclap"],"picked":"Inflame","floor":4.0},{"not_picked":["Pummel","Perfected Strike"],"picked":"Impervious","floor":6.0},{"not_picked":["Havoc","Wild Strike"],"picked":"Thunderclap","floor":7.0},{"not_picked":["Searing Blow","Clothesline"],"picked":"Pommel Strike","floor":8.0},{"not_picked":["Wild Strike","Second Wind"],"picked":"Clothesline","floor":11.0},{"not_picked":["Clash","Rage"],"picked":"Cleave","floor":12.0},{"not_picked":["Armaments","Feel No Pain"],"picked":"Iron Wave","floor":13.0},{"not_picked":["Uppercut","Sword Boomerang"],"picked":"Seeing Red","floor":14.0},{"not_picked":["Immolate","Fiend Fire"],"picked":"Impervious","floor":16.0},{"not_picked":["Armaments+1","Havoc"],"picked":"Entrench+1","floor":18.0},{"not_picked":["Corruption+1","Clash"],"picked":"Flex+1","floor":20.0},{"not_picked":["Havoc","Twin Strike"],"picked":"Heavy Blade","floor":21.0},{"not_picked":["True Grit","Twin Strike"],"picked":"Cleave","floor":22.0},{"not_picked":["Uppercut","Second Wind"],"picked":"Offering","floor":24.0},{"not_picked":["Clothesline+1","Warcry"],"picked":"Shockwave+1","floor":25.0},{"not_picked":["Sword Boomerang+1","Shrug It Off"],"picked":"Body Slam+1","floor":27.0},{"not_picked":["Clothesline","Havoc+1"],"picked":"Feel No Pain+1","floor":28.0},{"not_picked":["Pommel Strike","Anger"],"picked":"Thunderclap+1","floor":29.0},{"not_picked":["Barricade","Feed"],"picked":"Fiend Fire","floor":33.0},{"not_picked":["Clothesline","Dropkick"],"picked":"Heavy Blade+1","floor":35.0},{"not_picked":["Wild Strike","Flex+1"],"picked":"Uppercut+1","floor":36.0},{"not_picked":["Flash of Steel","Discovery"],"picked":"Dramatic Entrance","floor":38.0},{"not_picked":["Anger","Feed"],"picked":"Power Through+1","floor":40.0},{"not_picked":["Clash+1","Warcry"],"picked":"Heavy Blade","floor":41.0},{"not_picked":["Headbutt+1","Bludgeon"],"picked":"Burning Pact","floor":42.0},{"not_picked":["Warcry","Rampage+1"],"picked":"Disarm","floor":44.0},{"not_picked":["Rampage","Perfected Strike+1"],"picked":"Twin Strike+1","floor":45.0},{"not_picked":["Corruption+1","Heavy Blade","Perfected Strike"],"picked":"SKIP","floor":46},{"not_picked":["Havoc","Wild Strike+1","Burning Pact"],"picked":"SKIP","floor":48},{"not_picked":["Blood for Blood+1","True Grit"],"picked":"Flame Barrier","floor":54}],"player_experience":150700,"relics_obtained":[{"floor":6.0,"key":"Pear"},{"floor":8.0,"key":"Letter Opener"},{"floor":9.0,"key":"Red Skull"},{"floor":13.0,"key":"Thread and Needle"},{"floor":14.0,"key":"Odd Mushroom"},{"floor":24.0,"key":"Bag of Preparation"},{"floor":26.0,"key":"Juzu Bracelet"},{"floor":36.0,"key":"Incense Burner"},{"floor":40.0,"key":"Ancient Tea Set"},{"floor":42.0,"key":"Self Forming Clay"},{"floor":44.0,"key":"Ice Cream"},{"floor":48,"key":"Peace Pipe"},{"floor":54,"key":"Matryoshka"}],"event_choices":[{"damage_healed":0.0,"max_hp_gain":0.0,"max_hp_loss":0.0,"gold_gain":0.0,"event_name":"Shining Light","player_choice":"Entered Light","floor":2.0,"gold_loss":0.0,"damage_taken":16.0,"cards_upgraded":["Defend_R","Strike_R"]},{"damage_healed":20.0,"max_hp_gain":0.0,"max_hp_loss":0.0,"gold_gain":0.0,"event_name":"The Cleric","player_choice":"Healed","floor":3.0,"gold_loss":35.0,"damage_taken":0.0},{"damage_healed":0.0,"max_hp_gain":0.0,"max_hp_loss":0.0,"gold_gain":0.0,"event_name":"Scrap Ooze","player_choice":"Success","floor":5.0,"gold_loss":0.0,"damage_taken":12.0,"relics_obtained":["Pen Nib"]},{"damage_healed":0.0,"max_hp_gain":0.0,"max_hp_loss":0.0,"gold_gain":0.0,"event_name":"Mushrooms","player_choice":"Fought Mushrooms","floor":14.0,"gold_loss":0.0,"damage_taken":0.0},{"cards_removed":["Strike_R"],"damage_healed":0.0,"max_hp_gain":0.0,"max_hp_loss":0.0,"gold_gain":0.0,"event_name":"Purifier","player_choice":"Purged","floor":19.0,"gold_loss":0.0,"damage_taken":0.0},{"damage_healed":0.0,"max_hp_gain":0.0,"max_hp_loss":0.0,"gold_gain":0.0,"event_name":"MindBloom","player_choice":"Fight","floor":36.0,"gold_loss":0.0,"damage_taken":0.0},{"damage_healed":0.0,"max_hp_gain":0.0,"max_hp_loss":0.0,"gold_gain":0.0,"event_name":"SensoryStone","player_choice":"Memory 1","floor":38.0,"gold_loss":0.0,"damage_taken":0.0},{"damage_healed":0.0,"max_hp_gain":0.0,"max_hp_loss":5.0,"gold_gain":0.0,"event_name":"Winding Halls","player_choice":"Max HP","floor":39.0,"gold_loss":0.0,"damage_taken":0.0},{"damage_healed":0.0,"max_hp_gain":0.0,"max_hp_loss":0.0,"gold_gain":0.0,"event_name":"Mysterious Sphere","player_choice":"Fight","floor":44.0,"gold_loss":0.0,"damage_taken":0.0}],"is_beta":false,"boss_relics":[{"not_picked":["Cursed Key","Ectoplasm"],"picked":"Sozu"},{"not_picked":["Runic Dome","Lizard Tail"],"picked":"Eternal Feather"}],"items_purged_floors":[53],"is_endless":false,"potions_floor_spawned":[4,7,13,14,20,24,27,29,33,36,44,46,48],"ascension_level":2}