{"gold_per_floor":[116,129,129,141,141,159,187,199,211,255,267],"floor_reached":11,"playtime":1063,"items_purged":[],"score":83,"play_id":"9d01922e-c600-4de8-a6e0-9ae65fda0851","local_time":"20190126172457","is_ascension_mode":false,"campfire_choices":[],"neow_cost":"NONE","seed_source_timestamp":131505425499340,"circlet_count":0,"master_deck":["Defend_G","Defend_G","Defend_G","Defend_G","Defend_G","Strike_G","Strike_G","Strike_G","Strike_G","Strike_G","Survivor","Neutralize","PiercingWail","Prepared+1","Dagger Throw","Quick Slash","Prepared","PiercingWail"],"relics":["Ring of the Snake","MawBank","Bag of Marbles","Ornamental Fan"],"potions_floor_usage":[4,6,11],"damage_taken":[{"damage":0,"enemies":"2 Louse","floor":1,"turns":4},{"damage":0,"enemies":"Cultist","floor":2,"turns":5},{"damage":0,"enemies":"Jaw Worm","floor":4,"turns":3},{"damage":0,"enemies":"Large Slime","floor":6,"turns":4},{"damage":30,"enemies":"Gremlin Nob","floor":7,"turns":4},{"damage":30,"enemies":"Lagavulin","floor":10,"turns":8},{"damage":19,"enemies":"Lagavulin Event","floor":11,"turns":5}],"seed_played":"2840695269873557037","potions_obtained":[{"floor":2,"key":"AttackPotion"},{"floor":4,"key":"Fire Potion"},{"floor":10,"key":"Strength Potion"}],"is_trial":false,"path_per_floor":["M","M","?","M","$","M","E","$","T","E","?"],"character_chosen":"THE_SILENT","items_purchased":[],"campfire_rested":0,"item_purchase_floors":[],"current_hp_per_floor":[77,77,77,77,77,77,47,47,47,17,0],"gold":267,"neow_bonus":"TEN_PERCENT_HP_BONUS","is_prod":false,"is_daily":false,"chose_seed":false,"campfire_upgraded":0,"win_rate":0,"timestamp":1548541497,"path_taken":["M","M","?","M","?","?","E","$","T","E","?"],"build_version":"2019-01-23","purchased_purges":0,"victory":false,"max_hp_per_floor":[77,77,77,77,77,77,77,77,77,77,77],"card_choices":[{"not_picked":["Dodge and Roll","Cloak And Dagger"],"picked":"PiercingWail","floor":1},{"not_picked":["Bouncing Flask","Cloak And Dagger"],"picked":"Prepared","floor":2},{"not_picked":["Skewer","Deflect"],"picked":"Dagger Throw","floor":4},{"not_picked":["Heel Hook","Blade Dance"],"picked":"Quick Slash","floor":6},{"not_picked":["Caltrops","Expertise"],"picked":"Prepared","floor":7},{"not_picked":["Deadly Poison","Dodge and Roll"],"picked":"PiercingWail","floor":10}],"player_experience":47085,"relics_obtained":[{"floor":7,"key":"MawBank"},{"floor":9,"key":"Bag of Marbles"},{"floor":10,"key":"Ornamental Fan"}],"event_choices":[{"damage_healed":0,"gold_gain":0,"player_choice":"Upgraded","damage_taken":0,"max_hp_gain":0,"max_hp_loss":0,"event_name":"Upgrade Shrine","floor":3,"gold_loss":0,"cards_upgraded":["Prepared"]},{"damage_healed":0,"gold_gain":0,"player_choice":"Searched \u00272\u0027 times","damage_taken":0,"max_hp_gain":0,"max_hp_loss":0,"event_name":"Dead Adventurer","floor":11,"gold_loss":0}],"is_beta":false,"boss_relics":[],"items_purged_floors":[],"is_endless":false,"potions_floor_spawned":[2,4,10],"killed_by":"Lagavulin Event","ascension_level":0}