{"gold_per_floor":[115,115,2,20,20,20,20,20,20,52,227,255,268,268,268,365,665,683,683,700,319,319],"floor_reached":22,"playtime":526,"items_purged":["Strike_R","Pain"],"score":215,"play_id":"1ddf5a64-6419-4e43-8d3a-9fa466fe40a0","local_time":"20190128212919","is_ascension_mode":false,"campfire_choices":[{"data":"Rampage","floor":6,"key":"SMITH"},{"data":"Defend_R","floor":8,"key":"SMITH"},{"data":"Headbutt","floor":15,"key":"SMITH"}],"neow_cost":"NONE","seed_source_timestamp":791122122883507,"circlet_count":0,"master_deck":["Strike_R","Strike_R","Strike_R","Defend_R","Defend_R+1","Defend_R","Defend_R+1","Bash","Rampage+1","Spot Weakness+1","Headbutt+1","Fiend Fire","Injury"],"relics":["Burning Blood","NeowsBlessing","Strawberry","Omamori","Ice Cream","Calling Bell","Red Skull","Blue Candle","Old Coin","Brimstone"],"potions_floor_usage":[12,22],"damage_taken":[{"damage":0,"enemies":"2 Louse","floor":1,"turns":2},{"damage":0,"enemies":"Small Slimes","floor":4,"turns":1},{"damage":0,"enemies":"3 Sentries","floor":10,"turns":1},{"damage":26,"enemies":"Lagavulin","floor":12,"turns":6},{"damage":6,"enemies":"Jaw Worm","floor":13,"turns":4},{"damage":34,"enemies":"Hexaghost","floor":16,"turns":8},{"damage":41,"enemies":"3 Byrds","floor":18,"turns":6},{"damage":12,"enemies":"Spheric Guardian","floor":20,"turns":3},{"damage":43,"enemies":"Shelled Parasite and Fungi","floor":22,"turns":3}],"seed_played":"7684357601114530814","potions_obtained":[{"floor":1,"key":"Swift Potion"},{"floor":16,"key":"Strength Potion"},{"floor":20,"key":"SpeedPotion"}],"is_trial":false,"path_per_floor":["M","?","$","M","?","R","?","R","T","E","?","E","M","?","R","B",null,"M","?","M","$","M"],"character_chosen":"IRONCLAD","items_purchased":["Rampage","LiquidBronze","Brimstone"],"campfire_rested":0,"item_purchase_floors":[3,21,21],"current_hp_per_floor":[80,80,80,86,86,86,79,79,79,85,85,65,65,48,48,20,87,52,35,29,29,0],"gold":319,"neow_bonus":"THREE_ENEMY_KILL","is_prod":false,"is_daily":false,"chose_seed":false,"campfire_upgraded":3,"win_rate":0,"timestamp":1548723559,"path_taken":["M","?","$","M","?","R","?","R","T","E","?","E","M","?","R","BOSS","M","?","M","$","M"],"build_version":"2019-01-23","purchased_purges":2,"victory":false,"max_hp_per_floor":[80,87,87,87,87,87,87,87,87,87,87,87,87,87,87,87,87,87,92,92,92,92],"card_choices":[{"not_picked":["Carnage","Thunderclap","Fire Breathing"],"picked":"SKIP","floor":1},{"not_picked":["Perfected Strike","Body Slam","Armaments"],"picked":"SKIP","floor":4},{"not_picked":["Combust","Inflame"],"picked":"Spot Weakness","floor":10},{"not_picked":["Hemokinesis","Dropkick","Havoc"],"picked":"SKIP","floor":12},{"not_picked":["Armaments","Wild Strike"],"picked":"Headbutt","floor":13},{"not_picked":["Barricade","Juggernaut"],"picked":"Fiend Fire","floor":16},{"not_picked":["Flame Barrier","Heavy Blade","Disarm"],"picked":"SKIP","floor":18},{"not_picked":["Second Wind","Reckless Charge","Havoc"],"picked":"SKIP","floor":20}],"player_experience":253592,"relics_obtained":[{"floor":10,"key":"Omamori"},{"floor":12,"key":"Ice Cream"},{"floor":17,"key":"Red Skull"},{"floor":17,"key":"Blue Candle"},{"floor":17,"key":"Old Coin"}],"event_choices":[{"damage_healed":0,"gold_gain":0,"player_choice":"Success","damage_taken":7,"relics_obtained":["Strawberry"],"max_hp_gain":0,"max_hp_loss":0,"event_name":"Scrap Ooze","floor":2,"gold_loss":0},{"damage_healed":0,"gold_gain":0,"player_choice":"Leave","damage_taken":0,"max_hp_gain":0,"max_hp_loss":0,"event_name":"The Cleric","floor":5,"gold_loss":0},{"cards_removed":["Strike_R"],"damage_healed":0,"gold_gain":0,"player_choice":"Card Removal","damage_taken":7,"max_hp_gain":0,"max_hp_loss":0,"event_name":"Golden Wing","floor":7,"gold_loss":0},{"damage_healed":0,"gold_gain":175,"player_choice":"AGREE","damage_taken":0,"max_hp_gain":0,"max_hp_loss":0,"event_name":"Liars Game","floor":11,"gold_loss":0,"cards_obtained":["Doubt"]},{"damage_healed":0,"gold_gain":0,"player_choice":"Entered Light","damage_taken":17,"max_hp_gain":0,"max_hp_loss":0,"event_name":"Shining Light","floor":14,"gold_loss":0,"cards_upgraded":["Defend_R","Spot Weakness"]},{"damage_healed":0,"gold_gain":0,"player_choice":"Shed Blood","damage_taken":22,"max_hp_gain":5,"max_hp_loss":0,"event_name":"Forgotten Altar","floor":19,"gold_loss":0}],"is_beta":false,"boss_relics":[{"not_picked":["White Beast Statue","Eternal Feather"],"picked":"Calling Bell"}],"items_purged_floors":[3,21],"is_endless":false,"potions_floor_spawned":[1,16,20],"killed_by":"Shelled Parasite and Fungi","ascension_level":0}