{"gold_per_floor":[119,134,134,134,134,134,145,179,179,179,197,227,227,9,9,111,111,125,25,38,38,50,50,83,83,106,106],"floor_reached":27,"playtime":1642,"items_purged":["Strike_B","Defend_B"],"score":252,"play_id":"d0924866-a03b-47d9-943f-45dd08c673f4","local_time":"20190126181651","is_ascension_mode":true,"campfire_choices":[{"data":"Dualcast","floor":6,"key":"SMITH"},{"floor":10,"key":"REST"},{"data":"Chaos","floor":15,"key":"SMITH"},{"floor":23,"key":"REST"},{"floor":25,"key":"REST"}],"neow_cost":"NONE","seed_source_timestamp":34649999832098,"circlet_count":0,"master_deck":["Strike_B","Strike_B","Defend_B","Defend_B","Zap+1","Dualcast+1","Capacitor","Capacitor+1","Machine Learning","Rebound","Chaos+1","Cold Snap","Biased Cognition","FTL","Storm+1","Echo Form"],"relics":["Cracked Core","Omamori","Meat on the Bone","Tiny Chest","Blue Candle","Anchor"],"potions_floor_usage":[7,16,22,22,24,27],"damage_taken":[{"damage":0,"enemies":"Jaw Worm","floor":1,"turns":3},{"damage":3,"enemies":"2 Louse","floor":2,"turns":4},{"damage":7,"enemies":"Small Slimes","floor":7,"turns":3},{"damage":29,"enemies":"3 Sentries","floor":8,"turns":8},{"damage":12,"enemies":"Gremlin Gang","floor":11,"turns":5},{"damage":37,"enemies":"The Guardian","floor":16,"turns":9},{"damage":17,"enemies":"Shell Parasite","floor":18,"turns":5},{"damage":39,"enemies":"2 Thieves","floor":20,"turns":4},{"damage":18,"enemies":"Shelled Parasite and Fungi","floor":22,"turns":8},{"damage":40,"enemies":"Book of Stabbing","floor":24,"turns":5},{"damage":42,"enemies":"Slavers","floor":27,"turns":2}],"seed_played":"6797761735411985839","potions_obtained":[{"floor":0,"key":"Energy Potion"},{"floor":0,"key":"FearPotion"},{"floor":0,"key":"GamblersBrew"},{"floor":7,"key":"FearPotion"},{"floor":18,"key":"EssenceOfSteel"},{"floor":22,"key":"SteroidPotion"}],"is_trial":false,"path_per_floor":["M","M","?","?","?","R","M","E","T","R","M","?","?","$","R","B",null,"M","$","M","?","M","R","E","R","T","E"],"character_chosen":"DEFECT","items_purchased":["Tiny Chest","Cold Snap"],"campfire_rested":3,"item_purchase_floors":[14,14],"current_hp_per_floor":[75,72,65,65,65,65,58,29,29,51,39,39,64,64,64,39,75,58,58,31,31,25,47,19,41,41,0],"gold":106,"neow_bonus":"THREE_SMALL_POTIONS","is_prod":false,"is_daily":false,"chose_seed":false,"campfire_upgraded":2,"win_rate":1,"timestamp":1548523011,"path_taken":["M","M","?","?","?","R","M","E","T","R","?","?","?","$","R","BOSS","M","$","M","?","?","R","E","R","T","E"],"build_version":"2019-01-23","purchased_purges":2,"victory":false,"max_hp_per_floor":[75,75,75,75,75,75,75,75,75,75,75,75,75,75,75,75,75,75,75,75,75,75,75,75,75,75,75],"card_choices":[{"not_picked":["Chill","Self Repair"],"picked":"Capacitor","floor":1},{"not_picked":["Steam","Gash"],"picked":"Capacitor","floor":2},{"not_picked":["Steam","Compile Driver"],"picked":"Machine Learning","floor":7},{"not_picked":["Sunder","Sweeping Beam"],"picked":"Rebound","floor":8},{"not_picked":["Hologram","Gash"],"picked":"Chaos","floor":11},{"not_picked":["Reboot","Fission"],"picked":"Biased Cognition","floor":16},{"not_picked":["Conserve Battery","Double Energy"],"picked":"FTL","floor":18},{"not_picked":["Barrage","Ball Lightning","Stack"],"picked":"SKIP","floor":20},{"not_picked":["Turbo","White Noise"],"picked":"Storm+1","floor":22},{"not_picked":["BootSequence","Streamline"],"picked":"Echo Form","floor":24}],"player_experience":62679,"relics_obtained":[{"floor":8,"key":"Omamori"},{"floor":9,"key":"Meat on the Bone"},{"floor":24,"key":"Blue Candle"},{"floor":26,"key":"Anchor"}],"event_choices":[{"cards_removed":["Strike_B"],"damage_healed":0,"gold_gain":0,"player_choice":"Card Removal","damage_taken":7,"max_hp_gain":0,"max_hp_loss":0,"event_name":"Golden Wing","floor":3,"gold_loss":0},{"cards_removed":["Defend_B"],"damage_healed":0,"gold_gain":0,"player_choice":"Forget","damage_taken":0,"max_hp_gain":0,"max_hp_loss":0,"event_name":"Living Wall","floor":4,"gold_loss":0},{"damage_healed":0,"gold_gain":0,"player_choice":"Forge","damage_taken":0,"max_hp_gain":0,"max_hp_loss":0,"event_name":"Accursed Blacksmith","floor":5,"gold_loss":0,"cards_upgraded":["Zap"]},{"damage_healed":0,"gold_gain":30,"player_choice":"Searched \u00272\u0027 times","damage_taken":0,"max_hp_gain":0,"max_hp_loss":0,"event_name":"Dead Adventurer","floor":12,"gold_loss":0},{"damage_healed":25,"gold_gain":0,"player_choice":"Banana","damage_taken":0,"max_hp_gain":0,"max_hp_loss":0,"event_name":"Big Fish","floor":13,"gold_loss":0},{"damage_healed":0,"gold_gain":0,"player_choice":"Upgraded","damage_taken":0,"max_hp_gain":0,"max_hp_loss":0,"event_name":"Upgrade Shrine","floor":21,"gold_loss":0,"cards_upgraded":["Capacitor"]}],"is_beta":false,"boss_relics":[{"not_picked":["Philosopher\u0027s Stone","Sozu","Coffee Dripper"]}],"items_purged_floors":[14,19],"is_endless":false,"potions_floor_spawned":[7,8,18,22],"killed_by":"Slavers","ascension_level":2}