{"gold_per_floor":[118,193,193,203,203,221,221,250,250,250,250,250,250,132,132,227,227,246,263,123,60,70,70,70],"floor_reached":24,"playtime":568,"items_purged":["Strike_G","Strike_G"],"score":255,"play_id":"9c1ba389-35c3-4eca-a1a7-1f9159b50315","local_time":"20190130185101","is_ascension_mode":true,"campfire_choices":[{"data":"Neutralize","floor":7.0,"key":"SMITH"},{"data":"Footwork","floor":11,"key":"SMITH"},{"data":"Noxious Fumes","floor":13,"key":"SMITH"},{"floor":15,"key":"REST"},{"data":"Noxious Fumes","floor":23,"key":"SMITH"}],"neow_cost":"NONE","seed_source_timestamp":248702475773209,"circlet_count":0,"master_deck":["Defend_G","Defend_G","Defend_G","Defend_G","Defend_G","Strike_G","Strike_G","Survivor","Neutralize+1","Deflect","After Image","Deflect","Noxious Fumes+1","Footwork+1","Caltrops","Noxious Fumes","Noxious Fumes","Noxious Fumes","Noxious Fumes+1","Deflect"],"special_seed":0,"relics":["Ring of the Snake","NeowsBlessing","Blood Vial","Molten Egg 2","Singing Bowl","The Courier","CultistMask","Sozu"],"potions_floor_usage":[24],"damage_taken":[{"damage":0.0,"enemies":"2 Louse","floor":1.0,"turns":1.0},{"damage":0.0,"enemies":"Jaw Worm","floor":4.0,"turns":1.0},{"damage":0.0,"enemies":"Cultist","floor":6.0,"turns":1.0},{"damage":18.0,"enemies":"3 Sentries","floor":8.0,"turns":9.0},{"damage":25,"enemies":"Slime Boss","floor":16,"turns":14},{"damage":6,"enemies":"Spheric Guardian","floor":18,"turns":8},{"damage":8,"enemies":"Chosen","floor":19,"turns":7},{"damage":0,"enemies":"Snake Plant","floor":22,"turns":5},{"damage":79,"enemies":"Slavers","floor":24,"turns":4}],"seed_played":"6213960229685392631","potions_obtained":[{"floor":16,"key":"Regen Potion"}],"is_trial":false,"path_per_floor":["M","?","?","M","?","M","R","E","T","T","R","?","R","$","R","B",null,"M","M","$","$","M","R","E"],"character_chosen":"THE_SILENT","items_purchased":["Caltrops","Noxious Fumes","Noxious Fumes"],"campfire_rested":1,"item_purchase_floors":[14,20,21],"current_hp_per_floor":[70,59,59,59,41,43,43,27,27,27,27,27,27,27,48,27,72,66,60,60,60,62,62,0],"gold":70,"neow_bonus":"THREE_ENEMY_KILL","is_prod":false,"is_daily":false,"chose_seed":false,"campfire_upgraded":4,"win_rate":0,"timestamp":1548895861,"path_taken":["M","?","?","?","?","M","R","E","T","?","R","?","R","$","R","BOSS","M","M","?","$","M","R","E"],"build_version":"2019-01-23","purchased_purges":2,"victory":false,"max_hp_per_floor":[70,70,70,70,70,70,70,70,70,70,70,70,70,70,70,72,72,72,72,72,72,72,72,72],"card_choices":[{"not_picked":["Backflip","Dodge and Roll"],"picked":"Deflect","floor":1.0},{"not_picked":["Dodge and Roll","Dagger Spray"],"picked":"Deflect","floor":4.0},{"not_picked":["Dagger Throw","Quick Slash"],"picked":"Noxious Fumes","floor":6.0},{"not_picked":["Die Die Die","Slice"],"picked":"Footwork","floor":8.0},{"not_picked":["Die Die Die+1","Phantasmal Killer","Venomology"],"picked":"Singing Bowl","floor":16},{"not_picked":["Quick Slash+1","Blade Dance"],"picked":"Noxious Fumes","floor":18},{"not_picked":["Riddle With Holes+1","Reflex"],"picked":"Noxious Fumes","floor":19},{"not_picked":["Backflip","Acrobatics"],"picked":"Deflect","floor":22}],"player_experience":275190,"relics_obtained":[{"floor":8.0,"key":"Molten Egg 2"},{"floor":9,"key":"Singing Bowl"},{"floor":10,"key":"The Courier"}],"event_choices":[{"damage_healed":0.0,"max_hp_gain":0.0,"max_hp_loss":0.0,"gold_gain":75.0,"event_name":"World of Goop","player_choice":"Gather Gold","floor":2.0,"gold_loss":0.0,"damage_taken":11.0},{"damage_healed":0.0,"max_hp_gain":0.0,"max_hp_loss":0.0,"gold_gain":0.0,"cards_transformed":["Strike_G"],"event_name":"Transmorgrifier","player_choice":"Transformed","floor":3.0,"gold_loss":0.0,"damage_taken":0.0,"cards_obtained":["After Image"]},{"damage_healed":0.0,"max_hp_gain":0.0,"max_hp_loss":0.0,"gold_gain":0.0,"event_name":"Scrap Ooze","player_choice":"Success","floor":5.0,"gold_loss":0.0,"damage_taken":18.0,"relics_obtained":["Blood Vial"]},{"damage_healed":0,"gold_gain":0,"player_choice":"Trade","damage_taken":0,"relics_obtained":["CultistMask"],"max_hp_gain":0,"max_hp_loss":0,"event_name":"FaceTrader","floor":12,"gold_loss":0}],"is_beta":false,"boss_relics":[{"not_picked":["Orrery","Empty Cage"],"picked":"Sozu"}],"items_purged_floors":[14,20],"is_endless":false,"potions_floor_spawned":[16,18,19],"killed_by":"Slavers","ascension_level":4}