{"gold_per_floor":[112,112,133,146,221,221,67,17,99,139,160,160,193,206,206,337,337,362,362,461,475,219,219,23,23,48,79,79,79,115,128,128,257,257,281,281,130,130,0,0,34,48,74,92,117,67,86,110,110,110],"floor_reached":51,"playtime":2688,"items_purged":["Strike_R","Strike_R","Juggernaut","Bash+1"],"score":898,"play_id":"245ae6a7-8076-49e5-a515-27b5f31e2be1","local_time":"20190120200035","is_ascension_mode":false,"campfire_choices":[{"data":"Entrench","floor":6,"key":"SMITH"},{"data":"Body Slam","floor":12,"key":"SMITH"},{"data":"Shrug It Off","floor":15,"key":"SMITH"},{"data":"Battle Trance","floor":23,"key":"SMITH"},{"data":"Inflame","floor":25,"key":"SMITH"},{"data":"Strike_R","floor":29,"key":"SMITH"},{"data":"Defend_R","floor":32,"key":"SMITH"},{"data":"Berserk","floor":40,"key":"SMITH"},{"data":"Feel No Pain","floor":49,"key":"SMITH"}],"neow_cost":"NONE","seed_source_timestamp":92419249059852,"circlet_count":0,"master_deck":["Shrug It Off+1","Battle Trance+1","Entrench+1","Body Slam+1","Exhume+1","Double Tap+1","Shrug It Off+1","Entrench+1","True Grit+1","Discovery+1","Inflame+1","Impatience+1","Warcry+1","Ghostly Armor+1","Impervious+1","Intimidate+1","Rampage","Berserk+1","Body Slam+1","Warcry+1","Shrug It Off+1","Body Slam+1","Burning Pact+1","Sentinel+1","Feel No Pain+1"],"relics":["Burning Blood","NeowsBlessing","Golden Idol","Whetstone","Self Forming Clay","Toxic Egg 2","Happy Flower","Runic Cube","Pen Nib","Omamori","Shuriken","Boot","Pandora\u0027s Box","Red Mask","Smiling Mask","Art of War"],"potions_floor_usage":[16,21,45],"damage_taken":[{"damage":0,"enemies":"2 Louse","floor":1,"turns":1},{"damage":0,"enemies":"Jaw Worm","floor":3,"turns":1},{"damage":0,"enemies":"Small Slimes","floor":4,"turns":1},{"damage":21,"enemies":"3 Sentries","floor":10,"turns":11},{"damage":0,"enemies":"3 Louse","floor":11,"turns":5},{"damage":10,"enemies":"Lagavulin","floor":13,"turns":6},{"damage":0,"enemies":"2 Fungi Beasts","floor":14,"turns":3},{"damage":40,"enemies":"Hexaghost","floor":16,"turns":13},{"damage":4,"enemies":"3 Byrds","floor":18,"turns":7},{"damage":0,"enemies":"2 Thieves","floor":21,"turns":4},{"damage":12,"enemies":"Slavers","floor":27,"turns":11},{"damage":0,"enemies":"Book of Stabbing","floor":30,"turns":3},{"damage":9,"enemies":"Sentry and Sphere","floor":31,"turns":3},{"damage":0,"enemies":"Champ","floor":33,"turns":8},{"damage":1,"enemies":"3 Darklings","floor":35,"turns":6},{"damage":3,"enemies":"Nemesis","floor":41,"turns":5},{"damage":0,"enemies":"Orb Walker","floor":42,"turns":2},{"damage":0,"enemies":"4 Shapes","floor":44,"turns":4},{"damage":39,"enemies":"Sphere and 2 Shapes","floor":45,"turns":5},{"damage":4,"enemies":"Maw","floor":47,"turns":5},{"damage":0,"enemies":"Spire Growth","floor":48,"turns":3},{"damage":0,"enemies":"Donu and Deca","floor":50,"turns":5}],"seed_played":"-8477692431470966945","potions_obtained":[{"floor":3,"key":"Fire Potion"},{"floor":4,"key":"Regen Potion"},{"floor":14,"key":"FearPotion"},{"floor":16,"key":"Explosive Potion"},{"floor":21,"key":"Strength Potion"},{"floor":33,"key":"FairyPotion"},{"floor":44,"key":"Swift Potion"},{"floor":47,"key":"Poison Potion"}],"is_trial":false,"path_per_floor":["M","?","M","M","?","R","$","?","T","E","M","R","E","M","R","B",null,"M","?","?","M","$","R","$","R","T","E","?","R","E","M","R","B",null,"M","?","$","?","?","R","E","M","T","M","M","$","M","M","R","B",null],"character_chosen":"IRONCLAD","items_purchased":["Whetstone","True Grit+1","Discovery+1","Inflame","Impatience+1","Warcry+1"],"campfire_rested":0,"item_purchase_floors":[7,22,22,22,24,37],"current_hp_per_floor":[80,60,66,72,61,61,61,61,61,46,52,52,48,54,54,35,80,80,80,80,80,80,80,80,80,80,74,74,74,80,77,77,80,80,80,80,80,76,76,76,76,76,76,76,43,43,45,51,51,57],"gold":110,"neow_bonus":"THREE_ENEMY_KILL","is_prod":false,"is_daily":false,"chose_seed":false,"campfire_upgraded":9,"win_rate":0,"timestamp":1548027035,"path_taken":["M","?","M","M","?","R","?","?","T","E","?","R","E","M","R","BOSS","M","?","?","M","$","R","$","R","T","E","?","R","E","M","R","BOSS","M","?","?","?","?","R","E","M","T","M","M","?","M","M","R","BOSS"],"build_version":"2019-01-17v2","purchased_purges":4,"victory":true,"max_hp_per_floor":[80,80,80,80,80,80,80,80,80,80,80,80,80,80,80,80,80,80,80,80,80,80,80,80,80,80,80,80,80,80,80,80,80,80,80,80,80,76,76,76,76,76,76,76,76,76,76,76,76,76],"card_choices":[{"not_picked":["True Grit","Pummel"],"picked":"Shrug It Off","floor":1},{"not_picked":["Headbutt","Corruption"],"picked":"Battle Trance","floor":3},{"not_picked":["Headbutt","Havoc"],"picked":"Entrench","floor":4},{"not_picked":["Shrug It Off","Flame Barrier"],"picked":"Body Slam","floor":10},{"not_picked":["Pommel Strike","Fire Breathing","Clash"],"picked":"SKIP","floor":11},{"not_picked":["Sever Soul","Reckless Charge","Whirlwind"],"picked":"SKIP","floor":13},{"not_picked":["Clothesline","Perfected Strike"],"picked":"Exhume+1","floor":14},{"not_picked":["Juggernaut","Dark Embrace"],"picked":"Double Tap+1","floor":16},{"not_picked":["Flex+1","Cleave+1"],"picked":"Shrug It Off+1","floor":18},{"not_picked":["Ghostly Armor+1","Havoc+1","Disarm+1"],"picked":"SKIP","floor":21},{"not_picked":["Twin Strike","Power Through+1","Clash+1"],"picked":"SKIP","floor":27},{"not_picked":["Sword Boomerang","Reckless Charge+1","Pommel Strike"],"picked":"SKIP","floor":30},{"not_picked":["Reaper","Disarm+1"],"picked":"Warcry+1","floor":31},{"not_picked":["Warcry+1","Anger"],"picked":"Body Slam+1","floor":35},{"not_picked":["Inflame","Fire Breathing+1"],"picked":"Shrug It Off+1","floor":41},{"not_picked":["Sever Soul","Sword Boomerang+1"],"picked":"Body Slam+1","floor":42},{"not_picked":["Flex+1","Clash+1"],"picked":"Burning Pact+1","floor":44},{"not_picked":["Body Slam","Sword Boomerang"],"picked":"Sentinel+1","floor":45},{"not_picked":["Heavy Blade","Demon Form","Cleave+1"],"picked":"SKIP","floor":47},{"not_picked":["True Grit+1","Cleave"],"picked":"Feel No Pain","floor":48}],"player_experience":196525,"relics_obtained":[{"floor":9,"key":"Self Forming Clay"},{"floor":10,"key":"Toxic Egg 2"},{"floor":13,"key":"Happy Flower"},{"floor":26,"key":"Pen Nib"},{"floor":27,"key":"Omamori"},{"floor":30,"key":"Boot"},{"floor":41,"key":"Smiling Mask"},{"floor":43,"key":"Art of War"}],"event_choices":[{"damage_healed":0,"gold_gain":0,"player_choice":"Take Damage","damage_taken":20,"relics_obtained":["Golden Idol"],"max_hp_gain":0,"max_hp_loss":0,"event_name":"Golden Idol","floor":2,"gold_loss":0},{"damage_healed":0,"gold_gain":75,"player_choice":"Gather Gold","damage_taken":11,"max_hp_gain":0,"max_hp_loss":0,"event_name":"World of Goop","floor":5,"gold_loss":0},{"cards_removed":["Strike_R"],"damage_healed":0,"gold_gain":0,"player_choice":"Card Removal","damage_taken":0,"max_hp_gain":0,"max_hp_loss":0,"event_name":"The Cleric","floor":8,"gold_loss":50},{"damage_healed":0,"gold_gain":0,"player_choice":"Read","damage_taken":0,"max_hp_gain":0,"max_hp_loss":0,"event_name":"The Library","floor":19,"gold_loss":0,"cards_obtained":["Entrench"]},{"damage_healed":0,"gold_gain":99,"player_choice":"Stole From Cult","damage_taken":0,"max_hp_gain":0,"max_hp_loss":0,"event_name":"Nest","floor":20,"gold_loss":0},{"damage_healed":0,"gold_gain":0,"player_choice":"Stole Relic","damage_taken":0,"relics_obtained":["Shuriken"],"max_hp_gain":0,"max_hp_loss":0,"event_name":"Addict","floor":28,"gold_loss":0,"cards_obtained":["Shame"]},{"damage_healed":0,"gold_gain":0,"player_choice":"Ignored","damage_taken":0,"max_hp_gain":0,"max_hp_loss":0,"event_name":"SecretPortal","floor":36,"gold_loss":0},{"damage_healed":0,"gold_gain":0,"player_choice":"Max HP","damage_taken":0,"max_hp_gain":0,"max_hp_loss":4,"event_name":"Winding Halls","floor":38,"gold_loss":0},{"damage_healed":0,"gold_gain":0,"player_choice":"Paid","damage_taken":0,"relics_obtained":["Red Mask"],"max_hp_gain":0,"max_hp_loss":0,"event_name":"Tomb of Lord Red Mask","floor":39,"gold_loss":130}],"is_beta":false,"boss_relics":[{"not_picked":["White Beast Statue","Snecko Eye"],"picked":"Runic Cube"},{"not_picked":["Cursed Key","Fusion Hammer"],"picked":"Pandora\u0027s Box"}],"items_purged_floors":[22,24,37,46],"is_endless":false,"potions_floor_spawned":[3,4,14,16,21,27,33,35,44,47],"ascension_level":0}