{"gold_per_floor":[112,112,92,102,116,116,130,149,174,174,190,190,190,215,215,313,313,303,218,218,168,186,186,136,136,136,86,86,103,117,129,129,231,231,249,249,249,264,141,169,169,179,179,179,197,197,222,222,222,222],"floor_reached":50,"playtime":3584,"items_purged":["Strike_R","Strike_R","Defend_R+1","Writhe"],"score":565,"play_id":"56f51bf6-c137-4c7d-9767-3682177de87b","local_time":"20190104232112","is_ascension_mode":false,"campfire_choices":[{"data":"Iron Wave","floor":6,"key":"SMITH"},{"data":"True Grit","floor":10,"key":"SMITH"},{"data":"Feed","floor":15,"key":"SMITH"},{"data":"Demon Form","floor":23,"key":"SMITH"},{"floor":32,"key":"REST"},{"data":"Pummel","floor":41,"key":"SMITH"},{"data":"Shrug It Off","floor":46,"key":"SMITH"},{"data":"Burning Pact","floor":49,"key":"SMITH"}],"neow_cost":"NONE","seed_source_timestamp":21927393345100,"circlet_count":0,"master_deck":["Strike_R+1","Defend_R+1","Defend_R+1","Defend_R+1","Bash+1","True Grit+1","Iron Wave+1","Shrug It Off+1","Headbutt","Feed+1","Brutality","Demon Form+1","Body Slam+1","Pummel+1","Headbutt+1","Inflame","Impervious","Metallicize+1","Battle Trance+1","Battle Trance+1","Burning Pact+1"],"relics":["Burning Blood","Oddly Smooth Stone","Darkstone Periapt","Odd Mushroom","Mark of Pain","Smiling Mask","Enchiridion","PreservedInsect","Coffee Dripper","Juzu Bracelet","Bottled Flame","Question Card","Dodecahedron"],"potions_floor_usage":[11,16,16,16,33,33,33,40,42,47,50],"damage_taken":[{"damage":0,"enemies":"Small Slimes","floor":1,"turns":3},{"damage":8,"enemies":"2 Louse","floor":4,"turns":2},{"damage":0,"enemies":"Cultist","floor":5,"turns":2},{"damage":17,"enemies":"Large Slime","floor":7,"turns":7},{"damage":5,"enemies":"Blue Slaver","floor":8,"turns":5},{"damage":0,"enemies":"3 Louse","floor":11,"turns":1},{"damage":21,"enemies":"The Mushroom Lair","floor":14,"turns":5},{"damage":43,"enemies":"Hexaghost","floor":16,"turns":12},{"damage":23,"enemies":"2 Thieves","floor":18,"turns":4},{"damage":4,"enemies":"Chosen","floor":22,"turns":4},{"damage":18,"enemies":"Snecko","floor":29,"turns":6},{"damage":15,"enemies":"3 Cultists","floor":30,"turns":5},{"damage":14,"enemies":"Snake Plant","floor":31,"turns":5},{"damage":25,"enemies":"Champ","floor":33,"turns":6},{"damage":2,"enemies":"Orb Walker","floor":35,"turns":3},{"damage":34,"enemies":"3 Darklings","floor":38,"turns":6},{"damage":21,"enemies":"Nemesis","floor":40,"turns":5},{"damage":15,"enemies":"Transient","floor":42,"turns":5},{"damage":17,"enemies":"Maw","floor":45,"turns":6},{"damage":26,"enemies":"Reptomancer","floor":47,"turns":6},{"damage":68,"enemies":"Donu and Deca","floor":50,"turns":8}],"seed_played":"5676127952558887512","potions_obtained":[{"floor":1,"key":"SteroidPotion"},{"floor":3,"key":"AttackPotion"},{"floor":4,"key":"SpeedPotion"},{"floor":11,"key":"Explosive Potion"},{"floor":14,"key":"Poison Potion"},{"floor":18,"key":"AttackPotion"},{"floor":22,"key":"EssenceOfSteel"},{"floor":30,"key":"SteroidPotion"},{"floor":31,"key":"Dexterity Potion"},{"floor":35,"key":"SneckoOil"},{"floor":40,"key":"Regen Potion"},{"floor":45,"key":"SkillPotion"}],"is_trial":false,"path_per_floor":["M","?","?","M","M","R","M","M","T","R","M","?","T","?","R","B",null,"M","?","?","$","M","R","$","?","T","$","?","M","M","M","R","B",null,"M","?","?","M","$","E","R","M","T","$","M","R","E","T","R","B"],"character_chosen":"IRONCLAD","items_purchased":["BloodPotion"],"campfire_rested":1,"item_purchase_floors":[39],"current_hp_per_floor":[80,64,64,62,68,68,57,58,58,58,64,64,64,52,52,15,83,66,66,50,50,56,56,56,56,56,56,56,48,43,39,68,53,103,107,107,113,85,85,74,74,80,80,80,73,73,53,53,53,0],"gold":222,"neow_bonus":"UPGRADE_CARD","is_prod":false,"is_daily":false,"chose_seed":false,"campfire_upgraded":7,"win_rate":0,"timestamp":1546644072,"path_taken":["M","?","?","M","?","R","M","M","T","R","M","?","?","?","R","BOSS","M","?","?","?","?","R","?","?","T","$","?","M","M","M","R","BOSS","M","?","?","M","$","E","R","M","T","$","M","R","E","?","R","BOSS"],"build_version":"2019-01-03v4","purchased_purges":4,"victory":false,"max_hp_per_floor":[80,80,80,80,80,80,80,80,80,80,80,80,80,83,83,83,83,83,83,83,83,87,87,87,87,87,87,87,91,95,99,99,103,103,107,107,113,113,113,117,117,117,117,117,121,121,121,121,121,121],"card_choices":[{"not_picked":["Hemokinesis","Rupture"],"picked":"True Grit","floor":1},{"not_picked":["Twin Strike","True Grit","Intimidate"],"picked":"SKIP","floor":4},{"not_picked":["Flex","Heavy Blade"],"picked":"Iron Wave","floor":5},{"not_picked":["Infernal Blade","Sever Soul"],"picked":"Shrug It Off","floor":7},{"not_picked":["Warcry","Pommel Strike","Carnage"],"picked":"SKIP","floor":8},{"not_picked":["Combust","Heavy Blade"],"picked":"Headbutt","floor":11},{"not_picked":["Blood for Blood","Second Wind"],"picked":"Brutality","floor":14},{"not_picked":["Double Tap","Limit Break"],"picked":"Demon Form","floor":16},{"not_picked":["Pommel Strike+1","Clash","Whirlwind+1"],"picked":"SKIP","floor":18},{"not_picked":["Shrug It Off+1","Ghostly Armor+1"],"picked":"Body Slam+1","floor":22},{"not_picked":["Rage","Heavy Blade"],"picked":"Headbutt+1","floor":29},{"not_picked":["Infernal Blade","Combust","Twin Strike"],"picked":"SKIP","floor":30},{"not_picked":["Second Wind+1","Twin Strike"],"picked":"Inflame","floor":31},{"not_picked":["Barricade","Offering"],"picked":"Impervious","floor":33},{"not_picked":["Pommel Strike+1","Feel No Pain+1"],"picked":"Metallicize+1","floor":35},{"not_picked":["Thunderclap","Twin Strike+1","Clash+1"],"picked":"SKIP","floor":38},{"not_picked":["Headbutt+1","Spot Weakness+1"],"picked":"Battle Trance+1","floor":40},{"not_picked":["True Grit+1","Warcry+1","Thunderclap+1"],"picked":"SKIP","floor":42},{"not_picked":["Iron Wave+1","Cleave"],"picked":"Battle Trance+1","floor":45},{"not_picked":["Inflame","Clash+1"],"picked":"Burning Pact","floor":47}],"player_experience":42776,"relics_obtained":[{"floor":9,"key":"Oddly Smooth Stone"},{"floor":13,"key":"Darkstone Periapt"},{"floor":14,"key":"Odd Mushroom"},{"floor":20,"key":"Enchiridion"},{"floor":26,"key":"PreservedInsect"},{"floor":40,"key":"Juzu Bracelet"},{"floor":43,"key":"Bottled Flame"},{"floor":47,"key":"Question Card"},{"floor":48,"key":"Dodecahedron"}],"event_choices":[{"damage_healed":0,"gold_gain":0,"player_choice":"Entered Light","damage_taken":16,"max_hp_gain":0,"max_hp_loss":0,"event_name":"Shining Light","floor":2,"gold_loss":0,"cards_upgraded":["Strike_R","Strike_R"]},{"damage_healed":0,"gold_gain":0,"player_choice":"Bought 1 Potion","damage_taken":0,"max_hp_gain":0,"max_hp_loss":0,"event_name":"The Woman in Blue","floor":3,"gold_loss":0},{"damage_healed":0,"gold_gain":0,"cards_transformed":["Strike_R"],"player_choice":"Change","damage_taken":0,"max_hp_gain":0,"max_hp_loss":0,"event_name":"Living Wall","floor":12,"gold_loss":0,"cards_obtained":["Feed"]},{"damage_healed":0,"gold_gain":0,"player_choice":"Fought Mushrooms","damage_taken":0,"max_hp_gain":0,"max_hp_loss":0,"event_name":"Mushrooms","floor":14,"gold_loss":0},{"damage_healed":0,"gold_gain":0,"player_choice":"Obtained Relic","damage_taken":0,"relics_obtained":["Smiling Mask"],"max_hp_gain":0,"max_hp_loss":0,"event_name":"Addict","floor":19,"gold_loss":85},{"damage_healed":0,"gold_gain":0,"player_choice":"Obtained Book","damage_taken":16,"max_hp_gain":0,"max_hp_loss":0,"event_name":"Cursed Tome","floor":20,"gold_loss":0},{"damage_healed":0,"gold_gain":0,"player_choice":"Simplicity","damage_taken":0,"max_hp_gain":0,"max_hp_loss":0,"event_name":"Back to Basics","floor":25,"gold_loss":0,"cards_upgraded":["Defend_R","Defend_R","Defend_R","Defend_R"]},{"damage_healed":0,"gold_gain":0,"player_choice":"Read","damage_taken":0,"max_hp_gain":0,"max_hp_loss":0,"event_name":"The Library","floor":28,"gold_loss":0,"cards_obtained":["Pummel"]},{"cards_removed":["Strike_R"],"damage_healed":0,"gold_gain":0,"player_choice":"Removed Attack","damage_taken":0,"max_hp_gain":0,"max_hp_loss":0,"event_name":"Falling","floor":36,"gold_loss":0},{"damage_healed":27,"gold_gain":0,"player_choice":"Writhe","damage_taken":0,"max_hp_gain":0,"max_hp_loss":0,"event_name":"Winding Halls","floor":37,"gold_loss":0,"cards_obtained":["Writhe"]}],"is_beta":false,"boss_relics":[{"not_picked":["Busted Crown","Eternal Feather"],"picked":"Mark of Pain"},{"not_picked":["Astrolabe","Empty Cage"],"picked":"Coffee Dripper"}],"items_purged_floors":[21,24,27,39],"is_endless":false,"potions_floor_spawned":[1,4,11,14,18,22,30,31,35,40,45],"killed_by":"Donu and Deca","ascension_level":0}