{"gold_per_floor":[116,136,148,148,160,173,173,173,197,122,122,102,113,129,129,129],"floor_reached":16,"playtime":387,"items_purged":["Strike_R"],"score":179,"play_id":"a0a2618d-d6e0-469d-ab2f-0dd52bc0b73f","local_time":"20190109035232","is_ascension_mode":true,"campfire_choices":[{"data":"Searing Blow","floor":7,"key":"SMITH"},{"data":"Searing Blow+1","floor":11,"key":"SMITH"},{"data":"Searing Blow+2","floor":15,"key":"SMITH"}],"neow_cost":"NONE","seed_source_timestamp":2780226094498085,"circlet_count":0,"master_deck":["AscendersBane","Strike_R","Strike_R","Strike_R","Strike_R","Defend_R","Defend_R","Defend_R","Defend_R","Bash","Searing Blow+3","Uppercut","Inflame","Clothesline"],"relics":["Burning Blood","NeowsBlessing","Bag of Preparation"],"potions_floor_usage":[6,13,14],"damage_taken":[{"damage":0,"enemies":"Cultist","floor":1,"turns":1},{"damage":0,"enemies":"2 Louse","floor":2,"turns":1},{"damage":0,"enemies":"Jaw Worm","floor":3,"turns":1},{"damage":13,"enemies":"2 Fungi Beasts","floor":5,"turns":4},{"damage":21,"enemies":"Gremlin Gang","floor":6,"turns":5},{"damage":8,"enemies":"Blue Slaver","floor":13,"turns":4},{"damage":4,"enemies":"Exordium Thugs","floor":14,"turns":4},{"damage":64,"enemies":"Slime Boss","floor":16,"turns":6}],"seed_played":"7536410639085043752","potions_obtained":[{"floor":1,"key":"Energy Potion"},{"floor":3,"key":"Strength Potion"},{"floor":12,"key":"SneckoOil"},{"floor":13,"key":"Fire Potion"}],"is_trial":false,"path_per_floor":["M","M","M","?","M","M","R","?","T","$","R","?","M","M","R","B"],"character_chosen":"IRONCLAD","items_purchased":[],"campfire_rested":0,"item_purchase_floors":[],"current_hp_per_floor":[74,75,75,75,68,53,53,53,53,53,53,53,51,53,53,0],"gold":129,"neow_bonus":"THREE_ENEMY_KILL","is_prod":false,"is_daily":false,"chose_seed":false,"campfire_upgraded":3,"win_rate":0,"timestamp":1547002352,"path_taken":["M","?","M","?","?","M","R","?","T","$","R","?","?","M","R","BOSS"],"build_version":"2019-01-03v4","purchased_purges":1,"victory":false,"max_hp_per_floor":[75,75,75,75,75,75,75,75,75,75,75,75,75,75,75,75],"card_choices":[{"not_picked":["Cleave","Flex"],"picked":"Searing Blow","floor":1},{"not_picked":["Perfected Strike","Shockwave","Headbutt"],"picked":"SKIP","floor":2},{"not_picked":["Twin Strike","Anger","Warcry"],"picked":"SKIP","floor":3},{"not_picked":["Cleave","Rage"],"picked":"Uppercut","floor":5},{"not_picked":["Warcry","Dropkick"],"picked":"Inflame","floor":6},{"not_picked":["Intimidate","Twin Strike","Flex"],"picked":"SKIP","floor":13},{"not_picked":["Cleave","Clash"],"picked":"Clothesline","floor":14}],"player_experience":693843,"relics_obtained":[{"floor":9,"key":"Bag of Preparation"}],"event_choices":[{"damage_healed":0,"gold_gain":0,"player_choice":"Got Potions","damage_taken":0,"max_hp_gain":0,"max_hp_loss":0,"event_name":"Lab","floor":4,"gold_loss":0},{"damage_healed":0,"gold_gain":0,"player_choice":"Ignored","damage_taken":0,"max_hp_gain":0,"max_hp_loss":0,"event_name":"Golden Idol","floor":8,"gold_loss":0},{"damage_healed":0,"gold_gain":0,"player_choice":"Bought 1 Potion","damage_taken":0,"max_hp_gain":0,"max_hp_loss":0,"event_name":"The Woman in Blue","floor":12,"gold_loss":0}],"is_beta":false,"boss_relics":[],"items_purged_floors":[10],"is_endless":false,"potions_floor_spawned":[1,3,5,13],"killed_by":"Slime Boss","ascension_level":18}