{"gold_per_floor":[116,41,57,57,76,76,76,96,96,116,136,174,189,204,204,204],"floor_reached":16,"playtime":720,"items_purged":["Strike_R"],"score":106,"play_id":"e24d5641-3d38-42b5-b1d0-8793e4d22fbb","local_time":"20180723100436","is_ascension_mode":false,"campfire_choices":[{"data":"Searing Blow","floor":6,"key":"SMITH"},{"floor":15,"key":"REST"}],"neow_cost":"NONE","seed_source_timestamp":686784176510992,"circlet_count":0,"master_deck":["Strike_R","Strike_R","Strike_R","Defend_R","Defend_R","Defend_R","Defend_R","Bash","Dual Wield","Searing Blow+1","Headbutt","Cleave","Spot Weakness","Armaments","Double Tap"],"relics":["Burning Blood","Golden Idol","Shuriken","Champion Belt"],"potions_floor_usage":[14,16],"damage_taken":[{"damage":5,"enemies":"Jaw Worm","floor":1,"turns":5},{"damage":4,"enemies":"Small Slimes","floor":3,"turns":4},{"damage":6,"enemies":"Cultist","floor":5,"turns":5},{"damage":10,"enemies":"Exordium Thugs","floor":8,"turns":4},{"damage":6,"enemies":"Exordium Wildlife","floor":10,"turns":4},{"damage":11,"enemies":"2 Fungi Beasts","floor":11,"turns":4},{"damage":45,"enemies":"Lagavulin","floor":12,"turns":8},{"damage":7,"enemies":"Looter","floor":13,"turns":3},{"damage":16,"enemies":"Exordium Thugs","floor":14,"turns":6},{"damage":43,"enemies":"The Guardian","floor":16,"turns":9}],"seed_played":"1054407503916973602","potions_obtained":[{"floor":1,"key":"Dexterity Potion"},{"floor":5,"key":"Block Potion"},{"floor":11,"key":"GamblersBrew"},{"floor":13,"key":"PowerPotion"}],"is_trial":false,"path_per_floor":["M","$","M","?","M","R","$","M","T","M","M","E","M","M","R"],"character_chosen":"IRONCLAD","items_purchased":[],"campfire_rested":1,"item_purchase_floors":[],"current_hp_per_floor":[80,80,80,74,74,74,74,70,70,70,65,26,25,15,37,0],"gold":204,"neow_bonus":"REMOVE_CARD","is_prod":false,"is_daily":false,"chose_seed":false,"campfire_upgraded":1,"win_rate":0.0,"timestamp":1532311476,"path_taken":["M","$","M","?","M","R","?","M","T","M","?","E","M","M","R","BOSS"],"build_version":"2018-07-19v2","purchased_purges":1,"victory":false,"max_hp_per_floor":[80,80,80,74,74,74,74,74,74,74,74,74,74,74,74,74],"card_choices":[{"not_picked":["Corruption","Power Through"],"picked":"Dual Wield","floor":1},{"not_picked":["Flame Barrier","Dual Wield","Headbutt"],"picked":"SKIP","floor":3},{"not_picked":["Twin Strike","Clothesline"],"picked":"Searing Blow","floor":5},{"not_picked":["Anger","Searing Blow"],"picked":"Headbutt","floor":8},{"not_picked":["Perfected Strike","Clash","Fire Breathing"],"picked":"SKIP","floor":10},{"not_picked":["Thunderclap","Clash"],"picked":"Cleave","floor":11},{"not_picked":["Juggernaut","Rupture"],"picked":"Spot Weakness","floor":12},{"not_picked":["Cleave","Heavy Blade"],"picked":"Armaments","floor":13},{"not_picked":["Perfected Strike","Headbutt"],"picked":"Double Tap","floor":14}],"player_experience":70001,"relics_obtained":[{"floor":9,"key":"Shuriken"},{"floor":12,"key":"Champion Belt"}],"event_choices":[{"event_name":"Golden Idol","player_choice":"Lose Max HP","floor":4,"damage_taken":0}],"is_beta":false,"boss_relics":[],"items_purged_floors":[2],"is_endless":false,"potions_floor_spawned":[1,5,11,12,13],"killed_by":"The Guardian","ascension_level":0}