{"gold_per_floor":[118,118,193,111,128,153,153,183,183,210,235,263,302,324,336,447,459,491,503,515,292,309,334,345,372,425,453,512,547,561,65,65,168,168,183,194,246,269,316,645,680,707,731,101,101,127,156,176,176,176],"floor_reached":51,"playtime":2623,"items_purged":["Wild Strike","Reaper"],"score":1294,"play_id":"6aa6d43f-bd9e-49c8-a30b-391ab8e464df","local_time":"20181231161652","daily_mods":["SealedDeck","DeadlyEvents","Elite Swarm"],"is_ascension_mode":false,"campfire_choices":[{"data":"Feed","floor":7,"key":"SMITH"},{"data":"Double Tap","floor":15,"key":"SMITH"},{"data":"Discovery","floor":32,"key":"SMITH"},{"data":"Chrysalis","floor":45,"key":"SMITH"},{"data":"Brutality","floor":49,"key":"SMITH"}],"neow_cost":"","seed_source_timestamp":838242946068212,"circlet_count":0,"master_deck":["Thunderclap+1","Cleave","Cleave+1","Iron Wave","Iron Wave","Clash","Clash","Clash","Clash","Clash","Discovery+1","Feed+1","Double Tap+1","Double Tap+1","True Grit+1","Feed","Battle Trance+1","Clash","Offering","Chrysalis+1","Deep Breath","Brutality+1"],"relics":["Burning Blood","Ginger","Bag of Preparation","Darkstone Periapt","MawBank","Mummified Hand","Coffee Dripper","Singing Bowl","Calipers","Red Skull","Orichalcum","Incense Burner","Tiny Chest","Bronze Scales","Strawberry","Lee\u0027s Waffle","Oddly Smooth Stone","Black Star","Bird Faced Urn","Art of War","Blood Vial","Old Coin","Mercury Hourglass","Regal Pillow","Gambling Chip","War Paint","Unceasing Top","PreservedInsect","Bottled Lightning","Gremlin Horn","Thread and Needle","Lantern","Smiling Mask"],"potions_floor_usage":[50,50],"damage_taken":[{"damage":0,"enemies":"Jaw Worm","floor":1,"turns":1},{"damage":0,"enemies":"2 Louse","floor":5,"turns":1},{"damage":0,"enemies":"3 Sentries","floor":6,"turns":2},{"damage":8,"enemies":"Lagavulin","floor":8,"turns":3},{"damage":0,"enemies":"Gremlin Nob","floor":10,"turns":1},{"damage":0,"enemies":"Small Slimes","floor":11,"turns":1},{"damage":0,"enemies":"Looter","floor":12,"turns":1},{"damage":0,"enemies":"3 Sentries","floor":13,"turns":2},{"damage":0,"enemies":"Lots of Slimes","floor":14,"turns":1},{"damage":40,"enemies":"The Guardian","floor":16,"turns":3},{"damage":0,"enemies":"Spheric Guardian","floor":18,"turns":1},{"damage":0,"enemies":"Shell Parasite","floor":22,"turns":1},{"damage":0,"enemies":"Slavers","floor":23,"turns":2},{"damage":12,"enemies":"Centurion and Healer","floor":24,"turns":2},{"damage":13,"enemies":"Book of Stabbing","floor":25,"turns":3},{"damage":2,"enemies":"Slavers","floor":27,"turns":3},{"damage":0,"enemies":"Book of Stabbing","floor":28,"turns":2},{"damage":11,"enemies":"Slavers","floor":29,"turns":2},{"damage":13,"enemies":"Shelled Parasite and Fungi","floor":30,"turns":2},{"damage":23,"enemies":"Automaton","floor":33,"turns":5},{"damage":0,"enemies":"Orb Walker","floor":35,"turns":1},{"damage":4,"enemies":"3 Darklings","floor":36,"turns":2},{"damage":39,"enemies":"2 Orb Walkers","floor":37,"turns":4},{"damage":32,"enemies":"Reptomancer","floor":40,"turns":4},{"damage":0,"enemies":"Nemesis","floor":41,"turns":3},{"damage":17,"enemies":"Giant Head","floor":42,"turns":4},{"damage":9,"enemies":"Nemesis","floor":46,"turns":2},{"damage":6,"enemies":"Reptomancer","floor":47,"turns":2},{"damage":6,"enemies":"Jaw Worm Horde","floor":48,"turns":1},{"damage":71,"enemies":"Awakened One","floor":50,"turns":10}],"seed_played":"-1383780510461928391","potions_obtained":[{"floor":8,"key":"EssenceOfSteel"},{"floor":10,"key":"Strength Potion"},{"floor":13,"key":"Explosive Potion"},{"floor":14,"key":"PowerPotion"}],"is_trial":true,"path_per_floor":["M","?","?","$","M","E","R","E","T","E","M","M","E","M","R","B",null,"M","?","?","$","M","E","M","E","T","E","E","E","M","$","R","B",null,"M","M","?","T","T","E","E","E","T","$","R","E","E","M","R","B",null],"character_chosen":"IRONCLAD","items_purchased":["Discovery","Reaper","Strawberry","Lee\u0027s Waffle","Oddly Smooth Stone","Bottled Lightning","Chrysalis","Deep Breath"],"campfire_rested":0,"item_purchase_floors":[4,21,31,31,31,44,44,44],"current_hp_per_floor":[80,64,53,53,59,65,65,67,67,73,79,84,88,92,92,58,92,96,96,96,96,98,104,104,103,103,118,118,118,116,142,142,127,144,144,144,117,117,117,97,107,111,111,111,111,114,120,133,133,79],"gold":176,"neow_bonus":"","is_prod":false,"is_daily":false,"chose_seed":false,"campfire_upgraded":5,"win_rate":0,"timestamp":1546285612,"path_taken":["M","?","?","?","M","E","R","E","T","E","M","M","E","M","R","BOSS","M","?","?","$","M","E","M","E","T","E","?","E","M","?","R","BOSS","M","M","?","?","?","E","?","E","T","$","R","?","E","M","R","BOSS"],"build_version":"2018-12-20","purchased_purges":2,"victory":true,"max_hp_per_floor":[80,80,80,80,80,80,80,84,84,84,84,84,88,92,92,92,92,96,96,96,96,98,104,110,112,112,118,118,123,128,142,142,144,144,144,144,150,150,150,152,154,157,157,157,157,157,159,168,168,171],"card_choices":[{"not_picked":["Thunderclap","Flame Barrier","Heavy Blade"],"picked":"SKIP","floor":1},{"not_picked":["Flex","Anger","Corruption"],"picked":"SKIP","floor":5},{"not_picked":["Berserk","Immolate"],"picked":"Feed","floor":6},{"not_picked":["Limit Break","Immolate","Juggernaut"],"picked":"SKIP","floor":8},{"not_picked":["Barricade","Berserk","Limit Break"],"picked":"SKIP","floor":10},{"not_picked":["Anger","Blood for Blood"],"picked":"Warcry","floor":11},{"not_picked":["Shrug It Off","Bloodletting","Warcry"],"picked":"SKIP","floor":12},{"not_picked":["Bludgeon","Exhume"],"picked":"Double Tap","floor":13},{"not_picked":["Whirlwind","Combust","Warcry"],"picked":"SKIP","floor":14},{"not_picked":["Berserk","Exhume"],"picked":"Double Tap","floor":16},{"not_picked":["Body Slam","Iron Wave"],"picked":"True Grit+1","floor":18},{"not_picked":["Armaments","Metallicize+1","Disarm"],"picked":"Singing Bowl","floor":22},{"not_picked":["Double Tap","Reaper","Immolate"],"picked":"Singing Bowl","floor":23},{"not_picked":["True Grit+1","Heavy Blade","Perfected Strike"],"picked":"Singing Bowl","floor":24},{"not_picked":["Fiend Fire","Barricade","Juggernaut"],"picked":"Singing Bowl","floor":25},{"not_picked":["Exhume","Bludgeon","Double Tap"],"picked":"Singing Bowl","floor":27},{"not_picked":["Dark Embrace","Limit Break"],"picked":"Feed","floor":28},{"not_picked":["Immolate","Demon Form","Impervious"],"picked":"Singing Bowl","floor":29},{"not_picked":["Corruption+1","Inflame+1","Sever Soul"],"picked":"Singing Bowl","floor":30},{"not_picked":["Exhume","Immolate","Reaper"],"picked":"Singing Bowl","floor":33},{"not_picked":["Metallicize","Shrug It Off"],"picked":"Battle Trance","floor":35},{"not_picked":["Infernal Blade","Sword Boomerang+1"],"picked":"Clash","floor":36},{"not_picked":["Cleave+1","Shrug It Off","Havoc"],"picked":"Singing Bowl","floor":37},{"not_picked":["Limit Break","Berserk","Double Tap"],"picked":"Singing Bowl","floor":40},{"not_picked":["Berserk","Juggernaut","Impervious"],"picked":"Singing Bowl","floor":41},{"not_picked":["Reaper","Fiend Fire"],"picked":"Offering","floor":42},{"not_picked":["Fiend Fire","Juggernaut"],"picked":"Brutality","floor":46},{"not_picked":["Berserk","Reaper","Impervious"],"picked":"Singing Bowl","floor":47},{"not_picked":["Havoc","Disarm","Anger+1"],"picked":"Singing Bowl","floor":48}],"player_experience":139079,"relics_obtained":[{"floor":6,"key":"Ginger"},{"floor":8,"key":"Bag of Preparation"},{"floor":9,"key":"Darkstone Periapt"},{"floor":10,"key":"MawBank"},{"floor":13,"key":"Mummified Hand"},{"floor":23,"key":"Calipers"},{"floor":25,"key":"Red Skull"},{"floor":26,"key":"Orichalcum"},{"floor":27,"key":"Incense Burner"},{"floor":28,"key":"Tiny Chest"},{"floor":29,"key":"Bronze Scales"},{"floor":37,"key":"Bird Faced Urn"},{"floor":38,"key":"Art of War"},{"floor":39,"key":"Blood Vial"},{"floor":40,"key":"Old Coin"},{"floor":40,"key":"Mercury Hourglass"},{"floor":41,"key":"Regal Pillow"},{"floor":41,"key":"Gambling Chip"},{"floor":42,"key":"War Paint"},{"floor":42,"key":"Unceasing Top"},{"floor":43,"key":"PreservedInsect"},{"floor":46,"key":"Gremlin Horn"},{"floor":46,"key":"Thread and Needle"},{"floor":47,"key":"Lantern"},{"floor":47,"key":"Smiling Mask"}],"event_choices":[{"damage_healed":0,"gold_gain":0,"player_choice":"Entered Light","damage_taken":16,"max_hp_gain":0,"max_hp_loss":0,"event_name":"Shining Light","floor":2,"gold_loss":0,"cards_upgraded":["Thunderclap","Cleave"]},{"damage_healed":0,"gold_gain":75,"player_choice":"Gather Gold","damage_taken":11,"max_hp_gain":0,"max_hp_loss":0,"event_name":"World of Goop","floor":3,"gold_loss":0},{"damage_healed":0,"gold_gain":0,"player_choice":"Opened","damage_taken":0,"relics_obtained":["Singing Bowl"],"max_hp_gain":0,"max_hp_loss":0,"event_name":"The Mausoleum","floor":19,"gold_loss":0},{"damage_healed":0,"gold_gain":0,"cards_transformed":["Warcry"],"player_choice":"Transformed","damage_taken":0,"max_hp_gain":0,"max_hp_loss":0,"event_name":"Transmorgrifier","floor":20,"gold_loss":0,"cards_obtained":["Wild Strike"]},{"damage_healed":0,"gold_gain":0,"player_choice":"Fight","damage_taken":0,"max_hp_gain":0,"max_hp_loss":0,"event_name":"Mysterious Sphere","floor":37,"gold_loss":0}],"is_beta":false,"boss_relics":[{"not_picked":["Busted Crown","Velvet Choker"],"picked":"Coffee Dripper"},{"not_picked":["Runic Dome","Astrolabe"],"picked":"Black Star"}],"items_purged_floors":[21,44],"is_endless":false,"potions_floor_spawned":[8,10,13,14,23,24,28,29,30,33,36,37,40,42,48],"ascension_level":0}