{"gold_per_floor":[112,0,18,18,18,18,32,32,32,46,46,79,79,110,110,210,210,228,238,253,253,265,265,292,292,292,292,292,311,325,335,335,436,436,447,347,360,370,385,385,405,405,405,421,296,296,296],"floor_reached":47,"playtime":2668,"items_purged":["Strike_B","Cold Snap+1","Conserve Battery"],"score":505,"play_id":"eace27c2-fc6e-4eaf-8c4c-9e556b0df3a3","local_time":"20180812225515","is_ascension_mode":true,"campfire_choices":[{"data":"Ball Lightning","floor":6,"key":"SMITH"},{"data":"Auto Shields","floor":8,"key":"SMITH"},{"data":"Conserve Battery","floor":11,"key":"SMITH"},{"data":"White Noise","floor":15,"key":"SMITH"},{"data":"Redo","floor":23,"key":"SMITH"},{"floor":25,"key":"REST"},{"data":"Machine Learning","floor":28,"key":"SMITH"},{"floor":32,"key":"REST"},{"floor":40,"key":"REST"},{"floor":42,"key":"REST"}],"neow_cost":"NONE","seed_source_timestamp":1165846056469333,"circlet_count":0,"master_deck":["Zap+1","Dualcast","Conserve Battery+1","Auto Shields+1","Ball Lightning+1","White Noise+1","Rebound+1","Machine Learning+1","Thunder Strike+1","Conserve Battery+1","Go for the Eyes+1","Redo+1","Streamline+1","Leap","Seek","Gash+1","Coolheaded","Defragment","Sweeping Beam+1","Redo","Auto Shields+1","Leap+1","Gash+1"],"special_seed":0,"relics":["Cracked Core","Molten Egg 2","Unceasing Top","Oddly Smooth Stone","Mercury Hourglass","Eternal Feather","Pantograph","Regal Pillow","Question Card","Pandora\u0027s Box","Strawberry"],"potions_floor_usage":[20,20,20,33,33,33,38],"damage_taken":[{"damage":7.0,"enemies":"Jaw Worm","floor":1.0,"turns":2.0},{"damage":0.0,"enemies":"2 Louse","floor":3.0,"turns":2.0},{"damage":0,"enemies":"Small Slimes","floor":7,"turns":2},{"damage":0,"enemies":"Looter","floor":10,"turns":3},{"damage":1,"enemies":"Lagavulin","floor":12,"turns":6},{"damage":4,"enemies":"Gremlin Nob","floor":14,"turns":4},{"damage":14,"enemies":"Slime Boss","floor":16,"turns":7},{"damage":4,"enemies":"Shell Parasite","floor":18,"turns":5},{"damage":27,"enemies":"3 Byrds","floor":19,"turns":4},{"damage":0,"enemies":"Cultist and Chosen","floor":20,"turns":4},{"damage":0,"enemies":"Centurion and Healer","floor":22,"turns":3},{"damage":24,"enemies":"Gremlin Leader","floor":24,"turns":8},{"damage":13,"enemies":"Sentry and Sphere","floor":29,"turns":5},{"damage":6,"enemies":"Snecko","floor":30,"turns":4},{"damage":16,"enemies":"Snake Plant","floor":31,"turns":5},{"damage":47,"enemies":"Collector","floor":33,"turns":11},{"damage":9,"enemies":"3 Darklings","floor":35,"turns":6},{"damage":1,"enemies":"Orb Walker","floor":37,"turns":3},{"damage":38,"enemies":"Maw","floor":38,"turns":10},{"damage":23,"enemies":"Spire Growth","floor":39,"turns":6},{"damage":50,"enemies":"4 Shapes","floor":41,"turns":4},{"damage":50,"enemies":"Flame Bruiser 2 Orb","floor":44,"turns":6},{"damage":13,"enemies":"3 Darklings","floor":47,"turns":2}],"seed_played":"4696919679126070526","potions_obtained":[{"floor":3.0,"key":"Block Potion"},{"floor":10,"key":"Block Potion"},{"floor":14,"key":"FearPotion"},{"floor":16,"key":"AttackPotion"},{"floor":20,"key":"Block Potion"},{"floor":29,"key":"PowerPotion"},{"floor":31,"key":"Swift Potion"},{"floor":33,"key":"Ancient Potion"},{"floor":37,"key":"Block Potion"},{"floor":38,"key":"FearPotion"}],"is_trial":false,"path_per_floor":["M","$","M","?","?","R","M","R","T","M","R","E","T","E","R","B",null,"M","M","M","T","M","R","E","R","T","?","R","M","M","M","R","B",null,"M","$","M","M","M","R","M","R","T","M","$","?"],"character_chosen":"DEFECT","items_purchased":["Auto Shields"],"campfire_rested":4,"item_purchase_floors":[2],"current_hp_per_floor":[68,68,68,68,68,68,68,68,68,68,68,67,67,63,63,49,75,71,44,44,44,44,53,29,75,75,75,75,62,56,40,75,28,75,66,66,65,27,4,53,3,52,59,9,9,9,0],"gold":296,"neow_bonus":"UPGRADE_CARD","is_prod":false,"is_daily":false,"chose_seed":false,"campfire_upgraded":6,"win_rate":0,"timestamp":1534085715,"path_taken":["M","$","M","?","?","R","M","R","T","M","R","E","?","E","R","BOSS","M","M","M","?","M","R","E","R","T","?","R","M","?","M","R","BOSS","M","$","M","M","M","R","M","R","T","M","$","?","M"],"build_version":"2018-08-09","purchased_purges":3,"victory":false,"max_hp_per_floor":[75,75,75,75,75,75,75,75,75,75,75,75,75,75,75,75,75,75,75,75,75,75,75,75,75,75,75,75,75,75,75,75,75,75,75,75,75,75,75,75,75,75,82,82,82,82,82],"card_choices":[{"not_picked":["Compile Driver","Redo"],"picked":"Conserve Battery","floor":1.0},{"not_picked":["Redo","Barrage"],"picked":"Ball Lightning","floor":3.0},{"not_picked":["Double Energy","Aggregate","Ball Lightning"],"picked":"SKIP","floor":7},{"not_picked":["Beam Cell+1","Coolheaded"],"picked":"White Noise","floor":10},{"not_picked":["Ball Lightning+1","Undo"],"picked":"Rebound+1","floor":12},{"not_picked":["Undo","Consume"],"picked":"Machine Learning","floor":14},{"not_picked":["Core Surge+1","Electrodynamics"],"picked":"Thunder Strike+1","floor":16},{"not_picked":["Steam Power+1","Turbo"],"picked":"Conserve Battery+1","floor":18},{"not_picked":["Capacitor","Beam Cell+1"],"picked":"Go for the Eyes+1","floor":19},{"not_picked":["Barrage+1","Chill"],"picked":"Redo","floor":20},{"not_picked":["Fission","Beam Cell+1","Coolheaded"],"picked":"SKIP","floor":22},{"not_picked":["Compile Driver+1","Creative AI"],"picked":"Streamline+1","floor":24},{"not_picked":["Barrage+1","Streamline+1","Compile Driver+1","Consume"],"picked":"SKIP","floor":29},{"not_picked":["Force Field","Rebound+1","Aggregate+1","Static Discharge+1"],"picked":"SKIP","floor":30},{"not_picked":["Hologram","Steam","Ball Lightning+1"],"picked":"Leap","floor":31},{"not_picked":["Thunder Strike+1","Meteor Strike+1","Rainbow"],"picked":"Seek","floor":33},{"not_picked":["Chill+1","Rip and Tear+1","Hologram"],"picked":"Redo","floor":35},{"not_picked":["Scrape+1","Conserve Battery+1","Sweeping Beam+1"],"picked":"Auto Shields+1","floor":37},{"not_picked":["Compile Driver+1","Lockon+1","Conserve Battery","Chill+1"],"picked":"SKIP","floor":38},{"not_picked":["Go for the Eyes+1","Streamline+1","Chill"],"picked":"Leap+1","floor":39},{"not_picked":["Leap","Genetic Algorithm+1","Rip and Tear+1"],"picked":"Gash+1","floor":41},{"not_picked":["Reinforced Body+1","Turbo+1","Leap+1","Darkness+1"],"picked":"SKIP","floor":44}],"player_experience":240293,"relics_obtained":[{"floor":9,"key":"Molten Egg 2"},{"floor":12,"key":"Unceasing Top"},{"floor":13,"key":"Oddly Smooth Stone"},{"floor":14,"key":"Mercury Hourglass"},{"floor":21,"key":"Pantograph"},{"floor":24,"key":"Regal Pillow"},{"floor":26,"key":"Question Card"},{"floor":43,"key":"Strawberry"}],"event_choices":[{"event_name":"Liars Game","player_choice":"disagreed","floor":4.0,"damage_taken":0.0},{"event_name":"Living Wall","player_choice":"Forget","floor":5,"damage_taken":0},{"event_name":"Drug Dealer","player_choice":"Ignored","floor":27,"damage_taken":0},{"event_name":"Mysterious Sphere","player_choice":"Ignore","floor":46,"damage_taken":0}],"is_beta":false,"boss_relics":[{"not_picked":["Velvet Choker","Fusion Hammer"],"picked":"Eternal Feather"},{"not_picked":["FrozenCore","Inserter"],"picked":"Pandora\u0027s Box"}],"items_purged_floors":[2,36,45],"is_endless":false,"potions_floor_spawned":[3,10,14,16,19,20,29,31,33,37,38],"killed_by":"3 Darklings","ascension_level":2}