{"gold_per_floor":[116,41,57,57,6,6,25,25,48,48,58,86,106,139,139,213,213,225,2,2,2,18,18,46,46,122,156,156,81,96,146,146,146],"floor_reached":33,"playtime":1095,"items_purged":["Strike_G"],"score":553,"play_id":"c9563a46-994d-4857-8f04-962793a51617","local_time":"20190202190451","is_ascension_mode":true,"campfire_choices":[{"data":"Deadly Poison","floor":6,"key":"SMITH"},{"data":"Poisoned Stab","floor":10,"key":"SMITH"},{"data":"Catalyst","floor":15,"key":"SMITH"},{"data":"Envenom","floor":23,"key":"SMITH"},{"floor":25,"key":"REST"},{"floor":28,"key":"REST"},{"floor":32,"key":"REST"}],"neow_cost":"NONE","seed_source_timestamp":16896771689900,"circlet_count":0,"master_deck":["AscendersBane","Defend_G","Defend_G","Defend_G","Defend_G","Defend_G","Strike_G","Strike_G","Survivor","Neutralize","Deadly Poison+1","Poisoned Stab+1","Terror","Catalyst+1","Envenom+1","Die Die Die","Footwork","Footwork","RitualDagger","Footwork","Blade Dance","Escape Plan+1"],"relics":["Ring of the Snake","Boot","Kunai","Mercury Hourglass","Runic Pyramid","PreservedInsect","Bottled Tornado","Shuriken","Dream Catcher"],"potions_floor_usage":[12,14,14,16,22,24,27,33],"damage_taken":[{"damage":0,"enemies":"Cultist","floor":1,"turns":4},{"damage":0,"enemies":"Small Slimes","floor":3,"turns":3},{"damage":0,"enemies":"2 Louse","floor":7,"turns":3},{"damage":0,"enemies":"Looter","floor":11,"turns":3},{"damage":20,"enemies":"3 Sentries","floor":12,"turns":10},{"damage":2,"enemies":"Large Slime","floor":13,"turns":7},{"damage":19,"enemies":"Gremlin Nob","floor":14,"turns":5},{"damage":16,"enemies":"The Guardian","floor":16,"turns":7},{"damage":0,"enemies":"Spheric Guardian","floor":18,"turns":3},{"damage":6,"enemies":"2 Thieves","floor":22,"turns":4},{"damage":16,"enemies":"Book of Stabbing","floor":24,"turns":4},{"damage":32,"enemies":"Slavers","floor":27,"turns":5},{"damage":24,"enemies":"3 Cultists","floor":30,"turns":6},{"damage":39,"enemies":"Champ","floor":33,"turns":13}],"seed_played":"-6244629158489862731","potions_obtained":[{"floor":1,"key":"SpeedPotion"},{"floor":7,"key":"EssenceOfSteel"},{"floor":12,"key":"Weak Potion"},{"floor":14,"key":"Fire Potion"},{"floor":16,"key":"Poison Potion"},{"floor":18,"key":"Fire Potion"},{"floor":24,"key":"Weak Potion"},{"floor":30,"key":"GamblersBrew"}],"is_trial":false,"path_per_floor":["M","$","M","?","$","R","M","$","T","R","M","E","M","E","R","B",null,"M","$","?","$","M","R","E","R","T","E","R","?","M","?","R","B"],"character_chosen":"THE_SILENT","items_purchased":["Poisoned Stab","Footwork","PreservedInsect"],"campfire_rested":3,"item_purchase_floors":[5,19,19],"current_hp_per_floor":[59,59,59,59,59,59,59,59,59,59,59,39,37,18,18,2,50,50,50,44,44,38,38,22,41,41,9,28,28,4,4,23,0],"gold":146,"neow_bonus":"THREE_CARDS","is_prod":false,"is_daily":false,"chose_seed":false,"campfire_upgraded":4,"win_rate":0,"timestamp":1549127091,"path_taken":["M","$","M","?","?","R","M","$","T","R","M","E","M","E","R","BOSS","M","$","?","$","M","R","E","R","T","E","R","?","M","?","R","BOSS"],"build_version":"2019-01-23","purchased_purges":1,"victory":false,"max_hp_per_floor":[66,66,66,66,66,66,66,66,66,66,66,66,66,66,66,66,66,66,66,66,66,66,66,66,66,66,66,66,66,66,66,66,66],"card_choices":[{"not_picked":["Dash","Poisoned Stab"],"picked":"Deadly Poison","floor":0},{"not_picked":["Heel Hook","Distraction","Setup"],"picked":"SKIP","floor":1},{"not_picked":["Sucker Punch","Endless Agony","Prepared"],"picked":"SKIP","floor":3},{"not_picked":["Deflect","Finisher","Acrobatics"],"picked":"SKIP","floor":7},{"not_picked":["Reflex","Setup"],"picked":"Terror","floor":11},{"not_picked":["Dagger Spray","Predator"],"picked":"Catalyst","floor":12},{"not_picked":["Masterful Stab","Heel Hook","Sucker Punch"],"picked":"SKIP","floor":13},{"not_picked":["Terror","Heel Hook"],"picked":"Envenom","floor":14},{"not_picked":["Doppelganger","Bullet Time"],"picked":"Die Die Die","floor":16},{"not_picked":["Setup","Deadly Poison"],"picked":"Footwork","floor":18},{"not_picked":["Bane+1","Endless Agony","Dodge and Roll"],"picked":"SKIP","floor":22},{"not_picked":["Eviscerate","Leg Sweep"],"picked":"Footwork","floor":24},{"not_picked":["Masterful Stab","Backflip"],"picked":"Blade Dance","floor":27},{"not_picked":["Reflex","Outmaneuver"],"picked":"Escape Plan+1","floor":30}],"player_experience":581073,"relics_obtained":[{"floor":9,"key":"Boot"},{"floor":12,"key":"Kunai"},{"floor":14,"key":"Mercury Hourglass"},{"floor":24,"key":"Bottled Tornado"},{"floor":26,"key":"Shuriken"},{"floor":27,"key":"Dream Catcher"}],"event_choices":[{"cards_removed":["Strike_G"],"damage_healed":0,"gold_gain":0,"player_choice":"Purged","damage_taken":0,"max_hp_gain":0,"max_hp_loss":0,"event_name":"Purifier","floor":4,"gold_loss":0},{"damage_healed":0,"gold_gain":0,"player_choice":"Joined the Cult","damage_taken":6,"max_hp_gain":0,"max_hp_loss":0,"event_name":"Nest","floor":20,"gold_loss":0,"cards_obtained":["RitualDagger"]},{"cards_removed":["Strike_G"],"damage_healed":0,"gold_gain":0,"player_choice":"Gave Gold","damage_taken":0,"max_hp_gain":0,"max_hp_loss":0,"event_name":"Beggar","floor":29,"gold_loss":75},{"damage_healed":0,"gold_gain":50,"player_choice":"Pray","damage_taken":0,"max_hp_gain":0,"max_hp_loss":0,"event_name":"Golden Shrine","floor":31,"gold_loss":0}],"is_beta":false,"boss_relics":[{"not_picked":["Lizard Tail","Fusion Hammer"],"picked":"Runic Pyramid"}],"items_purged_floors":[2],"is_endless":false,"potions_floor_spawned":[1,7,12,14,16,18,24,30],"killed_by":"Champ","ascension_level":15}