{"gold_per_floor":[117,67,83,83,99,99,117,117,143,155,177,209,248,228,240,252],"floor_reached":16,"playtime":1302,"items_purged":[],"score":104,"play_id":"61f946ea-afdf-487d-a7c4-83a6e60b1194","local_time":"20190109203825","is_ascension_mode":false,"campfire_choices":[{"data":"Blade Dance","floor":6,"key":"SMITH"},{"data":"Phantasmal Killer","floor":8,"key":"SMITH"},{"floor":15,"key":"REST"}],"neow_cost":"NONE","seed_source_timestamp":33335184833137,"circlet_count":0,"master_deck":["Defend_G","Defend_G","Defend_G","Defend_G","Defend_G","Strike_G","Strike_G","Strike_G","Strike_G","Survivor","Neutralize","Blade Dance+1","Slice","Deflect","Phantasmal Killer+1","Trip","Backflip","Regret","Backflip","Blur","PiercingWail","Dagger Spray"],"relics":["Ring of the Snake","NeowsBlessing","MawBank","Potion Belt"],"potions_floor_usage":[16],"damage_taken":[{"damage":0,"enemies":"2 Louse","floor":1,"turns":1},{"damage":0,"enemies":"Small Slimes","floor":3,"turns":1},{"damage":0,"enemies":"Cultist","floor":5,"turns":1},{"damage":3,"enemies":"3 Louse","floor":7,"turns":4},{"damage":3,"enemies":"Lots of Slimes","floor":11,"turns":6},{"damage":2,"enemies":"Large Slime","floor":12,"turns":3},{"damage":22,"enemies":"3 Sentries","floor":13,"turns":15},{"damage":3,"enemies":"Exordium Thugs","floor":14,"turns":5},{"damage":68,"enemies":"Hexaghost","floor":16,"turns":15}],"seed_played":"-8112428338235032179","potions_obtained":[{"floor":7,"key":"Energy Potion"},{"floor":11,"key":"GamblersBrew"}],"is_trial":false,"path_per_floor":["M","?","M","?","M","R","M","R","T","?","M","M","E","M","R","B"],"character_chosen":"THE_SILENT","items_purchased":[],"campfire_rested":1,"item_purchase_floors":[],"current_hp_per_floor":[70,70,70,75,75,75,72,72,72,72,69,67,45,42,64,0],"gold":252,"neow_bonus":"THREE_ENEMY_KILL","is_prod":false,"is_daily":false,"chose_seed":false,"campfire_upgraded":2,"win_rate":0.0,"timestamp":1547084305,"path_taken":["M","?","M","?","M","R","M","R","T","?","?","M","E","M","R","BOSS"],"build_version":"2019-01-03v4","purchased_purges":0,"victory":false,"max_hp_per_floor":[70,70,70,75,75,75,75,75,75,75,75,75,75,75,75,75],"card_choices":[{"not_picked":["Backflip","Leg Sweep"],"picked":"Blade Dance","floor":1},{"not_picked":["PiercingWail","Underhanded Strike"],"picked":"Slice","floor":3},{"not_picked":["Calculated Gamble","Dagger Spray"],"picked":"Deflect","floor":5},{"not_picked":["Caltrops","Deadly Poison"],"picked":"Phantasmal Killer","floor":7},{"not_picked":["Poisoned Stab","Blade Dance"],"picked":"Backflip","floor":11},{"not_picked":["Sucker Punch","Acrobatics"],"picked":"Blur","floor":12},{"not_picked":["Quick Slash","Backflip"],"picked":"PiercingWail","floor":13},{"not_picked":["PiercingWail","Leg Sweep"],"picked":"Dagger Spray","floor":14}],"player_experience":19440,"relics_obtained":[{"floor":9,"key":"MawBank"},{"floor":13,"key":"Potion Belt"}],"event_choices":[{"cards_removed":["Strike_G"],"damage_healed":0,"gold_gain":0,"player_choice":"Card Removal","damage_taken":0,"max_hp_gain":0,"max_hp_loss":0,"event_name":"The Cleric","floor":2,"gold_loss":50},{"damage_healed":0,"gold_gain":0,"player_choice":"Donut","damage_taken":0,"max_hp_gain":5,"max_hp_loss":0,"event_name":"Big Fish","floor":4,"gold_loss":0},{"damage_healed":0,"gold_gain":0,"player_choice":"3 cards matched","damage_taken":0,"max_hp_gain":0,"max_hp_loss":0,"event_name":"Match and Keep!","floor":10,"gold_loss":0,"cards_obtained":["Trip","Backflip","Regret"]},{"damage_healed":0,"gold_gain":0,"player_choice":"3 cards matched","damage_taken":0,"max_hp_gain":0,"max_hp_loss":0,"event_name":"Match and Keep!","floor":10,"gold_loss":0,"cards_obtained":["Trip","Backflip","Regret"]}],"is_beta":false,"boss_relics":[],"items_purged_floors":[],"is_endless":false,"potions_floor_spawned":[7,11],"killed_by":"Hexaghost","ascension_level":0}