{"gold_per_floor":[111,129,149,169,220,220,253,253,335,363,318],"floor_reached":11,"playtime":422,"items_purged":[],"score":87,"play_id":"7ed76aff-b4e5-4d70-ae12-e942da56efcd","local_time":"20190108211240","is_ascension_mode":true,"campfire_choices":[{"data":"Self Repair","floor":6,"key":"SMITH"}],"neow_cost":"NONE","seed_source_timestamp":35502750886090,"circlet_count":0,"master_deck":["Strike_B","Strike_B+1","Strike_B+1","Strike_B","Defend_B","Defend_B","Defend_B+1","Defend_B","Zap","Dualcast","Self Repair+1","Tempest","BootSequence+1","Stack","Go for the Eyes","Buffer"],"relics":["Cracked Core","Regal Pillow","Whetstone","Pantograph","Strawberry"],"potions_floor_usage":[],"damage_taken":[{"damage":1,"enemies":"Cultist","floor":1,"turns":3},{"damage":5,"enemies":"Small Slimes","floor":2,"turns":3},{"damage":9,"enemies":"2 Louse","floor":3,"turns":2},{"damage":12,"enemies":"Blue Slaver","floor":4,"turns":5},{"damage":30,"enemies":"3 Sentries","floor":7,"turns":9},{"damage":18,"enemies":"Lagavulin","floor":10,"turns":6},{"damage":21,"enemies":"Exordium Thugs","floor":11,"turns":4}],"seed_played":"8922447445614236376","potions_obtained":[{"floor":1,"key":"Swift Potion"},{"floor":4,"key":"Strength Potion"},{"floor":7,"key":"Dexterity Potion"},{"floor":10,"key":"Weak Potion"}],"is_trial":false,"path_per_floor":["M","M","M","M","T","R","E","?","T","E","M"],"character_chosen":"DEFECT","items_purchased":[],"campfire_rested":0,"item_purchase_floors":[],"current_hp_per_floor":[81,82,73,68,68,68,48,32,32,31,10],"gold":318,"neow_bonus":"TEN_PERCENT_HP_BONUS","is_prod":false,"is_daily":false,"chose_seed":false,"campfire_upgraded":1,"win_rate":0,"timestamp":1546978360,"path_taken":["M","M","M","M","?","R","E","?","T","E","M"],"build_version":"2019-01-03v4","purchased_purges":0,"victory":false,"max_hp_per_floor":[82,82,82,82,82,82,82,82,82,89,89],"card_choices":[{"not_picked":["BootSequence","Conserve Battery"],"picked":"Self Repair","floor":1},{"not_picked":["Scrape","Rebound"],"picked":"Tempest","floor":2},{"not_picked":["Self Repair","Reprogram"],"picked":"BootSequence","floor":3},{"not_picked":["Compile Driver","Scrape"],"picked":"Stack","floor":4},{"not_picked":["Rebound","Redo"],"picked":"Go for the Eyes","floor":7},{"not_picked":["White Noise","Rebound"],"picked":"Buffer","floor":10}],"player_experience":149452,"relics_obtained":[{"floor":5,"key":"Regal Pillow"},{"floor":7,"key":"Whetstone"},{"floor":9,"key":"Pantograph"},{"floor":10,"key":"Strawberry"}],"event_choices":[{"damage_healed":0,"gold_gain":0,"player_choice":"Entered Light","damage_taken":16,"max_hp_gain":0,"max_hp_loss":0,"event_name":"Shining Light","floor":8,"gold_loss":0,"cards_upgraded":["Defend_B","BootSequence"]}],"is_beta":false,"boss_relics":[],"items_purged_floors":[],"is_endless":false,"potions_floor_spawned":[1,4,7,10],"killed_by":"Exordium Thugs","ascension_level":1}