{"gold_per_floor":[113,133,144,59,59,88,88,113,163,176,205,205,205,217,217,217],"floor_reached":16,"playtime":589,"items_purged":[],"score":234,"play_id":"5c11c868-6cd1-4980-b3fd-e51e740d9d32","local_time":"20190124034918","is_ascension_mode":true,"campfire_choices":[{"data":"Armaments","floor":7.0,"key":"SMITH"},{"floor":12.0,"key":"REST"},{"data":"Carnage","floor":15,"key":"SMITH"}],"neow_cost":"NONE","seed_source_timestamp":4075764396638258,"circlet_count":0,"master_deck":["AscendersBane","Strike_R","Strike_R","Strike_R","Strike_R","Strike_R","Defend_R","Defend_R","Defend_R","Defend_R","Bash","Pommel Strike","Armaments+1","Shrug It Off","Battle Trance","Carnage+1","Infernal Blade","Writhe","Writhe"],"special_seed":0,"relics":["Burning Blood","NlothsMask","Singing Bowl","Potion Belt","Bag of Preparation"],"potions_floor_usage":[16,16,16],"damage_taken":[{"damage":3.0,"enemies":"2 Louse","floor":1.0,"turns":3.0},{"damage":7.0,"enemies":"Cultist","floor":2.0,"turns":4.0},{"damage":4.0,"enemies":"Jaw Worm","floor":3.0,"turns":3.0},{"damage":27.0,"enemies":"3 Sentries","floor":6.0,"turns":8.0},{"damage":28.0,"enemies":"Gremlin Nob","floor":8.0,"turns":4.0},{"damage":5.0,"enemies":"Red Slaver","floor":10.0,"turns":3.0},{"damage":37.0,"enemies":"3 Sentries","floor":11.0,"turns":8.0},{"damage":38,"enemies":"Gremlin Gang","floor":14,"turns":6},{"damage":32,"enemies":"The Guardian","floor":16,"turns":2}],"seed_played":"-6756573049455332208","potions_obtained":[{"floor":6.0,"key":"Regen Potion"},{"floor":10.0,"key":"Ancient Potion"},{"floor":11.0,"key":"EssenceOfSteel"},{"floor":14,"key":"LiquidBronze"}],"is_trial":false,"path_per_floor":["M","M","M","$","?","E","R","E","T","M","E","R","?","M","R","B"],"character_chosen":"IRONCLAD","items_purchased":["Carnage"],"campfire_rested":1,"item_purchase_floors":[4],"current_hp_per_floor":[71,70,72,72,72,53,53,43,43,46,17,41,41,11,11,0],"gold":217,"neow_bonus":"THREE_CARDS","is_prod":false,"is_daily":false,"chose_seed":false,"campfire_upgraded":2,"win_rate":0,"timestamp":1548298158,"path_taken":["M","M","M","$","?","E","R","E","T","?","E","R","?","M","R","BOSS"],"build_version":"2019-01-23","purchased_purges":0,"victory":false,"max_hp_per_floor":[75,75,75,75,75,77,77,77,77,79,81,81,81,83,83,83],"card_choices":[{"not_picked":["Havoc","Sword Boomerang"],"picked":"Pommel Strike","floor":0.0},{"not_picked":["Heavy Blade","Pommel Strike"],"picked":"Armaments","floor":1.0},{"not_picked":["Sword Boomerang","Iron Wave"],"picked":"Shrug It Off","floor":2.0},{"not_picked":["Shrug It Off","Sever Soul"],"picked":"Battle Trance","floor":3.0},{"not_picked":["Shrug It Off","Twin Strike","Armaments"],"picked":"Singing Bowl","floor":6.0},{"not_picked":["Twin Strike","Entrench"],"picked":"Infernal Blade","floor":8.0},{"not_picked":["Dropkick","Pummel","Second Wind"],"picked":"Singing Bowl","floor":10.0},{"not_picked":["Burning Pact","Carnage","Sword Boomerang"],"picked":"Singing Bowl","floor":11.0},{"not_picked":["Fire Breathing","Flex","Wild Strike"],"picked":"Singing Bowl","floor":14}],"player_experience":761712,"relics_obtained":[{"floor":6.0,"key":"Singing Bowl"},{"floor":8.0,"key":"Potion Belt"},{"floor":11.0,"key":"Bag of Preparation"}],"event_choices":[{"damage_healed":0.0,"max_hp_gain":0.0,"max_hp_loss":0.0,"gold_gain":0.0,"event_name":"FaceTrader","player_choice":"Trade","floor":5.0,"gold_loss":0.0,"damage_taken":0.0,"relics_obtained":["NlothsMask"]},{"damage_healed":0.0,"max_hp_gain":0.0,"max_hp_loss":0.0,"gold_gain":0.0,"event_name":"Match and Keep!","player_choice":"2 cards matched","floor":13.0,"gold_loss":0.0,"damage_taken":0.0,"cards_obtained":["Writhe","Writhe"]}],"is_beta":false,"boss_relics":[],"items_purged_floors":[],"is_endless":false,"potions_floor_spawned":[6,10,11,14],"killed_by":"The Guardian","ascension_level":19}