{"gold_per_floor":[114,125,125,125,53,82,82,95,95,95,111,111,139,158,158,256,256,276,286,286,305,322,322,352,30,30,30,30,30,30,48,48,143,143,153,68,68,121,147,147,182,182,207,221,253,253],"floor_reached":46,"playtime":2229,"items_purged":[],"score":604,"play_id":"0fe13992-b61a-4513-bdd1-bf5b2156d1ae","local_time":"20180730104010","is_ascension_mode":false,"campfire_choices":[{"data":"Creative AI","floor":7,"key":"SMITH"},{"data":"Conserve Battery","floor":12,"key":"SMITH"},{"floor":15,"key":"REST"},{"floor":23,"key":"REST"},{"data":"Regret","floor":28,"key":"PURGE"},{"data":"Capacitor","floor":32,"key":"SMITH"},{"data":"Regret","floor":40,"key":"PURGE"},{"floor":42,"key":"REST"}],"neow_cost":"NONE","seed_source_timestamp":726553984584184,"circlet_count":0,"master_deck":["Strike_B+1","Strike_B+1","Strike_B+1","Strike_B+1","Defend_B+1","Defend_B+1","Defend_B+1","Defend_B+1","Zap+1","Dualcast","Creative AI+1","Leap","Conserve Battery+1","Genetic Algorithm","Leap+1","Conserve Battery","Echo Form","Reinforced Body","Amplify","Tempest","Zap+1","Lockon+1","Capacitor+1","Self Repair+1","Defragment","Conserve Battery","Redo+1","Creative AI","Conserve Battery","Capacitor","Ball Lightning+1","Barrage+1","Sunder+1","Pain","Leap","Thunder Strike"],"relics":["Cracked Core","Peace Pipe","Pear","Oddly Smooth Stone","Cursed Key","Darkstone Periapt","Lee\u0027s Waffle","Mango","Fusion Hammer","Ginger","Art of War","Anchor","Whetstone","Shuriken"],"potions_floor_usage":[13,24,31,31,38,45,46],"damage_taken":[{"damage":2,"enemies":"Cultist","floor":1,"turns":5},{"damage":9,"enemies":"Jaw Worm","floor":2,"turns":5},{"damage":10,"enemies":"Lagavulin","floor":6,"turns":6},{"damage":7,"enemies":"2 Louse","floor":8,"turns":4},{"damage":0,"enemies":"Blue Slaver","floor":11,"turns":5},{"damage":25,"enemies":"3 Sentries","floor":13,"turns":8},{"damage":3,"enemies":"2 Fungi Beasts","floor":14,"turns":4},{"damage":15,"enemies":"Slime Boss","floor":16,"turns":10},{"damage":8,"enemies":"Spheric Guardian","floor":18,"turns":9},{"damage":21,"enemies":"Chosen","floor":19,"turns":7},{"damage":14,"enemies":"Centurion and Healer","floor":21,"turns":8},{"damage":23,"enemies":"Chosen and Byrds","floor":22,"turns":7},{"damage":41,"enemies":"Slavers","floor":24,"turns":9},{"damage":21,"enemies":"Slaver and Parasite","floor":31,"turns":6},{"damage":16,"enemies":"Champ","floor":33,"turns":10},{"damage":0,"enemies":"Orb Walker","floor":35,"turns":5},{"damage":46,"floor":38,"turns":7},{"damage":33,"enemies":"Nemesis","floor":41,"turns":9},{"damage":3,"enemies":"3 Shapes","floor":44,"turns":6},{"damage":108,"enemies":"2 Orb Walkers","floor":45,"turns":8},{"damage":31,"enemies":"Spire Growth","floor":46,"turns":3}],"seed_played":"8569104942879923035","potions_obtained":[{"floor":1,"key":"GamblersBrew"},{"floor":2,"key":"AttackPotion"},{"floor":11,"key":"Weak Potion"},{"floor":14,"key":"Fire Potion"},{"floor":24,"key":"SpeedPotion"},{"floor":33,"key":"LiquidBronze"},{"floor":44,"key":"Block Potion"},{"floor":45,"key":"Weak Potion"}],"is_trial":false,"path_per_floor":["M","M","$","?","$","E","R","M","T","?","M","R","E","M","R","B",null,"M","M","?","M","M","R","E","$","T","?","R","$","?","M","R","B",null,"M","$","?","?","T","R","E","R","T","M","E"],"character_chosen":"DEFECT","items_purchased":["Genetic Algorithm","Lee\u0027s Waffle","Defragment","Conserve Battery","Capacitor","Ball Lightning"],"campfire_rested":3,"item_purchase_floors":[5,25,25,25,36,36],"current_hp_per_floor":[73,64,64,64,64,54,54,47,57,40,40,40,15,12,37,22,85,77,56,56,42,19,44,3,92,112,112,112,112,112,101,101,95,112,112,112,112,86,92,92,79,114,120,124,26,0],"gold":253,"neow_bonus":"ONE_RANDOM_RARE_CARD","is_prod":false,"is_daily":false,"chose_seed":false,"campfire_upgraded":3,"win_rate":0.0,"timestamp":1532940010,"path_taken":["M","?","$","?","$","E","R","M","T","?","M","R","E","M","R","BOSS","M","M","?","M","M","R","E","$","T","?","R","$","?","?","R","BOSS","M","$","?","?","?","R","E","R","T","M","E","M"],"build_version":"2018-07-26","purchased_purges":0,"victory":false,"max_hp_per_floor":[75,75,75,75,75,75,75,75,85,85,85,85,85,85,85,85,85,85,85,85,85,85,85,85,92,112,112,112,112,112,112,112,112,112,112,112,112,112,118,118,118,118,124,124,124,124],"card_choices":[{"not_picked":["Glacier","Turbo"],"picked":"Leap","floor":1},{"not_picked":["Force Field","Aggregate"],"picked":"Conserve Battery","floor":2},{"not_picked":["Machine Learning","Reprogram","Barrage"],"picked":"SKIP","floor":6},{"not_picked":["Sweeping Beam","Scrape"],"picked":"Leap","floor":8},{"not_picked":["Rip and Tear","Leap"],"picked":"Conserve Battery","floor":11},{"not_picked":["Hologram","All For One"],"picked":"Echo Form","floor":13},{"not_picked":["Redo","Compile Driver"],"picked":"Reinforced Body","floor":14},{"not_picked":["Thunder Strike","Meteor Strike"],"picked":"Amplify","floor":16},{"not_picked":["Streamline+1","Turbo"],"picked":"Tempest","floor":18},{"not_picked":["Heatsinks+1","Darkness","Scrape"],"picked":"SKIP","floor":19},{"not_picked":["Tempest","Stack"],"picked":"Lockon+1","floor":21},{"not_picked":["BootSequence","Tempest+1"],"picked":"Capacitor","floor":22},{"not_picked":["Rainbow","Reprogram"],"picked":"Self Repair+1","floor":24},{"not_picked":["Turbo","Barrage"],"picked":"Redo+1","floor":31},{"not_picked":["Machine Learning","Biased Cognition"],"picked":"Creative AI","floor":33},{"not_picked":["Go for the Eyes","Streamline"],"picked":"Conserve Battery","floor":35},{"not_picked":["Turbo","Chaos+1"],"picked":"Barrage+1","floor":38},{"not_picked":["Chill","Gash"],"picked":"Sunder+1","floor":41},{"not_picked":["Reprogram","Hologram"],"picked":"Leap","floor":44},{"not_picked":["Barrage+1","Chaos+1"],"picked":"Thunder Strike","floor":45}],"player_experience":225336,"relics_obtained":[{"floor":6,"key":"Peace Pipe"},{"floor":9,"key":"Pear"},{"floor":13,"key":"Oddly Smooth Stone"},{"floor":24,"key":"Darkstone Periapt"},{"floor":26,"key":"Mango"},{"floor":38,"key":"Ginger"},{"floor":39,"key":"Art of War"},{"floor":41,"key":"Anchor"},{"floor":43,"key":"Whetstone"},{"floor":45,"key":"Shuriken"}],"event_choices":[{"event_name":"Living Wall","player_choice":"Grow","floor":4,"damage_taken":0},{"event_name":"Shining Light","player_choice":"Entered Light","floor":10,"damage_taken":0},{"event_name":"Duplicator","player_choice":"One dupe","floor":20,"damage_taken":0},{"event_name":"Back to Basics","player_choice":"Simplicity","floor":27,"damage_taken":0},{"event_name":"Addict","player_choice":"Ignored","floor":30,"damage_taken":0},{"event_name":"SensoryStone","player_choice":"Memory 1","floor":37,"damage_taken":0},{"event_name":"Mysterious Sphere","player_choice":"Fight","floor":38,"damage_taken":0}],"is_beta":false,"boss_relics":[{"not_picked":["Astrolabe","Velvet Choker"],"picked":"Cursed Key"},{"not_picked":["Runic Dome","Empty Cage"],"picked":"Fusion Hammer"}],"items_purged_floors":[],"is_endless":false,"potions_floor_spawned":[1,2,11,14,18,21,24,33,44,45],"killed_by":"Spire Growth","ascension_level":0}