{"gold_per_floor":[119,4,4,15,29,29,55,55,124,124,142,161,161,172,172,172],"floor_reached":16,"playtime":451,"items_purged":["Strike_B"],"score":112,"play_id":"fb407151-91e4-450a-8d75-c91744486b7c","local_time":"20180818155829","is_ascension_mode":true,"campfire_choices":[{"data":"Zap","floor":6,"key":"SMITH"},{"floor":8,"key":"REST"},{"data":"Leap","floor":13,"key":"SMITH"},{"floor":15,"key":"REST"}],"neow_cost":"NONE","seed_source_timestamp":199497453603430,"circlet_count":0,"master_deck":["Strike_B","Strike_B","Defend_B","Defend_B","Defend_B","Defend_B","Zap+1","Dualcast","Leap+1","Defragment","Loop","Streamline","Genetic Algorithm","Conserve Battery"],"relics":["Cracked Core","Ancient Tea Set","Boot","Gremlin Horn"],"potions_floor_usage":[],"damage_taken":[{"damage":7,"enemies":"Jaw Worm","floor":1,"turns":3},{"damage":8,"enemies":"2 Louse","floor":4,"turns":2},{"damage":5,"enemies":"Small Slimes","floor":5,"turns":3},{"damage":21,"enemies":"3 Sentries","floor":7,"turns":7},{"damage":3,"enemies":"2 Fungi Beasts","floor":11,"turns":3},{"damage":1,"enemies":"3 Louse","floor":12,"turns":3},{"damage":6,"enemies":"Looter","floor":14,"turns":3},{"damage":69,"enemies":"Slime Boss","floor":16,"turns":7}],"seed_played":"-2375290131058762558","potions_obtained":[{"floor":4,"key":"Strength Potion"},{"floor":14,"key":"SkillPotion"}],"is_trial":false,"path_per_floor":["M","$","?","M","M","R","E","R","T","?","M","M","R","M","R"],"character_chosen":"DEFECT","items_purchased":["Defragment"],"campfire_rested":2,"item_purchase_floors":[2],"current_hp_per_floor":[68,68,68,60,55,55,34,56,56,56,53,52,52,46,68,0],"gold":172,"neow_bonus":"RANDOM_COMMON_RELIC","is_prod":false,"is_daily":false,"chose_seed":false,"campfire_upgraded":2,"win_rate":0,"timestamp":1534579109,"path_taken":["M","$","?","M","M","R","E","R","T","?","M","M","R","M","R","BOSS"],"build_version":"2018-08-16","purchased_purges":1,"victory":false,"max_hp_per_floor":[75,75,75,75,75,75,75,75,75,75,75,75,75,75,75,75],"card_choices":[{"not_picked":["Static Discharge","Conserve Battery"],"picked":"Leap","floor":1},{"not_picked":["Aggregate","Barrage"],"picked":"Loop","floor":4},{"not_picked":["Coolheaded","Rebound"],"picked":"Streamline","floor":5},{"not_picked":["Steam","Hello World","Compile Driver"],"picked":"SKIP","floor":7},{"not_picked":["Gash","Streamline"],"picked":"Genetic Algorithm","floor":11},{"not_picked":["Sweeping Beam","Static Discharge"],"picked":"Conserve Battery","floor":12},{"not_picked":["Hologram","Meteor Strike","Ball Lightning"],"picked":"SKIP","floor":14}],"player_experience":249368,"relics_obtained":[{"floor":7,"key":"Boot"},{"floor":9,"key":"Gremlin Horn"}],"event_choices":[{"event_name":"Living Wall","player_choice":"Forget","floor":3,"damage_taken":0},{"event_name":"Liars Game","player_choice":"disagreed","floor":10,"damage_taken":0}],"is_beta":false,"boss_relics":[],"items_purged_floors":[2],"is_endless":false,"potions_floor_spawned":[4,14],"killed_by":"Slime Boss","ascension_level":2}