{"gold_per_floor":[114,129,145,145,162,162,162,190,190,207,207,234,234,234,234,339,339,351,147,176,176,187,213,213,248,248,248],"floor_reached":27,"playtime":1298,"items_purged":["Strike_G"],"score":285,"play_id":"837d9a1c-cca4-44dd-ac32-39d75492c8ed","local_time":"20190117173622","is_ascension_mode":true,"campfire_choices":[{"data":"Neutralize","floor":6,"key":"SMITH"},{"floor":11,"key":"REST"},{"data":"Terror","floor":13,"key":"SMITH"},{"floor":15,"key":"REST"},{"floor":24,"key":"REST"}],"neow_cost":"NONE","seed_source_timestamp":77148758796400,"circlet_count":0,"master_deck":["Defend_G","Defend_G","Defend_G","Defend_G","Strike_G","Survivor+1","Neutralize+1","Skewer+1","Blade Dance+1","Heel Hook+1","Deadly Poison","Terror+1","Cloak And Dagger+1","Finisher","Well Laid Plans","Backflip","Escape Plan","Unload","Cloak And Dagger+1","Noxious Fumes+1","Dodge and Roll","Glass Knife","Catalyst"],"relics":["Astrolabe","Strawberry","The Courier","The Specimen","Eternal Feather","Membership Card","Red Mask","Centennial Puzzle","Bag of Preparation","Bottled Lightning"],"potions_floor_usage":[23,23,23,25],"damage_taken":[{"damage":14,"enemies":"Small Slimes","floor":1,"turns":4},{"damage":0,"enemies":"2 Louse","floor":2,"turns":2},{"damage":0,"enemies":"Cultist","floor":3,"turns":2},{"damage":12,"enemies":"Exordium Thugs","floor":5,"turns":5},{"damage":20,"enemies":"Gremlin Nob","floor":8,"turns":4},{"damage":17,"enemies":"Lots of Slimes","floor":10,"turns":5},{"damage":12,"enemies":"3 Sentries","floor":12,"turns":8},{"damage":15,"enemies":"Hexaghost","floor":16,"turns":9},{"damage":8,"enemies":"2 Thieves","floor":18,"turns":3},{"damage":45,"enemies":"Masked Bandits","floor":20,"turns":5},{"damage":15,"enemies":"Spheric Guardian","floor":22,"turns":4},{"damage":7,"enemies":"Slavers","floor":23,"turns":6},{"damage":34,"enemies":"Gremlin Leader","floor":25,"turns":6},{"damage":6,"enemies":"Slavers","floor":27,"turns":3}],"seed_played":"7477336003774432942","potions_obtained":[{"floor":2,"key":"Fire Potion"},{"floor":3,"key":"FearPotion"},{"floor":8,"key":"SmokeBomb"},{"floor":22,"key":"AttackPotion"},{"floor":23,"key":"Explosive Potion"}],"is_trial":false,"path_per_floor":["M","M","M","$","M","R","?","E","T","M","R","E","R","?","R","B",null,"M","$","?","?","M","E","R","E","T","E"],"character_chosen":"THE_SILENT","items_purchased":["Membership Card"],"campfire_rested":3,"item_purchase_floors":[19],"current_hp_per_floor":[56,56,56,56,44,44,44,31,31,14,37,25,25,10,33,18,77,69,69,24,24,9,2,37,3,3,0],"gold":248,"neow_bonus":"BOSS_RELIC","is_prod":false,"is_daily":false,"chose_seed":false,"campfire_upgraded":2,"win_rate":0,"timestamp":1547746582,"path_taken":["M","M","M","$","M","R","?","E","T","M","R","E","R","?","R","BOSS","M","$","?","?","?","E","R","E","T","E"],"build_version":"2019-01-10","purchased_purges":1,"victory":false,"max_hp_per_floor":[70,70,70,70,70,70,70,77,77,77,77,77,77,77,77,77,77,77,77,77,77,77,77,77,77,77,77],"card_choices":[{"not_picked":["PiercingWail","Dodge and Roll"],"picked":"Deadly Poison","floor":1},{"not_picked":["Backflip","Cloak And Dagger"],"picked":"Terror","floor":2},{"not_picked":["Heel Hook","Blade Dance"],"picked":"Cloak And Dagger","floor":3},{"not_picked":["Dash","Deflect"],"picked":"Finisher","floor":5},{"not_picked":["Riddle With Holes","Caltrops"],"picked":"Well Laid Plans","floor":8},{"not_picked":["Dagger Throw","Bane"],"picked":"Backflip","floor":10},{"not_picked":["Dash","Blade Dance"],"picked":"Escape Plan","floor":12},{"not_picked":["After Image","Night Terror"],"picked":"Unload","floor":16},{"not_picked":["Outmaneuver","Accuracy"],"picked":"Cloak And Dagger+1","floor":18},{"not_picked":["PiercingWail","Dash"],"picked":"Noxious Fumes+1","floor":20},{"not_picked":["Dagger Throw","Dash"],"picked":"Dodge and Roll","floor":22},{"not_picked":["Poisoned Stab","Prepared+1"],"picked":"Glass Knife","floor":23},{"not_picked":["Prepared","Blade Dance+1"],"picked":"Catalyst","floor":25}],"player_experience":111715,"relics_obtained":[{"floor":8,"key":"Strawberry"},{"floor":9,"key":"The Courier"},{"floor":12,"key":"The Specimen"},{"floor":20,"key":"Red Mask"},{"floor":23,"key":"Centennial Puzzle"},{"floor":25,"key":"Bag of Preparation"},{"floor":26,"key":"Bottled Lightning"}],"event_choices":[{"damage_healed":0,"gold_gain":0,"player_choice":"Ignored","damage_taken":0,"max_hp_gain":0,"max_hp_loss":0,"event_name":"Liars Game","floor":7,"gold_loss":0},{"damage_healed":0,"gold_gain":0,"player_choice":"Entered Light","damage_taken":15,"max_hp_gain":0,"max_hp_loss":0,"event_name":"Shining Light","floor":14,"gold_loss":0,"cards_upgraded":["Survivor","Cloak And Dagger"]},{"damage_healed":0,"gold_gain":0,"player_choice":"Fought Bandits","damage_taken":0,"max_hp_gain":0,"max_hp_loss":0,"event_name":"Masked Bandits","floor":20,"gold_loss":0},{"cards_removed":["Defend_G"],"damage_healed":0,"gold_gain":0,"player_choice":"Offered Basic","damage_taken":0,"max_hp_gain":0,"max_hp_loss":0,"event_name":"Bonfire Elementals","floor":21,"gold_loss":0}],"is_beta":false,"boss_relics":[{"not_picked":["Fusion Hammer","Empty Cage"],"picked":"Eternal Feather"}],"items_purged_floors":[19],"is_endless":false,"potions_floor_spawned":[2,3,8,12,22,23],"killed_by":"Slavers","ascension_level":2}