{"gold_per_floor":[112,63,63,74,90,90,102,130,130,130,130,144,164,164,164,266,266,281,281,58,73,73,108,108,108,108,108,29,43,57,20,20,119,119,139,57,57,73,73,73,88,98,153,153,172,172,83,83,83,83],"floor_reached":50,"playtime":3303,"items_purged":[],"score":460,"play_id":"31e517a5-aff4-4f6a-bd35-db8bd34180f9","local_time":"20181130113004","is_ascension_mode":false,"campfire_choices":[{"data":"Defragment","floor":6,"key":"SMITH"},{"data":"Dualcast","floor":11,"key":"SMITH"},{"floor":15,"key":"REST"},{"floor":24,"key":"REST"},{"data":"Multi-Cast","floor":27,"key":"SMITH"},{"floor":32,"key":"REST"},{"data":"Capacitor","floor":40,"key":"SMITH"},{"floor":44,"key":"REST"},{"data":"Capacitor","floor":46,"key":"SMITH"},{"floor":49,"key":"REST"}],"neow_cost":"NONE","seed_source_timestamp":1345025275365208,"circlet_count":0,"master_deck":["Strike_B+1","Strike_B+1","Strike_B+1","Strike_B+1","Defend_B+1","Defend_B+1","Defend_B+1","Defend_B+1","Zap","Dualcast+1","Rebound","Steam","Cold Snap","Defragment+1","Static Discharge","Ball Lightning","Redo","Multi-Cast+1","Loop","Self Repair","Capacitor+1","Seek","Tempest+1","Capacitor+1","Rip and Tear+1","Parasite","Darkness+1","Stack","Hello World","Blind"],"relics":["Cracked Core","Centennial Puzzle","Dodecahedron","Ginger","Busted Crown","Anchor","Dead Branch","MutagenicStrength","Calipers","Lizard Tail","Smiling Mask"],"potions_floor_usage":[8,18,33,33,33,50,50],"damage_taken":[{"damage":0,"enemies":"2 Louse","floor":1,"turns":3},{"damage":0,"enemies":"Cultist","floor":4,"turns":3},{"damage":1,"enemies":"Jaw Worm","floor":5,"turns":4},{"damage":5,"enemies":"Looter","floor":7,"turns":4},{"damage":8,"enemies":"Gremlin Nob","floor":8,"turns":3},{"damage":0,"enemies":"Large Slime","floor":12,"turns":5},{"damage":6,"enemies":"3 Louse","floor":13,"turns":3},{"damage":3,"enemies":"Slime Boss","floor":16,"turns":8},{"damage":3,"enemies":"2 Thieves","floor":18,"turns":3},{"damage":2,"enemies":"Spheric Guardian","floor":21,"turns":3},{"damage":24,"enemies":"Gremlin Leader","floor":23,"turns":6},{"damage":14,"enemies":"3 Cultists","floor":29,"turns":6},{"damage":16,"enemies":"Centurion and Healer","floor":30,"turns":3},{"damage":46,"enemies":"Automaton","floor":33,"turns":10},{"damage":0,"enemies":"3 Shapes","floor":35,"turns":9},{"damage":14,"enemies":"Orb Walker","floor":38,"turns":4},{"damage":28,"enemies":"Writhing Mass","floor":41,"turns":6},{"damage":42,"enemies":"Maw","floor":42,"turns":8},{"damage":9,"enemies":"4 Shapes","floor":45,"turns":7},{"damage":85,"enemies":"Donu and Deca","floor":50,"turns":6}],"seed_played":"-4329128512073579139","potions_obtained":[{"floor":3,"key":"Regen Potion"},{"floor":3,"key":"LiquidBronze"},{"floor":3,"key":"Block Potion"},{"floor":4,"key":"LiquidBronze"},{"floor":7,"key":"FocusPotion"},{"floor":8,"key":"Block Potion"},{"floor":23,"key":"SpeedPotion"},{"floor":30,"key":"PowerPotion"},{"floor":42,"key":"Energy Potion"},{"floor":45,"key":"Ancient Potion"}],"is_trial":false,"path_per_floor":["M","$","?","M","M","R","M","E","T","$","R","M","M","?","R","B",null,"M","?","$","M","?","E","R","?","T","R","$","M","M","$","R","B",null,"M","$","?","M","?","R","M","M","T","R","M","R","$","?","R","B"],"character_chosen":"DEFECT","items_purchased":["Steam","Anchor","Loop","Self Repair","Capacitor","Capacitor","Stack","Hello World"],"campfire_rested":5,"item_purchase_floors":[2,20,20,28,31,36,47,47],"current_hp_per_floor":[75,75,75,75,74,74,69,61,61,61,61,61,55,55,75,72,75,72,72,72,70,70,46,68,68,68,68,68,61,52,52,74,28,75,75,75,75,61,61,61,40,44,44,66,64,64,64,64,75,0],"gold":83,"neow_bonus":"RANDOM_COMMON_RELIC","is_prod":false,"is_daily":false,"chose_seed":false,"campfire_upgraded":5,"win_rate":0.0,"timestamp":1543573804,"path_taken":["M","$","?","M","M","R","M","E","T","$","R","M","?","?","R","BOSS","M","?","$","M","?","E","R","?","T","R","?","M","M","$","R","BOSS","M","$","?","M","?","R","M","M","T","R","?","R","$","?","R","BOSS"],"build_version":"2018-11-15","purchased_purges":0,"victory":false,"max_hp_per_floor":[75,75,75,75,75,75,75,75,75,75,75,75,75,75,75,75,75,75,75,75,75,75,75,75,75,75,75,75,75,75,75,75,75,75,75,75,75,75,75,75,75,75,75,75,75,75,75,75,75,75],"card_choices":[{"not_picked":["Redo","Undo"],"picked":"Rebound","floor":1},{"not_picked":["Fusion","Storm"],"picked":"Cold Snap","floor":4},{"not_picked":["Aggregate","Steam"],"picked":"Defragment","floor":5},{"not_picked":["Hello World","Go for the Eyes"],"picked":"Static Discharge","floor":7},{"not_picked":["Fission","Lockon","Gash"],"picked":"SKIP","floor":8},{"not_picked":["Darkness","Sweeping Beam"],"picked":"Ball Lightning","floor":12},{"not_picked":["Cold Snap","Gash"],"picked":"Redo","floor":13},{"not_picked":["Reboot","Thunder Strike"],"picked":"Multi-Cast","floor":16},{"not_picked":["Glacier"],"picked":"SKIP","floor":18},{"not_picked":["Consume"],"picked":"SKIP","floor":21},{"not_picked":["Rebound"],"picked":"SKIP","floor":23},{"not_picked":["Sweeping Beam"],"picked":"SKIP","floor":29},{"not_picked":["Reprogram+1"],"picked":"SKIP","floor":30},{"not_picked":[],"picked":"Seek","floor":33},{"not_picked":[],"picked":"Tempest+1","floor":35},{"not_picked":[],"picked":"Rip and Tear+1","floor":38},{"not_picked":["Blizzard"],"picked":"SKIP","floor":41},{"not_picked":["Lockon"],"picked":"SKIP","floor":42},{"not_picked":[],"picked":"Darkness+1","floor":45},{"not_picked":[],"picked":"Blind","floor":48}],"player_experience":114165,"relics_obtained":[{"floor":8,"key":"Dodecahedron"},{"floor":9,"key":"Ginger"},{"floor":23,"key":"Dead Branch"},{"floor":26,"key":"Calipers"},{"floor":43,"key":"Smiling Mask"}],"event_choices":[{"damage_healed":0,"gold_gain":0,"player_choice":"Got Potions","damage_taken":0,"max_hp_gain":0,"max_hp_loss":0,"event_name":"Lab","floor":3,"gold_loss":0},{"damage_healed":0,"gold_gain":0,"player_choice":"Ignored","damage_taken":0,"max_hp_gain":0,"max_hp_loss":0,"event_name":"Golden Idol","floor":14,"gold_loss":0},{"damage_healed":0,"gold_gain":0,"player_choice":"Simplicity","damage_taken":0,"max_hp_gain":0,"max_hp_loss":0,"event_name":"Back to Basics","floor":19,"gold_loss":0,"cards_upgraded":["Strike_B","Strike_B","Strike_B","Strike_B","Defend_B","Defend_B","Defend_B","Defend_B"]},{"damage_healed":0,"gold_gain":0,"player_choice":"Ignored","damage_taken":0,"max_hp_gain":0,"max_hp_loss":0,"event_name":"Ghosts","floor":22,"gold_loss":0},{"damage_healed":0,"gold_gain":0,"player_choice":"Inject Mutagens","damage_taken":0,"relics_obtained":["MutagenicStrength"],"max_hp_gain":0,"max_hp_loss":0,"event_name":"Drug Dealer","floor":25,"gold_loss":0},{"damage_healed":0,"gold_gain":0,"player_choice":"Ignored","damage_taken":0,"max_hp_gain":0,"max_hp_loss":0,"event_name":"Mysterious Sphere","floor":37,"gold_loss":0},{"damage_healed":0,"gold_gain":0,"player_choice":"Ignored","damage_taken":0,"max_hp_gain":0,"max_hp_loss":0,"event_name":"Transmorgrifier","floor":39,"gold_loss":0},{"damage_healed":0,"gold_gain":0,"player_choice":"Memory 1","damage_taken":0,"max_hp_gain":0,"max_hp_loss":0,"event_name":"SensoryStone","floor":48,"gold_loss":0}],"is_beta":false,"boss_relics":[{"not_picked":["Philosopher\u0027s Stone","Calling Bell"],"picked":"Busted Crown"},{"not_picked":["Eternal Feather","Black Star"],"picked":"Lizard Tail"}],"items_purged_floors":[],"is_endless":false,"potions_floor_spawned":[4,7,8,13,16,23,30,42,45],"killed_by":"Donu and Deca","ascension_level":0}