{"gold_per_floor":[117,44,55,230,243,273,273,273,273,273,273,96,96,129,129,234,234,248,55,74,74,86,86],"floor_reached":23,"playtime":1154,"items_purged":[],"score":232,"play_id":"0eff4b15-7f70-4795-8e93-c7c2b2437a2c","local_time":"20181124005441","is_ascension_mode":true,"campfire_choices":[{"floor":7,"key":"DIG"},{"floor":10,"key":"DIG"},{"floor":13,"key":"REST"},{"floor":15,"key":"REST"}],"neow_cost":"NONE","seed_source_timestamp":1418568797720894,"circlet_count":0,"master_deck":["Strike_R","Strike_R","Strike_R","Strike_R","Defend_R","Defend_R","Defend_R","Defend_R","Bash","Clash","Shrug It Off","Twin Strike","Pommel Strike","Shrug It Off","Cleave","Armaments","True Grit","Barricade","Body Slam","Shrug It Off","Dropkick","Intimidate"],"relics":["Burning Blood","Shovel","Strawberry","Incense Burner","Nunchaku","Vajra","Boot","Calipers","Runic Cube","Bag of Preparation"],"potions_floor_usage":[16,16,23,23],"damage_taken":[{"damage":3,"enemies":"Jaw Worm","floor":1,"turns":4},{"damage":0,"enemies":"2 Louse","floor":3,"turns":2},{"damage":1,"enemies":"Cultist","floor":5,"turns":3},{"damage":73,"enemies":"Lagavulin","floor":6,"turns":14},{"damage":13,"enemies":"3 Sentries","floor":14,"turns":7},{"damage":22,"enemies":"The Guardian","floor":16,"turns":12},{"damage":10,"enemies":"Shell Parasite","floor":18,"turns":9},{"damage":36,"enemies":"3 Byrds","floor":20,"turns":8},{"damage":44,"enemies":"Snake Plant","floor":22,"turns":5},{"damage":13,"enemies":"Slavers","floor":23,"turns":4}],"seed_played":"1809663823981534189","potions_obtained":[{"floor":6,"key":"Dexterity Potion"},{"floor":14,"key":"SteroidPotion"},{"floor":16,"key":"GamblersBrew"},{"floor":22,"key":"AttackPotion"}],"is_trial":false,"path_per_floor":["M","$","M","?","M","E","R","?","T","R","?","$","R","E","R","B",null,"M","$","M","?","M","E"],"character_chosen":"IRONCLAD","items_purchased":["Shrug It Off","Twin Strike","Boot","Armaments","Shrug It Off","Bag of Preparation"],"campfire_rested":2,"item_purchase_floors":[2,2,12,12,19,19],"current_hp_per_floor":[88,88,88,88,88,21,28,25,25,25,25,25,53,46,74,58,95,91,91,61,61,23,10],"gold":86,"neow_bonus":"TEN_PERCENT_HP_BONUS","is_prod":false,"is_daily":false,"chose_seed":false,"campfire_upgraded":0,"win_rate":0,"timestamp":1543049681,"path_taken":["M","$","M","?","M","E","R","?","T","R","?","?","R","E","R","BOSS","M","$","M","?","?","E"],"build_version":"2018-11-15","purchased_purges":0,"victory":false,"max_hp_per_floor":[88,88,88,88,88,88,95,95,95,95,95,95,95,95,95,95,95,95,95,95,95,95,95],"card_choices":[{"not_picked":["Perfected Strike","Body Slam"],"picked":"Clash","floor":1},{"not_picked":["Anger","Feel No Pain"],"picked":"Pommel Strike","floor":3},{"not_picked":["Cleave","Havoc"],"picked":"Shrug It Off","floor":5},{"not_picked":["Iron Wave","Rage"],"picked":"Cleave","floor":6},{"not_picked":["Infernal Blade","Evolve"],"picked":"True Grit","floor":14},{"not_picked":["Fiend Fire","Reaper"],"picked":"Barricade","floor":16},{"not_picked":["Reckless Charge","True Grit+1"],"picked":"Body Slam","floor":18},{"not_picked":["Wild Strike+1","Rage"],"picked":"Dropkick","floor":20},{"not_picked":["Armaments","Searing Blow"],"picked":"Intimidate","floor":22}],"player_experience":122275,"relics_obtained":[{"floor":6,"key":"Shovel"},{"floor":7,"key":"Strawberry"},{"floor":9,"key":"Nunchaku"},{"floor":10,"key":"Vajra"},{"floor":14,"key":"Calipers"}],"event_choices":[{"damage_healed":0,"gold_gain":175,"player_choice":"AGREE","damage_taken":0,"max_hp_gain":0,"max_hp_loss":0,"event_name":"Liars Game","floor":4,"gold_loss":0,"cards_obtained":["Doubt"]},{"damage_healed":0,"gold_gain":0,"player_choice":"Success","damage_taken":3,"relics_obtained":["Incense Burner"],"max_hp_gain":0,"max_hp_loss":0,"event_name":"Scrap Ooze","floor":8,"gold_loss":0},{"cards_removed":["Doubt"],"damage_healed":0,"gold_gain":0,"player_choice":"Forget","damage_taken":0,"max_hp_gain":0,"max_hp_loss":0,"event_name":"Living Wall","floor":11,"gold_loss":0},{"cards_removed":["Strike_R"],"damage_healed":0,"gold_gain":0,"player_choice":"Purged","damage_taken":0,"max_hp_gain":0,"max_hp_loss":0,"event_name":"Purifier","floor":21,"gold_loss":0}],"is_beta":false,"boss_relics":[{"not_picked":["Sozu","Lizard Tail"],"picked":"Runic Cube"}],"items_purged_floors":[],"is_endless":false,"potions_floor_spawned":[6,14,16,22],"killed_by":"Slavers","ascension_level":1}