{"gold_per_floor":[109,125,139,157,168,168,198,298,343,361,380,390,406,421,421,525,525,543,543,543,562,128,155,155,2,83,111,129,129,129,146,146,246,246,265,276,186,199,0,0,0,100,100,128,40,40,40,40,40,40],"floor_reached":50,"playtime":2963,"items_purged":["Defend_B","Strike_B"],"score":611,"play_id":"d249f8ac-a800-400e-ab40-6b44d5f8303b","local_time":"20181230170123","is_ascension_mode":false,"campfire_choices":[{"floor":6.0,"key":"REST"},{"floor":15.0,"key":"REST"},{"data":"Buffer","floor":24.0,"key":"SMITH"},{"data":"Reinforced Body","floor":29.0,"key":"SMITH"},{"data":"Conserve Battery","floor":32.0,"key":"SMITH"},{"data":"Sunder","floor":40.0,"key":"SMITH"},{"floor":47.0,"key":"DIG"},{"floor":49.0,"key":"REST"}],"neow_cost":"TEN_PERCENT_HP_LOSS","seed_source_timestamp":0,"circlet_count":0,"master_deck":["Strike_B","Strike_B+1","Defend_B","Defend_B","Defend_B","Zap","Dualcast","Electrodynamics","Beam Cell","Sunder+1","Hello World","Cold Snap","Steam","Barrage","Conserve Battery+1","Conserve Battery","Buffer+1","FTL+1","Thunder Strike+1","Leap+1","Reinforced Body+1","Glacier","Darkness","Tempest+1","Turbo+1","Machine Learning","Redo+1","Conserve Battery+1","Parasite","Conserve Battery+1","Trip","Secret Weapon","Pain","Steam+1","Writhe"],"special_seed":0,"relics":["Cracked Core","Boot","Lantern","Nuclear Battery","Toy Ornithopter","Strawberry","Darkstone Periapt","Blood Vial","Mummified Hand","Whetstone","Cursed Key","Red Mask","Shovel","MawBank","Potion Belt"],"potions_floor_usage":[50,50],"damage_taken":[{"damage":7.0,"enemies":"2 Louse","floor":1.0,"turns":2.0},{"damage":1.0,"enemies":"Cultist","floor":2.0,"turns":3.0},{"damage":6.0,"enemies":"Jaw Worm","floor":3.0,"turns":3.0},{"damage":13.0,"enemies":"Red Slaver","floor":4.0,"turns":3.0},{"damage":10.0,"enemies":"Looter","floor":5.0,"turns":4.0},{"damage":13.0,"enemies":"3 Sentries","floor":7.0,"turns":4.0},{"damage":7.0,"enemies":"Lots of Slimes","floor":10.0,"turns":4.0},{"damage":1.0,"enemies":"3 Louse","floor":11.0,"turns":2.0},{"damage":13.0,"enemies":"Gremlin Gang","floor":12.0,"turns":5.0},{"damage":0.0,"enemies":"Blue Slaver","floor":13.0,"turns":4.0},{"damage":0.0,"enemies":"Looter","floor":14.0,"turns":3.0},{"damage":26.0,"enemies":"The Guardian","floor":16.0,"turns":11.0},{"damage":5.0,"enemies":"Spheric Guardian","floor":18.0,"turns":4.0},{"damage":12.0,"enemies":"2 Thieves","floor":21.0,"turns":4.0},{"damage":20.0,"enemies":"Book of Stabbing","floor":23.0,"turns":8.0},{"damage":21.0,"enemies":"Slavers","floor":27.0,"turns":6.0},{"damage":5.0,"enemies":"3 Cultists","floor":28.0,"turns":4.0},{"damage":0.0,"enemies":"Snake Plant","floor":31.0,"turns":5.0},{"damage":46.0,"enemies":"Collector","floor":33.0,"turns":9.0},{"damage":0.0,"enemies":"3 Darklings","floor":35.0,"turns":3.0},{"damage":13.0,"enemies":"Orb Walker","floor":36.0,"turns":3.0},{"damage":19.0,"enemies":"Writhing Mass","floor":38.0,"turns":13.0},{"damage":14.0,"enemies":"Mind Bloom Boss Battle","floor":42.0,"turns":9.0},{"damage":23.0,"enemies":"Maw","floor":44.0,"turns":8.0},{"damage":105,"enemies":"Donu and Deca","floor":50,"turns":8}],"seed_played":"5071377321997315366","potions_obtained":[{"floor":2.0,"key":"FearPotion"},{"floor":4.0,"key":"Poison Potion"},{"floor":7.0,"key":"EntropicBrew"},{"floor":20.0,"key":"Regen Potion"},{"floor":20.0,"key":"SpeedPotion"},{"floor":27.0,"key":"Ancient Potion"},{"floor":28.0,"key":"Energy Potion"},{"floor":33.0,"key":"SteroidPotion"},{"floor":42.0,"key":"Weak Potion"},{"floor":44.0,"key":"AttackPotion"}],"is_trial":false,"path_per_floor":["M","M","M","M","M","R","E","?","T","M","M","M","M","M","R","B",null,"M","?","?","M","$","E","R","$","T","E","M","R","?","M","R","B",null,"M","M","?","M","?","R","?","?","T","M","$","?","R","$","R","B"],"character_chosen":"DEFECT","items_purchased":["Toy Ornithopter","Strawberry","Blood Vial"],"campfire_rested":3,"item_purchase_floors":[22,22,25],"current_hp_per_floor":[61,60,54,41,31,51,38,38,38,31,30,17,17,17,37,11,68,63,63,63,51,58,43,43,43,43,44,41,41,75,75,75,34,75,75,62,62,51,51,51,46,34,40,24,24,52,52,52,79,0],"gold":40,"neow_bonus":"THREE_RARE_CARDS","is_prod":false,"is_daily":false,"chose_seed":false,"campfire_upgraded":4,"win_rate":0.0,"timestamp":1546185683,"path_taken":["M","M","M","M","M","R","E","?","T","M","M","M","M","M","R","BOSS","M","?","?","?","?","E","R","$","T","E","M","R","?","M","R","BOSS","M","?","?","?","?","R","?","?","T","?","?","?","R","$","R","BOSS"],"build_version":"2018-12-20","purchased_purges":2,"victory":false,"max_hp_per_floor":[68,68,68,68,68,68,68,68,68,68,68,68,68,68,68,68,68,68,68,68,68,75,75,75,75,75,75,75,75,75,75,75,75,75,75,75,75,81,81,81,81,81,87,87,87,93,93,93,93,93],"card_choices":[{"not_picked":["Core Surge","Buffer"],"picked":"Electrodynamics","floor":0.0},{"not_picked":["Force Field","Sweeping Beam"],"picked":"Beam Cell","floor":1.0},{"not_picked":["Skim","Ball Lightning"],"picked":"Sunder","floor":2.0},{"not_picked":["Sunder","Scrape"],"picked":"Hello World","floor":3.0},{"not_picked":["Rebound","Ball Lightning"],"picked":"Cold Snap","floor":4.0},{"not_picked":["Barrage","Streamline"],"picked":"Steam","floor":5.0},{"not_picked":["Turbo","Rebound"],"picked":"Barrage","floor":7.0},{"not_picked":["Turbo","Fusion"],"picked":"Conserve Battery","floor":10.0},{"not_picked":["Hologram","Force Field"],"picked":"Conserve Battery","floor":11.0},{"not_picked":["Steam","Coolheaded"],"picked":"Buffer","floor":12.0},{"not_picked":["Beam Cell","Steam Power"],"picked":"Recycle","floor":13.0},{"not_picked":["Cold Snap","Barrage"],"picked":"FTL","floor":14.0},{"not_picked":["Rainbow","Meteor Strike"],"picked":"Thunder Strike","floor":16.0},{"not_picked":["Compile Driver+1","Steam"],"picked":"Leap+1","floor":18.0},{"not_picked":["Leap","Storm+1"],"picked":"Glacier","floor":21.0},{"not_picked":["Creative AI","Gash"],"picked":"Darkness","floor":23.0},{"not_picked":["Beam Cell","Gash","Steam"],"picked":"SKIP","floor":27.0},{"not_picked":["Force Field","Defragment"],"picked":"Tempest+1","floor":28.0},{"not_picked":["Chill","Scrape"],"picked":"Turbo+1","floor":31.0},{"not_picked":["Reboot","Core Surge"],"picked":"Machine Learning","floor":33.0},{"not_picked":["Sunder+1","Barrage"],"picked":"Redo+1","floor":35.0},{"not_picked":["Tempest+1","Rebound+1"],"picked":"Conserve Battery+1","floor":36.0},{"not_picked":["Go for the Eyes","Cold Snap+1"],"picked":"Conserve Battery+1","floor":38.0},{"not_picked":["Purity","Master of Strategy"],"picked":"Trip","floor":41.0},{"not_picked":["Chrysalis","Madness"],"picked":"Secret Weapon","floor":41.0},{"not_picked":["Conserve Battery+1","Beam Cell"],"picked":"Steam+1","floor":44.0}],"player_experience":87606,"relics_obtained":[{"floor":7.0,"key":"Boot"},{"floor":9.0,"key":"Lantern"},{"floor":23.0,"key":"Darkstone Periapt"},{"floor":26.0,"key":"Mummified Hand"},{"floor":27.0,"key":"Whetstone"},{"floor":42.0,"key":"Shovel"},{"floor":43.0,"key":"MawBank"},{"floor":47.0,"key":"Potion Belt"}],"event_choices":[{"damage_healed":0.0,"max_hp_gain":0.0,"max_hp_loss":0.0,"gold_gain":100.0,"event_name":"Golden Shrine","player_choice":"Pray","floor":8.0,"gold_loss":0.0,"damage_taken":0.0},{"damage_healed":0.0,"max_hp_gain":0.0,"max_hp_loss":0.0,"gold_gain":0.0,"event_name":"The Library","player_choice":"Read","floor":19.0,"gold_loss":0.0,"damage_taken":0.0,"cards_obtained":["Reinforced Body"]},{"damage_healed":0.0,"max_hp_gain":0.0,"max_hp_loss":0.0,"gold_gain":0.0,"event_name":"Lab","player_choice":"Got Potions","floor":20.0,"gold_loss":0.0,"damage_taken":0.0},{"cards_removed":["Recycle"],"damage_healed":34.0,"max_hp_gain":0.0,"max_hp_loss":0.0,"gold_gain":0.0,"event_name":"Bonfire Elementals","player_choice":"Offered Uncommon","floor":30.0,"gold_loss":0.0,"damage_taken":0.0},{"cards_removed":["Strike_B"],"damage_healed":0.0,"max_hp_gain":0.0,"max_hp_loss":0.0,"gold_gain":0.0,"event_name":"Designer","player_choice":"Upgrade and Remove","floor":37.0,"gold_loss":90.0,"damage_taken":0.0,"cards_upgraded":["Strike_B"]},{"damage_healed":0.0,"max_hp_gain":0.0,"max_hp_loss":0.0,"gold_gain":0.0,"event_name":"Tomb of Lord Red Mask","player_choice":"Paid","floor":39.0,"gold_loss":199.0,"damage_taken":0.0,"relics_obtained":["Red Mask"]},{"damage_healed":0.0,"max_hp_gain":0.0,"max_hp_loss":0.0,"gold_gain":0.0,"event_name":"SensoryStone","player_choice":"Memory 2","floor":41.0,"gold_loss":0.0,"damage_taken":5.0},{"damage_healed":0.0,"max_hp_gain":0.0,"max_hp_loss":0.0,"gold_gain":0.0,"event_name":"MindBloom","player_choice":"Fight","floor":42.0,"gold_loss":0.0,"damage_taken":0.0},{"damage_healed":22.0,"max_hp_gain":0.0,"max_hp_loss":0.0,"gold_gain":0.0,"event_name":"Winding Halls","player_choice":"Writhe","floor":46.0,"gold_loss":0.0,"damage_taken":0.0,"cards_obtained":["Writhe"]}],"is_beta":false,"boss_relics":[{"not_picked":["Tiny House","Astrolabe"],"picked":"Nuclear Battery"},{"not_picked":["Orrery","Velvet Choker"],"picked":"Cursed Key"}],"items_purged_floors":[22,45],"is_endless":false,"potions_floor_spawned":[2,4,7,11,16,27,28,31,33,35,42,44],"killed_by":"Donu and Deca","ascension_level":0}