{"gold_per_floor":[112,139,149,169,169,213,237,237,237,237,275,298,336,336,336,461,461,480,95,118,118,162,162,193,193,193,193,193,231,356,8,8,139,139,154,6,131,0,15,33,33,89,140,140,36,36,72,88,88,88],"floor_reached":51,"playtime":3693,"items_purged":["Strike_G"],"score":985,"play_id":"76ef5464-08f2-430b-ab90-f23f3acbc2d7","local_time":"20190129174614","is_ascension_mode":true,"campfire_choices":[{"floor":8,"key":"REST"},{"data":"Infinite Blades","floor":15,"key":"SMITH"},{"floor":23,"key":"REST"},{"floor":25,"key":"REST"},{"data":"Mayhem","floor":28,"key":"SMITH"},{"data":"Finisher","floor":32,"key":"SMITH"},{"data":"Envenom","floor":41,"key":"SMITH"},{"data":"Neutralize","floor":44,"key":"SMITH"},{"data":"Blur","floor":46,"key":"SMITH"},{"data":"Predator","floor":49,"key":"SMITH"}],"neow_cost":"NONE","seed_source_timestamp":130856020687904,"circlet_count":0,"master_deck":["Defend_G","Defend_G","Defend_G","Survivor","Neutralize+1","Predator","Blade Dance","Prepared","Blur","Predator+1","After Image","Infinite Blades+1","Blur+1","Corpse Explosion","Setup+1","Slice+1","Acrobatics+1","Reflex","Mayhem+1","Reflex","Finisher","Dagger Throw+1","Expertise","Finisher+1","Dash+1","Envenom+1","Escape Plan","Prepared+1","Blade Dance+1","Terror"],"relics":["Ring of the Snake","Potion Belt","PreservedInsect","Golden Idol","Smiling Mask","Kunai","Ancient Tea Set","Bottled Tornado","Astrolabe","Snake Skull","Red Mask","Pantograph","Ninja Scroll","Bottled Flame","Nunchaku","Mercury Hourglass","Membership Card","FossilizedHelix","Eternal Feather","Tingsha","Ginger","Ornamental Fan","Torii","Vajra","HandDrill","Mummified Hand"],"potions_floor_usage":[6,6,22,24,33,33,33,33,33,35],"damage_taken":[{"damage":0,"enemies":"Cultist","floor":1,"turns":4},{"damage":0,"enemies":"2 Louse","floor":3,"turns":2},{"damage":0,"enemies":"Small Slimes","floor":4,"turns":2},{"damage":4,"enemies":"Gremlin Nob","floor":6,"turns":3},{"damage":0,"enemies":"2 Fungi Beasts","floor":7,"turns":5},{"damage":21,"enemies":"3 Sentries","floor":11,"turns":7},{"damage":3,"enemies":"Looter","floor":12,"turns":3},{"damage":2,"enemies":"Lagavulin","floor":13,"turns":8},{"damage":0,"enemies":"Hexaghost","floor":16,"turns":18},{"damage":22,"enemies":"Chosen","floor":18,"turns":6},{"damage":24,"enemies":"3 Byrds","floor":20,"turns":4},{"damage":7,"enemies":"Masked Bandits","floor":22,"turns":2},{"damage":13,"enemies":"Book of Stabbing","floor":24,"turns":7},{"damage":0,"enemies":"Gremlin Leader","floor":29,"turns":6},{"damage":3,"enemies":"Colosseum Slavers","floor":30,"turns":4},{"damage":0,"enemies":"Colosseum Nobs","floor":30,"turns":4},{"damage":0,"enemies":"Champ","floor":33,"turns":7},{"damage":7,"enemies":"3 Darklings","floor":35,"turns":3},{"damage":12,"enemies":"Mind Bloom Boss Battle","floor":37,"turns":7},{"damage":9,"enemies":"3 Shapes","floor":39,"turns":6},{"damage":25,"enemies":"3 Darklings","floor":40,"turns":4},{"damage":0,"enemies":"2 Orb Walkers","floor":42,"turns":5},{"damage":0,"enemies":"Reptomancer","floor":47,"turns":4},{"damage":0,"enemies":"Spire Growth","floor":48,"turns":3},{"damage":14,"enemies":"Time Eater","floor":50,"turns":5}],"seed_played":"-2268254613307039931","potions_obtained":[{"floor":3,"key":"PowerPotion"},{"floor":4,"key":"SteroidPotion"},{"floor":12,"key":"FearPotion"},{"floor":20,"key":"GamblersBrew"},{"floor":24,"key":"EntropicBrew"},{"floor":33,"key":"Strength Potion"},{"floor":40,"key":"SteroidPotion"},{"floor":42,"key":"FearPotion"}],"is_trial":false,"path_per_floor":["M","T","M","M","?","E","M","R","T","?","E","M","E","?","R","B",null,"M","$","M","?","?","R","E","R","T","?","R","E","?","$","R","B",null,"M","$","?","$","M","M","R","?","T","R","$","R","E","M","R","B",null],"character_chosen":"THE_SILENT","items_purchased":["Snake Skull","Mayhem","Membership Card","FossilizedHelix","Tingsha","Ornamental Fan","HandDrill"],"campfire_rested":3,"item_purchase_floors":[19,19,31,31,36,38,45],"current_hp_per_floor":[70,70,70,70,53,49,49,70,70,70,49,46,44,44,44,44,70,48,48,24,47,40,61,48,69,69,69,69,69,66,66,66,70,70,63,63,58,58,49,24,39,39,39,54,54,69,69,69,70,56],"gold":88,"neow_bonus":"RANDOM_COMMON_RELIC","is_prod":false,"is_daily":false,"chose_seed":false,"campfire_upgraded":7,"win_rate":0,"timestamp":1548751574,"path_taken":["M","?","M","M","?","E","M","R","T","?","E","M","E","?","R","BOSS","M","$","M","?","?","R","E","R","T","?","R","E","?","$","R","BOSS","M","$","?","$","M","M","R","?","T","R","?","R","E","M","R","BOSS"],"build_version":"2019-01-23","purchased_purges":1,"victory":true,"max_hp_per_floor":[70,70,70,70,70,70,70,70,70,70,70,70,70,70,70,70,70,70,70,70,70,70,70,70,70,70,70,70,70,70,70,70,70,70,70,70,70,70,70,70,70,70,70,70,70,70,70,70,70,70],"card_choices":[{"not_picked":["Poisoned Stab","Eviscerate"],"picked":"Predator","floor":1},{"not_picked":["PiercingWail","Masterful Stab"],"picked":"Blade Dance","floor":3},{"not_picked":["Catalyst","Flying Knee"],"picked":"Prepared","floor":4},{"not_picked":["Blade Dance","Outmaneuver"],"picked":"Blur","floor":6},{"not_picked":["Tactician","Slice"],"picked":"Predator","floor":7},{"not_picked":["Expertise","Finisher"],"picked":"After Image","floor":11},{"not_picked":["Dodge and Roll","Slice","Accuracy"],"picked":"SKIP","floor":12},{"not_picked":["Underhanded Strike","PiercingWail"],"picked":"Infinite Blades","floor":13},{"not_picked":["Tools of the Trade","Unload"],"picked":"Corpse Explosion","floor":16},{"not_picked":["Dagger Spray","Flying Knee"],"picked":"Reflex","floor":18},{"not_picked":["Riddle With Holes","Outmaneuver+1"],"picked":"Reflex","floor":20},{"not_picked":["PiercingWail","Underhanded Strike"],"picked":"Finisher","floor":22},{"not_picked":["Dodge and Roll","Caltrops"],"picked":"Dagger Throw+1","floor":24},{"not_picked":["Dagger Spray+1","PiercingWail","Poisoned Stab"],"picked":"SKIP","floor":29},{"not_picked":["Dodge and Roll+1","Deadly Poison"],"picked":"Dash+1","floor":30},{"not_picked":["Venomology","Grand Finale"],"picked":"Envenom","floor":33},{"not_picked":["Dash","Riddle With Holes"],"picked":"Escape Plan","floor":35},{"not_picked":["Poisoned Stab","Cloak And Dagger"],"picked":"Prepared+1","floor":37},{"not_picked":["Acrobatics","Expertise"],"picked":"Blade Dance+1","floor":39},{"not_picked":["Terror","Night Terror","Backflip+1"],"picked":"SKIP","floor":40},{"not_picked":["Sucker Punch+1","PiercingWail","Setup+1"],"picked":"SKIP","floor":47},{"not_picked":["Dodge and Roll+1","Bane"],"picked":"Terror","floor":48}],"player_experience":107757,"relics_obtained":[{"floor":2,"key":"PreservedInsect"},{"floor":6,"key":"Smiling Mask"},{"floor":9,"key":"Kunai"},{"floor":11,"key":"Ancient Tea Set"},{"floor":13,"key":"Bottled Tornado"},{"floor":22,"key":"Red Mask"},{"floor":24,"key":"Pantograph"},{"floor":26,"key":"Ninja Scroll"},{"floor":29,"key":"Bottled Flame"},{"floor":30,"key":"Nunchaku"},{"floor":30,"key":"Mercury Hourglass"},{"floor":37,"key":"Ginger"},{"floor":42,"key":"Torii"},{"floor":43,"key":"Vajra"},{"floor":47,"key":"Mummified Hand"}],"event_choices":[{"damage_healed":0,"gold_gain":0,"player_choice":"Take Damage","damage_taken":17,"relics_obtained":["Golden Idol"],"max_hp_gain":0,"max_hp_loss":0,"event_name":"Golden Idol","floor":5,"gold_loss":0},{"damage_healed":0,"gold_gain":0,"player_choice":"Ignored","damage_taken":0,"max_hp_gain":0,"max_hp_loss":0,"event_name":"Shining Light","floor":10,"gold_loss":0},{"damage_healed":0,"gold_gain":0,"cards_transformed":["Strike_G"],"player_choice":"Change","damage_taken":0,"max_hp_gain":0,"max_hp_loss":0,"event_name":"Living Wall","floor":14,"gold_loss":0,"cards_obtained":["Blur"]},{"damage_healed":23,"gold_gain":0,"player_choice":"Heal","damage_taken":0,"max_hp_gain":0,"max_hp_loss":0,"event_name":"The Library","floor":21,"gold_loss":0},{"damage_healed":0,"gold_gain":0,"player_choice":"Fought Bandits","damage_taken":0,"max_hp_gain":0,"max_hp_loss":0,"event_name":"Masked Bandits","floor":22,"gold_loss":0},{"damage_healed":0,"gold_gain":0,"cards_transformed":["Strike_G","Defend_G"],"player_choice":"Became Test Subject","damage_taken":0,"max_hp_gain":0,"max_hp_loss":0,"event_name":"Drug Dealer","floor":27,"gold_loss":0,"cards_obtained":["Expertise","Finisher"]},{"damage_healed":0,"gold_gain":0,"player_choice":"Fight","damage_taken":0,"max_hp_gain":0,"max_hp_loss":0,"event_name":"Colosseum","floor":30,"gold_loss":0},{"damage_healed":0,"gold_gain":0,"player_choice":"Fought Nobs","damage_taken":0,"max_hp_gain":0,"max_hp_loss":0,"event_name":"Colosseum","floor":30,"gold_loss":0},{"damage_healed":0,"gold_gain":0,"player_choice":"Fight","damage_taken":0,"max_hp_gain":0,"max_hp_loss":0,"event_name":"MindBloom","floor":37,"gold_loss":0},{"damage_healed":0,"gold_gain":0,"player_choice":"Fight","damage_taken":0,"max_hp_gain":0,"max_hp_loss":0,"event_name":"Mysterious Sphere","floor":42,"gold_loss":0}],"is_beta":false,"boss_relics":[{"not_picked":["Snecko Eye","Tiny House"],"picked":"Astrolabe"},{"not_picked":["Runic Dome","Runic Pyramid"],"picked":"Eternal Feather"}],"items_purged_floors":[19],"is_endless":false,"potions_floor_spawned":[3,4,12,20,24,30,33,40,42],"ascension_level":2}