{"gold_per_floor":[110,120,140,140,61,95,95,45,71,87,38,38,113,131,131,230,280,294,294,294,294,305,338,355,367,444,56,156,156],"floor_reached":29,"playtime":2127,"items_purged":[],"score":243,"play_id":"3f32a8ea-3a63-4975-8696-3cccfd6006de","local_time":"20190101161142","is_ascension_mode":false,"campfire_choices":[{"data":"Go for the Eyes","floor":7,"key":"SMITH"},{"data":"Scrape","floor":12,"key":"SMITH"},{"floor":15,"key":"REST"}],"neow_cost":"NONE","seed_source_timestamp":325603915836284,"circlet_count":0,"master_deck":["Strike_B","Defend_B","Defend_B","Defend_B","Defend_B","Zap+1","Dualcast","Go for the Eyes+1","Gash","Scrape+1","White Noise","Auto Shields","Machine Learning","Gash","Hologram","Creative AI","Beam Cell","Beam Cell","Beam Cell","Go for the Eyes","Stack","Self Repair"],"relics":["Cracked Core","NeowsBlessing","PreservedInsect","Centennial Puzzle","Tiny House","Nilry\u0027s Codex","Mercury Hourglass","Letter Opener","StoneCalendar"],"potions_floor_usage":[16,18,25],"damage_taken":[{"damage":0,"enemies":"Cultist","floor":1,"turns":1},{"damage":0,"enemies":"Small Slimes","floor":2,"turns":1},{"damage":0,"enemies":"Jaw Worm","floor":3,"turns":1},{"damage":30,"enemies":"Gremlin Nob","floor":6,"turns":5},{"damage":0,"enemies":"Large Slime","floor":10,"turns":5},{"damage":9,"enemies":"3 Louse","floor":14,"turns":2},{"damage":33,"enemies":"Slime Boss","floor":16,"turns":9},{"damage":8,"enemies":"2 Thieves","floor":18,"turns":3},{"damage":14,"enemies":"Chosen","floor":22,"turns":6},{"damage":7,"enemies":"Gremlin Leader","floor":23,"turns":5},{"damage":25,"enemies":"Snake Plant","floor":24,"turns":6},{"damage":1,"enemies":"Cultist and Chosen","floor":25,"turns":5},{"damage":9,"enemies":"Slavers","floor":29,"turns":1}],"seed_played":"5327655414247267005","potions_obtained":[{"floor":3,"key":"SteroidPotion"},{"floor":10,"key":"PowerPotion"},{"floor":14,"key":"Fire Potion"},{"floor":17,"key":"Ancient Potion"},{"floor":18,"key":"PowerPotion"},{"floor":25,"key":"Poison Potion"}],"is_trial":false,"path_per_floor":["M","M","M","?","$","E","R","?","T","M","$","R","?","M","R","B",null,"M","?","?","?","M","E","M","M","T","$","?","E"],"character_chosen":"DEFECT","items_purchased":["White Noise","Gash","Self Repair","StoneCalendar"],"campfire_rested":1,"item_purchase_floors":[5,11,27,27],"current_hp_per_floor":[75,75,75,75,75,45,45,45,45,45,45,45,34,25,47,14,80,72,56,56,56,42,35,10,9,9,9,9,0],"gold":156,"neow_bonus":"THREE_ENEMY_KILL","is_prod":false,"is_daily":false,"chose_seed":false,"campfire_upgraded":2,"win_rate":0.0,"timestamp":1546377102,"path_taken":["M","M","?","?","$","E","R","?","T","M","?","R","?","M","R","BOSS","M","?","?","?","M","E","?","M","T","$","?","E"],"build_version":"2018-12-20","purchased_purges":0,"victory":false,"max_hp_per_floor":[75,75,75,75,75,75,75,75,75,75,75,75,75,75,75,75,80,80,80,80,80,80,80,80,80,80,80,80,80],"card_choices":[{"not_picked":["Chaos","BootSequence"],"picked":"Go for the Eyes","floor":1},{"not_picked":["Redo","Stack"],"picked":"Gash","floor":2},{"not_picked":["Ball Lightning","Streamline"],"picked":"Scrape","floor":3},{"not_picked":["Ball Lightning","Compile Driver"],"picked":"Auto Shields","floor":6},{"not_picked":["Barrage","Double Energy"],"picked":"Machine Learning","floor":10},{"not_picked":["Self Repair","Go for the Eyes"],"picked":"Hologram","floor":14},{"not_picked":["Biased Cognition","Electrodynamics"],"picked":"Creative AI","floor":16},{"not_picked":["Ball Lightning","Cold Snap"],"picked":"Beam Cell","floor":17},{"not_picked":["Compile Driver+1","Steam+1"],"picked":"Beam Cell","floor":18},{"not_picked":["Coolheaded+1","Barrage+1"],"picked":"Go for the Eyes","floor":22},{"not_picked":["Genetic Algorithm","Doom and Gloom+1","Sweeping Beam"],"picked":"SKIP","floor":23},{"not_picked":["Compile Driver","Cold Snap"],"picked":"Stack","floor":24},{"not_picked":["Beam Cell","Streamline+1","Chaos"],"picked":"SKIP","floor":25}],"player_experience":3397,"relics_obtained":[{"floor":6,"key":"PreservedInsect"},{"floor":9,"key":"Centennial Puzzle"},{"floor":19,"key":"Nilry\u0027s Codex"},{"floor":23,"key":"Mercury Hourglass"},{"floor":26,"key":"Letter Opener"}],"event_choices":[{"cards_removed":["Strike_B"],"damage_healed":0,"gold_gain":0,"player_choice":"Forget","damage_taken":0,"max_hp_gain":0,"max_hp_loss":0,"event_name":"Living Wall","floor":4,"gold_loss":0},{"cards_removed":["Strike_B"],"damage_healed":0,"gold_gain":0,"player_choice":"Card Removal","damage_taken":0,"max_hp_gain":0,"max_hp_loss":0,"event_name":"The Cleric","floor":8,"gold_loss":50},{"damage_healed":0,"gold_gain":75,"player_choice":"Gather Gold","damage_taken":11,"max_hp_gain":0,"max_hp_loss":0,"event_name":"World of Goop","floor":13,"gold_loss":0},{"damage_healed":0,"gold_gain":0,"player_choice":"Obtained Book","damage_taken":16,"max_hp_gain":0,"max_hp_loss":0,"event_name":"Cursed Tome","floor":19,"gold_loss":0},{"damage_healed":0,"gold_gain":0,"player_choice":"Ignored","damage_taken":0,"max_hp_gain":0,"max_hp_loss":0,"event_name":"Ghosts","floor":20,"gold_loss":0},{"damage_healed":0,"gold_gain":0,"cards_transformed":["Strike_B"],"player_choice":"Transformed","damage_taken":0,"max_hp_gain":0,"max_hp_loss":0,"event_name":"Transmorgrifier","floor":21,"gold_loss":0,"cards_obtained":["Beam Cell"]},{"damage_healed":0,"gold_gain":100,"player_choice":"Pray","damage_taken":0,"max_hp_gain":0,"max_hp_loss":0,"event_name":"Golden Shrine","floor":28,"gold_loss":0}],"is_beta":false,"boss_relics":[{"not_picked":["Ectoplasm","Astrolabe"],"picked":"Tiny House"}],"items_purged_floors":[],"is_endless":false,"potions_floor_spawned":[3,10,14,18,22,25],"killed_by":"Slavers","ascension_level":0}