{"gold_per_floor":[110,35,51,51,62,62,72,72,72,83,114,124,124,137,137,241,241,253,268,367,380,305,305,318,334,361,361,376,376,392,412,412,509,509,519,533,166,177,177,177,177,177,177,193,193,203,222,222],"floor_reached":48,"playtime":2859,"items_purged":["Strike_R","Strike_R"],"score":489,"play_id":"723f2c04-5474-46c5-9a96-75aeff2caac2","local_time":"20180802212242","is_ascension_mode":true,"campfire_choices":[{"data":"Bash","floor":6,"key":"SMITH"},{"data":"Shockwave","floor":8,"key":"SMITH"},{"data":"Rage","floor":13,"key":"SMITH"},{"data":"Demon Form","floor":15,"key":"SMITH"},{"floor":23,"key":"REST"},{"floor":32,"key":"REST"},{"data":"Shrug It Off","floor":40,"key":"SMITH"},{"floor":42,"key":"REST"}],"neow_cost":"NONE","seed_source_timestamp":297118935217577,"circlet_count":0,"master_deck":["Strike_R","Defend_R","Defend_R","Defend_R","Defend_R","Bash+1","Clash","Flex","Cleave","Shockwave+1","Rage+1","Demon Form+1","Impervious","Disarm","Whirlwind+1","Metallicize","Evolve","Burning Pact","Reaper","Spot Weakness","Shrug It Off","Shrug It Off+1","Thinking Ahead","Rampage","Blood for Blood+1","Rage+1"],"relics":["Black Blood","The Courier","Pear","Lizard Tail","Bag of Marbles","Pen Nib","Charon\u0027s Ashes"],"potions_floor_usage":[12,33,33,35,47],"damage_taken":[{"damage":5,"enemies":"Cultist","floor":1,"turns":4},{"damage":5,"enemies":"2 Louse","floor":3,"turns":2},{"damage":0,"enemies":"Small Slimes","floor":5,"turns":3},{"damage":8,"enemies":"Red Slaver","floor":7,"turns":2},{"damage":11,"enemies":"Blue Slaver","floor":10,"turns":3},{"damage":26,"enemies":"Lagavulin","floor":11,"turns":7},{"damage":0,"enemies":"Gremlin Gang","floor":12,"turns":2},{"damage":0,"enemies":"3 Louse","floor":14,"turns":3},{"damage":41,"enemies":"Slime Boss","floor":16,"turns":8},{"damage":4,"enemies":"Chosen","floor":18,"turns":8},{"damage":29,"enemies":"Spheric Guardian","floor":19,"turns":5},{"damage":22,"enemies":"Snake Plant","floor":21,"turns":6},{"damage":21,"enemies":"Snecko","floor":24,"turns":7},{"damage":33,"enemies":"Cultist and Chosen","floor":25,"turns":10},{"damage":20,"enemies":"Centurion and Healer","floor":28,"turns":6},{"damage":12,"enemies":"Snake Plant","floor":30,"turns":6},{"damage":28,"enemies":"Snecko","floor":31,"turns":8},{"damage":43,"enemies":"Collector","floor":33,"turns":9},{"damage":43,"enemies":"Flame Bruiser 1 Orb","floor":35,"turns":7},{"damage":52,"enemies":"3 Shapes","floor":36,"turns":8},{"damage":42,"enemies":"Maw","floor":38,"turns":9},{"damage":46,"enemies":"Sphere and 2 Shapes","floor":44,"turns":4},{"damage":33,"enemies":"3 Darklings","floor":46,"turns":9},{"damage":25,"enemies":"Maw","floor":47,"turns":9},{"damage":47,"enemies":"Spire Growth","floor":48,"turns":7}],"seed_played":"6512696420606281790","potions_obtained":[{"floor":1,"key":"Explosive Potion"},{"floor":3,"key":"AttackPotion"},{"floor":7,"key":"Poison Potion"},{"floor":18,"key":"PowerPotion"},{"floor":28,"key":"Fire Potion"},{"floor":31,"key":"Dexterity Potion"},{"floor":36,"key":"SpeedPotion"},{"floor":38,"key":"Weak Potion"}],"is_trial":false,"path_per_floor":["M","$","M","?","M","R","M","R","T","M","E","M","R","M","R","B",null,"M","M","?","M","?","R","M","M","T","T","M","?","M","M","R","B",null,"M","M","$","M","?","R","?","R","T","M","?","M","M"],"character_chosen":"IRONCLAD","items_purchased":["Shrug It Off","Shrug It Off","Thinking Ahead","Rampage"],"campfire_rested":3,"item_purchase_floors":[37,37,37,37],"current_hp_per_floor":[80,80,80,85,85,85,83,83,83,78,68,74,74,80,80,45,95,95,72,72,56,56,84,69,42,42,42,28,59,53,31,59,22,95,62,30,30,57,57,57,57,85,85,52,52,41,39,0],"gold":222,"neow_bonus":"REMOVE_CARD","is_prod":false,"is_daily":false,"chose_seed":false,"campfire_upgraded":5,"win_rate":0,"timestamp":1533216162,"path_taken":["M","$","?","?","M","R","?","R","T","M","E","M","R","M","R","BOSS","M","M","?","M","?","R","M","?","T","?","?","?","M","M","R","BOSS","M","M","$","M","?","R","?","R","T","M","?","?","M","M"],"build_version":"2018-07-26","purchased_purges":2,"victory":false,"max_hp_per_floor":[80,80,80,85,85,85,85,85,85,85,95,95,95,95,95,95,95,95,95,95,95,95,95,95,95,95,95,95,95,95,95,95,95,95,95,95,95,95,95,95,95,95,95,95,95,95,95,95],"card_choices":[{"not_picked":["Corruption","Anger"],"picked":"Clash","floor":1},{"not_picked":["Thunderclap","Clothesline"],"picked":"Flex","floor":3},{"not_picked":["Flex","Uppercut"],"picked":"Cleave","floor":5},{"not_picked":["Seeing Red","Reckless Charge"],"picked":"Shockwave","floor":7},{"not_picked":["Infernal Blade","Headbutt","Sentinel"],"picked":"SKIP","floor":10},{"not_picked":["Entrench","Thunderclap","True Grit"],"picked":"SKIP","floor":11},{"not_picked":["Blood for Blood","Heavy Blade"],"picked":"Rage","floor":12},{"not_picked":["Rampage","Twin Strike"],"picked":"Demon Form","floor":14},{"not_picked":["Dark Embrace","Brutality"],"picked":"Impervious","floor":16},{"not_picked":["Intimidate","Body Slam"],"picked":"Disarm","floor":18},{"not_picked":["Entrench+1","Anger","Dual Wield"],"picked":"SKIP","floor":19},{"not_picked":["Cleave","Clash","Twin Strike"],"picked":"SKIP","floor":21},{"not_picked":["Seeing Red","Headbutt"],"picked":"Whirlwind+1","floor":24},{"not_picked":["Iron Wave","Reaper"],"picked":"Metallicize","floor":25},{"not_picked":["Headbutt","Cleave"],"picked":"Evolve","floor":28},{"not_picked":["Thunderclap","True Grit"],"picked":"Burning Pact","floor":30},{"not_picked":["Infernal Blade+1","Cleave","Sentinel"],"picked":"SKIP","floor":31},{"not_picked":["Feed","Exhume"],"picked":"Reaper","floor":33},{"not_picked":["Headbutt+1","Armaments+1"],"picked":"Spot Weakness","floor":35},{"not_picked":["Evolve+1","Clothesline+1","Twin Strike"],"picked":"SKIP","floor":36},{"not_picked":["Twin Strike+1","Combust+1"],"picked":"Blood for Blood+1","floor":38},{"not_picked":["Havoc+1","Headbutt+1","Thunderclap+1"],"picked":"SKIP","floor":44},{"not_picked":["Blood for Blood+1","Body Slam"],"picked":"Rage+1","floor":46},{"not_picked":["Clothesline+1","Blood for Blood+1","Cleave"],"picked":"SKIP","floor":47}],"player_experience":147631,"relics_obtained":[{"floor":9,"key":"The Courier"},{"floor":11,"key":"Pear"},{"floor":26,"key":"Bag of Marbles"},{"floor":27,"key":"Pen Nib"},{"floor":43,"key":"Charon\u0027s Ashes"}],"event_choices":[{"event_name":"Big Fish","player_choice":"Donut","floor":4,"damage_taken":0},{"event_name":"Nest","player_choice":"Stole From Cult","floor":20,"damage_taken":0},{"event_name":"Beggar","player_choice":"Gave Gold","floor":22,"damage_taken":0},{"event_name":"The Library","player_choice":"Heal","floor":29,"damage_taken":0},{"event_name":"Tomb of Lord Red Mask","player_choice":"Ignored","floor":39,"damage_taken":0},{"event_name":"FaceTrader","player_choice":"Leave","floor":41,"damage_taken":0},{"event_name":"Mysterious Sphere","player_choice":"Ignore","floor":45,"damage_taken":0}],"is_beta":false,"boss_relics":[{"not_picked":["Orrery","Sozu"],"picked":"Lizard Tail"},{"not_picked":["White Beast Statue","Pandora\u0027s Box"],"picked":"Black Blood"}],"items_purged_floors":[2,37],"is_endless":false,"potions_floor_spawned":[1,3,7,18,24,28,31,36,38],"killed_by":"Spire Growth","ascension_level":1}