{"gold_per_floor":[211,224,238,258,277,277,45,45,116,116,216,244,259,269,269,365,365,384,410,410,410,214,214,232,263,312,328,328,341,341,361,361,456,456,473,473,491,502,519,519,536,536,589,589,601,612,29,29,29,29,29,29,29,62,62],"floor_reached":55,"playtime":3881,"items_purged":["Strike_R","Clothesline+1","Bite"],"score":668,"play_id":"668ce962-d2fc-47d2-be6f-f88d3cd6565f","local_time":"20190111021044","is_ascension_mode":false,"campfire_choices":[{"data":"Evolve","floor":6,"key":"SMITH"},{"data":"Disarm","floor":8,"key":"SMITH"},{"data":"Clothesline","floor":10,"key":"SMITH"},{"data":"Uppercut","floor":15,"key":"SMITH"},{"floor":23,"key":"REST"},{"floor":30,"key":"REST"},{"data":"Armaments","floor":32,"key":"SMITH"},{"floor":42,"key":"RECALL"},{"data":"Dark Embrace","floor":44,"key":"SMITH"},{"data":"Battle Trance","floor":49,"key":"SMITH"},{"data":"Feel No Pain","floor":52,"key":"SMITH"}],"neow_cost":"NONE","seed_source_timestamp":40350093634237,"circlet_count":0,"master_deck":["Defend_R","Defend_R","Defend_R","Defend_R","Bash","Disarm+1","Evolve+1","Wild Strike","Infernal Blade","Uppercut+1","Wild Strike","Bite","Bite","Bite","Bite","Battle Trance+1","Discovery+1","Armaments+1","Power Through+1","Reckless Charge","Fiend Fire","Dark Embrace+1","Ghostly Armor+1","Wild Strike+1","Feel No Pain+1","Metallicize+1","Power Through+1"],"relics":["Burning Blood","Bag of Marbles","Ornamental Fan","Prayer Wheel","Mark of Pain","Red Mask","Orichalcum","Sozu","Regal Pillow","Calipers","Bronze Scales","Shuriken","Bottled Flame"],"potions_floor_usage":[16,16,33,37],"damage_taken":[{"damage":1,"enemies":"Cultist","floor":1,"turns":4},{"damage":1,"enemies":"2 Louse","floor":2,"turns":4},{"damage":8,"enemies":"Jaw Worm","floor":3,"turns":5},{"damage":17,"enemies":"2 Fungi Beasts","floor":4,"turns":5},{"damage":9,"enemies":"Large Slime","floor":5,"turns":8},{"damage":22,"enemies":"Lagavulin","floor":12,"turns":9},{"damage":21,"enemies":"Exordium Thugs","floor":13,"turns":6},{"damage":0,"enemies":"3 Louse","floor":14,"turns":3},{"damage":16,"enemies":"Hexaghost","floor":16,"turns":10},{"damage":26,"enemies":"3 Byrds","floor":18,"turns":7},{"damage":47,"enemies":"Masked Bandits","floor":19,"turns":6},{"damage":1,"enemies":"Chosen","floor":24,"turns":4},{"damage":37,"enemies":"Gremlin Leader","floor":25,"turns":10},{"damage":15,"enemies":"Snecko","floor":27,"turns":6},{"damage":20,"enemies":"Snake Plant","floor":29,"turns":4},{"damage":5,"enemies":"Sentry and Sphere","floor":31,"turns":5},{"damage":56,"enemies":"Champ","floor":33,"turns":11},{"damage":4,"enemies":"Orb Walker","floor":35,"turns":3},{"damage":18,"enemies":"3 Darklings","floor":37,"turns":6},{"damage":2,"enemies":"4 Shapes","floor":38,"turns":9},{"damage":17,"enemies":"Jaw Worm Horde","floor":39,"turns":5},{"damage":29,"enemies":"Maw","floor":41,"turns":9},{"damage":7,"enemies":"Writhing Mass","floor":45,"turns":8},{"damage":11,"enemies":"3 Darklings","floor":46,"turns":5},{"damage":39,"enemies":"Awakened One","floor":50,"turns":14},{"damage":69,"enemies":"Shield and Spear","floor":54,"turns":11},{"damage":51,"enemies":"The Heart","floor":55,"turns":3}],"seed_played":"1656343428858622058","potions_obtained":[{"floor":1,"key":"AttackPotion"},{"floor":2,"key":"Swift Potion"},{"floor":4,"key":"Block Potion"},{"floor":13,"key":"LiquidBronze"},{"floor":18,"key":"Poison Potion"},{"floor":19,"key":"AttackPotion"},{"floor":24,"key":"FairyPotion"}],"is_trial":false,"path_per_floor":["M","M","M","M","M","R","$","R","T","R","?","E","M","M","R","B",null,"M","?","?","?","$","R","M","E","T","M","?","M","R","M","R","B",null,"M","?","M","M","M","?","M","R","T","R","M","M","$","T","R","B",null,"R","$","E","B"],"character_chosen":"IRONCLAD","items_purchased":["Bag of Marbles","Discovery","Calipers","Bronze Scales"],"campfire_rested":2,"item_purchase_floors":[7,22,47,47],"current_hp_per_floor":[80,80,78,67,64,64,64,64,64,64,64,48,33,39,39,29,80,60,19,19,19,19,35,46,33,33,36,36,28,44,55,55,30,56,56,56,51,56,49,49,42,42,42,42,54,56,56,56,56,37,56,56,56,19,0],"gold":62,"neow_bonus":"HUNDRED_GOLD","is_prod":false,"is_daily":false,"chose_seed":false,"campfire_upgraded":8,"win_rate":0,"timestamp":1547165444,"path_taken":["M","?","?","M","M","R","$","R","T","R","?","E","M","M","R","BOSS","M","?","?","?","$","R","M","E","T","M","?","?","R","M","R","BOSS","M","?","M","?","M","?","M","R","T","R","M","M","$","?","R","BOSS","R","$","E","BOSS"],"build_version":"2019-01-03v4","purchased_purges":3,"victory":false,"max_hp_per_floor":[80,80,80,80,80,80,80,80,80,80,80,80,80,80,80,80,80,80,80,56,56,56,56,56,56,56,56,56,56,56,56,56,56,56,56,56,56,56,56,56,56,56,56,56,56,56,56,56,56,56,56,56,56,56,56],"card_choices":[{"not_picked":["Spot Weakness","Whirlwind"],"picked":"Disarm","floor":1},{"not_picked":["Corruption","Havoc","Warcry"],"picked":"SKIP","floor":2},{"not_picked":["Seeing Red","Corruption"],"picked":"Evolve","floor":3},{"not_picked":["Blood for Blood","Havoc"],"picked":"Wild Strike","floor":4},{"not_picked":["Rupture","Rampage"],"picked":"Clothesline","floor":5},{"not_picked":["Warcry","Shockwave"],"picked":"Infernal Blade","floor":12},{"not_picked":["Carnage","Whirlwind","Flame Barrier"],"picked":"SKIP","floor":13},{"not_picked":["Intimidate","Anger","Flex"],"picked":"SKIP","floor":13},{"not_picked":["Searing Blow","Flame Barrier"],"picked":"Uppercut","floor":14},{"not_picked":["Pummel","Combust","Juggernaut"],"picked":"SKIP","floor":14},{"not_picked":["Second Wind+1","Perfected Strike","Clash+1"],"picked":"SKIP","floor":18},{"not_picked":["Cleave","Body Slam","Blood for Blood+1"],"picked":"SKIP","floor":18},{"not_picked":["Anger+1","Shrug It Off+1"],"picked":"Wild Strike","floor":19},{"not_picked":["Flex","Iron Wave"],"picked":"Armaments","floor":24},{"not_picked":["Bloodletting","Heavy Blade","Sword Boomerang+1"],"picked":"SKIP","floor":24},{"not_picked":["Warcry","Pommel Strike","Perfected Strike"],"picked":"SKIP","floor":25},{"not_picked":["Warcry+1","Disarm+1"],"picked":"Power Through+1","floor":27},{"not_picked":["Rupture","Heavy Blade+1","Flame Barrier"],"picked":"SKIP","floor":27},{"not_picked":["Flex","Warcry"],"picked":"Reckless Charge","floor":29},{"not_picked":["Berserk","Anger","Blood for Blood"],"picked":"SKIP","floor":29},{"not_picked":["Thunderclap","Iron Wave"],"picked":"Fiend Fire","floor":31},{"not_picked":["Clothesline","Sword Boomerang+1","Headbutt"],"picked":"SKIP","floor":31},{"not_picked":["Fiend Fire","Reaper"],"picked":"Dark Embrace","floor":33},{"not_picked":["Battle Trance+1","Twin Strike"],"picked":"Ghostly Armor+1","floor":35},{"not_picked":["Heavy Blade","Pommel Strike","Headbutt"],"picked":"SKIP","floor":35},{"not_picked":["Clash+1","Pommel Strike+1"],"picked":"Wild Strike+1","floor":37},{"not_picked":["Clothesline+1","Ghostly Armor","Flex"],"picked":"SKIP","floor":37},{"not_picked":["Iron Wave","Inflame+1"],"picked":"Feel No Pain","floor":38},{"not_picked":["Offering","Body Slam"],"picked":"Metallicize+1","floor":38},{"not_picked":["Heavy Blade+1","Pommel Strike","Flame Barrier"],"picked":"SKIP","floor":39},{"not_picked":["Ghostly Armor+1","Hemokinesis+1","Havoc+1"],"picked":"SKIP","floor":39},{"not_picked":["Combust","Twin Strike+1","Pommel Strike+1"],"picked":"SKIP","floor":41},{"not_picked":["Body Slam","Impervious","Heavy Blade+1"],"picked":"SKIP","floor":41},{"not_picked":["Warcry+1","Clothesline","Cleave"],"picked":"SKIP","floor":45},{"not_picked":["Dropkick+1","Anger+1","Havoc"],"picked":"SKIP","floor":45},{"not_picked":["Sword Boomerang","Pommel Strike","Clash"],"picked":"SKIP","floor":46},{"not_picked":["Metallicize","Blood for Blood+1","Havoc"],"picked":"SKIP","floor":46},{"not_picked":["Offering","True Grit"],"picked":"Power Through+1","floor":54}],"player_experience":182431,"relics_obtained":[{"floor":9,"key":"Ornamental Fan"},{"floor":12,"key":"Prayer Wheel"},{"floor":19,"key":"Red Mask"},{"floor":25,"key":"Orichalcum"},{"floor":43,"key":"Regal Pillow"},{"floor":48,"key":"Shuriken"},{"floor":54,"key":"Bottled Flame"}],"event_choices":[{"damage_healed":0,"gold_gain":100,"player_choice":"Gold","damage_taken":0,"max_hp_gain":0,"max_hp_loss":0,"event_name":"Wheel of Change","floor":11,"gold_loss":0},{"damage_healed":0,"gold_gain":0,"player_choice":"Fought Bandits","damage_taken":0,"max_hp_gain":0,"max_hp_loss":0,"event_name":"Masked Bandits","floor":19,"gold_loss":0},{"damage_healed":0,"gold_gain":0,"player_choice":"Became a vampire","damage_taken":0,"max_hp_gain":0,"max_hp_loss":24,"event_name":"Vampires","floor":20,"gold_loss":0,"cards_obtained":["Bite","Bite","Bite","Bite","Bite"]},{"damage_healed":0,"gold_gain":0,"player_choice":"Read","damage_taken":0,"max_hp_gain":0,"max_hp_loss":0,"event_name":"The Library","floor":21,"gold_loss":0,"cards_obtained":["Battle Trance"]},{"damage_healed":0,"gold_gain":0,"player_choice":"Forge","damage_taken":0,"max_hp_gain":0,"max_hp_loss":0,"event_name":"Accursed Blacksmith","floor":28,"gold_loss":0,"cards_upgraded":["Discovery"]},{"damage_healed":0,"gold_gain":0,"player_choice":"0 cards matched","damage_taken":0,"max_hp_gain":0,"max_hp_loss":0,"event_name":"Match and Keep!","floor":36,"gold_loss":0,"cards_obtained":[]},{"damage_healed":0,"gold_gain":0,"player_choice":"Ignored","damage_taken":0,"max_hp_gain":0,"max_hp_loss":0,"event_name":"Mysterious Sphere","floor":40,"gold_loss":0}],"is_beta":false,"boss_relics":[{"not_picked":["Orrery","Snecko Eye"],"picked":"Mark of Pain"},{"not_picked":["Empty Cage","Lizard Tail"],"picked":"Sozu"}],"items_purged_floors":[7,22,47],"is_endless":false,"potions_floor_spawned":[1,2,4,13,14,18,19,24,25,35,41,45,54],"killed_by":"The Heart","ascension_level":0}