{"gold_per_floor":[110,128,145,164,174,202,185,213,213,213,213,233,233,35,35,131,131,148,63,78,96,21,21,21],"floor_reached":24,"playtime":1901,"items_purged":[],"score":210,"play_id":"d50a80f6-22a1-45f5-ba93-6ef3c84af500","local_time":"20190111025425","is_ascension_mode":false,"campfire_choices":[{"floor":11,"key":"REST"},{"data":"Acrobatics","floor":13,"key":"SMITH"},{"data":"Neutralize","floor":15,"key":"SMITH"},{"floor":23,"key":"REST"}],"neow_cost":"NONE","seed_source_timestamp":45477419237295,"circlet_count":0,"master_deck":["Defend_G","Defend_G","Defend_G","Defend_G","Strike_G","Strike_G","Strike_G","Strike_G","Survivor","Neutralize+1","Glass Knife","Dagger Spray","Acrobatics+1","Dagger Throw","Wraith Form v2+1","Deflect","Underhanded Strike","Deflect","Backflip","Corpse Explosion","Sucker Punch+1","Caltrops","Predator+1"],"relics":["Ring of the Snake","Torii","Shuriken","Pen Nib","Black Star","Mango"],"potions_floor_usage":[8,16,21,24],"damage_taken":[{"damage":0,"enemies":"2 Louse","floor":1,"turns":2},{"damage":0,"enemies":"Jaw Worm","floor":2,"turns":3},{"damage":0,"enemies":"Cultist","floor":3,"turns":3},{"damage":0,"enemies":"Large Slime","floor":4,"turns":4},{"damage":4,"enemies":"Blue Slaver","floor":5,"turns":3},{"damage":22,"enemies":"3 Sentries","floor":6,"turns":13},{"damage":11,"enemies":"Exordium Thugs","floor":7,"turns":4},{"damage":16,"enemies":"Gremlin Nob","floor":8,"turns":5},{"damage":1,"enemies":"2 Fungi Beasts","floor":12,"turns":3},{"damage":13,"enemies":"Hexaghost","floor":16,"turns":13},{"damage":8,"enemies":"Chosen","floor":18,"turns":5},{"damage":34,"enemies":"Spheric Guardian","floor":20,"turns":10},{"damage":32,"enemies":"Centurion and Healer","floor":21,"turns":6},{"damage":41,"enemies":"Slavers","floor":24,"turns":3}],"seed_played":"-3580712413643685784","potions_obtained":[{"floor":3,"key":"Weak Potion"},{"floor":5,"key":"EssenceOfSteel"},{"floor":6,"key":"AttackPotion"},{"floor":12,"key":"Block Potion"},{"floor":21,"key":"Poison Potion"}],"is_trial":false,"path_per_floor":["M","M","M","M","M","E","M","E","T","?","R","M","R","$","R","B",null,"M","?","M","M","?","R","E"],"character_chosen":"THE_SILENT","items_purchased":["Backflip","Pen Nib"],"campfire_rested":2,"item_purchase_floors":[14,14],"current_hp_per_floor":[70,70,70,70,66,44,33,17,17,17,38,37,37,37,37,24,70,62,76,42,10,10,35,0],"gold":21,"neow_bonus":"TRANSFORM_CARD","is_prod":false,"is_daily":false,"chose_seed":false,"campfire_upgraded":2,"win_rate":0,"timestamp":1547168065,"path_taken":["M","M","M","M","M","E","M","E","T","?","R","M","R","$","R","BOSS","M","?","M","M","?","R","E"],"build_version":"2019-01-03v4","purchased_purges":0,"victory":false,"max_hp_per_floor":[70,70,70,70,70,70,70,70,70,70,70,70,70,70,70,70,70,70,84,84,84,84,84,84],"card_choices":[{"not_picked":["PiercingWail","Concentrate"],"picked":"Dagger Spray","floor":1},{"not_picked":["Poisoned Stab","Finisher"],"picked":"Acrobatics","floor":2},{"not_picked":["Bane","Eviscerate"],"picked":"Dagger Throw","floor":3},{"not_picked":["Prepared","All Out Attack","Acrobatics"],"picked":"SKIP","floor":4},{"not_picked":["Deadly Poison","Riddle With Holes"],"picked":"Wraith Form v2","floor":5},{"not_picked":["Bane","Terror"],"picked":"Deflect","floor":6},{"not_picked":["Acrobatics","Quick Slash"],"picked":"Underhanded Strike","floor":7},{"not_picked":["Envenom","Dagger Throw","Venomology"],"picked":"SKIP","floor":8},{"not_picked":["Flying Knee","Expertise"],"picked":"Deflect","floor":12},{"not_picked":["Grand Finale","Envenom"],"picked":"Corpse Explosion","floor":16},{"not_picked":["Riddle With Holes","Outmaneuver"],"picked":"Sucker Punch+1","floor":18},{"not_picked":["Slice","Concentrate+1"],"picked":"Caltrops","floor":20},{"not_picked":["Deadly Poison+1","Endless Agony"],"picked":"Predator+1","floor":21}],"player_experience":186312,"relics_obtained":[{"floor":6,"key":"Torii"},{"floor":8,"key":"Shuriken"}],"event_choices":[{"damage_healed":0,"gold_gain":0,"player_choice":"Grow","damage_taken":0,"max_hp_gain":0,"max_hp_loss":0,"event_name":"Living Wall","floor":10,"gold_loss":0,"cards_upgraded":["Wraith Form v2"]},{"damage_healed":0,"gold_gain":0,"player_choice":"Obtained Relic","damage_taken":0,"relics_obtained":["Mango"],"max_hp_gain":0,"max_hp_loss":0,"event_name":"Addict","floor":19,"gold_loss":85},{"cards_removed":["Defend_G"],"damage_healed":0,"gold_gain":0,"player_choice":"Gave Gold","damage_taken":0,"max_hp_gain":0,"max_hp_loss":0,"event_name":"Beggar","floor":22,"gold_loss":75}],"is_beta":false,"boss_relics":[{"not_picked":["Busted Crown","White Beast Statue"],"picked":"Black Star"}],"items_purged_floors":[],"is_endless":false,"potions_floor_spawned":[3,5,6,7,12,21],"killed_by":"Slavers","ascension_level":0}