{"gold_per_floor":[17,17,17,35,35,35,63,81,81,81,111,111,127,52,52,127,127,137,156,156,156,156],"floor_reached":22,"playtime":799,"items_purged":["Strike_R"],"score":374,"play_id":"547ff3df-35ef-40c9-85ee-b3d0db34c1c5","local_time":"20190118215712","is_ascension_mode":true,"campfire_choices":[{"data":"Carnage","floor":6.0,"key":"SMITH"},{"data":"Fiend Fire","floor":10.0,"key":"SMITH"},{"data":"Body Slam","floor":12.0,"key":"SMITH"},{"data":"Bash","floor":15.0,"key":"SMITH"}],"neow_cost":"NO_GOLD","seed_source_timestamp":3622345308504146,"circlet_count":0,"master_deck":["AscendersBane","Defend_R","Defend_R","Defend_R","Defend_R","Bash+1","Fiend Fire+1","Double Tap","Carnage+1","Body Slam+1","Shrug It Off","Barricade+1","Dual Wield"],"special_seed":0,"relics":["Burning Blood","Champion Belt","Pantograph","Ancient Tea Set","Sozu"],"potions_floor_usage":[16,16],"damage_taken":[{"damage":9.0,"enemies":"Jaw Worm","floor":1.0,"turns":4.0},{"damage":0.0,"enemies":"Cultist","floor":4.0,"turns":3.0},{"damage":47.0,"enemies":"Lagavulin","floor":7.0,"turns":6.0},{"damage":3.0,"enemies":"Small Slimes","floor":8.0,"turns":3.0},{"damage":16.0,"enemies":"3 Sentries","floor":11.0,"turns":8.0},{"damage":9.0,"enemies":"Red Slaver","floor":13.0,"turns":2.0},{"damage":38,"enemies":"The Guardian","floor":16,"turns":5},{"damage":31,"enemies":"Shell Parasite","floor":18,"turns":4},{"damage":25,"enemies":"2 Thieves","floor":19,"turns":5},{"damage":13,"enemies":"Colosseum Slavers","floor":20,"turns":3},{"damage":11,"enemies":"Snake Plant","floor":22,"turns":1}],"seed_played":"-7638510960904797886","potions_obtained":[{"floor":4.0,"key":"LiquidBronze"},{"floor":11.0,"key":"Strength Potion"},{"floor":13.0,"key":"PowerPotion"}],"is_trial":false,"path_per_floor":["M","?","$","M","?","R","E","M","T","R","E","R","M","$","R","B",null,"M","M","?","?","M"],"character_chosen":"IRONCLAD","items_purchased":[],"campfire_rested":0,"item_purchase_floors":[],"current_hp_per_floor":[65,65,65,71,71,71,30,33,33,33,23,23,20,20,20,13,60,35,16,9,9,0],"gold":156,"neow_bonus":"TRANSFORM_TWO_CARDS","is_prod":false,"is_daily":false,"chose_seed":false,"campfire_upgraded":4,"win_rate":0,"timestamp":1547845032,"path_taken":["M","?","?","M","?","R","E","M","T","R","E","R","?","$","R","BOSS","M","M","?","?","M"],"build_version":"2019-01-17v2","purchased_purges":1,"victory":false,"max_hp_per_floor":[75,75,75,75,75,75,75,75,75,75,75,75,75,75,75,75,75,75,75,75,75,75],"card_choices":[{"not_picked":["Armaments","Burning Pact"],"picked":"Carnage","floor":4.0},{"not_picked":["Havoc","Combust","Wild Strike"],"picked":"SKIP","floor":7.0},{"not_picked":["Flex","Seeing Red"],"picked":"Shrug It Off","floor":8.0},{"not_picked":["Infernal Blade","Bludgeon","True Grit"],"picked":"SKIP","floor":11.0},{"not_picked":["Flex","Sever Soul","Heavy Blade"],"picked":"SKIP","floor":13.0},{"not_picked":["Exhume","Fiend Fire"],"picked":"Barricade","floor":16},{"not_picked":["Havoc","Fire Breathing"],"picked":"Dual Wield","floor":18},{"not_picked":["Havoc","Uppercut","Heavy Blade+1"],"picked":"SKIP","floor":19}],"player_experience":753823,"relics_obtained":[{"floor":7.0,"key":"Champion Belt"},{"floor":9.0,"key":"Pantograph"},{"floor":11.0,"key":"Ancient Tea Set"}],"event_choices":[{"cards_removed":["Strike_R"],"damage_healed":0.0,"max_hp_gain":0.0,"max_hp_loss":0.0,"gold_gain":0.0,"event_name":"Purifier","player_choice":"Purged","floor":2.0,"gold_loss":0.0,"damage_taken":0.0},{"damage_healed":0.0,"max_hp_gain":0.0,"max_hp_loss":0.0,"gold_gain":0.0,"cards_transformed":["Strike_R"],"event_name":"Transmorgrifier","player_choice":"Transformed","floor":5.0,"gold_loss":0.0,"damage_taken":0.0,"cards_obtained":["Body Slam"]},{"damage_healed":0,"gold_gain":0,"player_choice":"Fight","damage_taken":0,"max_hp_gain":0,"max_hp_loss":0,"event_name":"Colosseum","floor":20,"gold_loss":0},{"damage_healed":0,"gold_gain":0,"player_choice":"Fled From Nobs","damage_taken":0,"max_hp_gain":0,"max_hp_loss":0,"event_name":"Colosseum","floor":20,"gold_loss":0},{"damage_healed":0,"gold_gain":0,"player_choice":"Forge","damage_taken":0,"max_hp_gain":0,"max_hp_loss":0,"event_name":"Accursed Blacksmith","floor":21,"gold_loss":0,"cards_upgraded":["Barricade"]}],"is_beta":false,"boss_relics":[{"not_picked":["Ectoplasm","Empty Cage"],"picked":"Sozu"}],"items_purged_floors":[14],"is_endless":false,"potions_floor_spawned":[4,11,13,19,20],"killed_by":"Snake Plant","ascension_level":19}