{"gold_per_floor":[109,124,124,299,318,393,23,33,33,33,65,65,126,138,138,138],"floor_reached":16,"playtime":1284,"items_purged":["Regret"],"score":110,"play_id":"d7bf6a95-4881-42da-9dd0-119a905572f6","local_time":"20190110022035","is_ascension_mode":false,"campfire_choices":[{"floor":12,"key":"REST"},{"data":"Pommel Strike","floor":15,"key":"SMITH"}],"neow_cost":"NONE","seed_source_timestamp":46074825583686,"circlet_count":0,"master_deck":["Strike_R","Strike_R","Strike_R","Strike_R","Strike_R","Defend_R","Defend_R","Defend_R","Defend_R","Bash","Anger","Doubt","Shrug It Off","Iron Wave","Shrug It Off","Pommel Strike+1"],"relics":["Eternal Feather","Blue Candle","Meat on the Bone","Mummified Hand","Paper Frog","Tiny Chest"],"potions_floor_usage":[13,16],"damage_taken":[{"damage":10,"enemies":"Small Slimes","floor":1,"turns":4},{"damage":1,"enemies":"Jaw Worm","floor":2,"turns":5},{"damage":8,"enemies":"2 Louse","floor":5,"turns":3},{"damage":0,"enemies":"2 Fungi Beasts","floor":8,"turns":4},{"damage":28,"enemies":"3 Sentries","floor":11,"turns":11},{"damage":24,"enemies":"Lagavulin","floor":13,"turns":10},{"damage":12,"enemies":"Large Slime","floor":14,"turns":6},{"damage":62,"enemies":"Hexaghost","floor":16,"turns":11}],"seed_played":"-4356073294218820278","potions_obtained":[{"floor":5,"key":"SkillPotion"},{"floor":8,"key":"Ancient Potion"},{"floor":11,"key":"BloodPotion"}],"is_trial":false,"path_per_floor":["M","M","?","?","M","?","$","M","T","$","E","R","E","M","R","B"],"character_chosen":"IRONCLAD","items_purchased":["Meat on the Bone","Shrug It Off"],"campfire_rested":1,"item_purchase_floors":[7,7],"current_hp_per_floor":[70,69,69,69,61,50,50,50,50,50,34,67,43,43,52,0],"gold":138,"neow_bonus":"BOSS_RELIC","is_prod":false,"is_daily":false,"chose_seed":false,"campfire_upgraded":1,"win_rate":0,"timestamp":1547079635,"path_taken":["M","M","?","?","M","?","?","M","T","$","E","R","E","M","R","BOSS"],"build_version":"2019-01-03v4","purchased_purges":1,"victory":false,"max_hp_per_floor":[80,80,80,80,80,80,80,80,80,80,80,80,80,80,80,80],"card_choices":[{"not_picked":["Perfected Strike","Rupture","Heavy Blade"],"picked":"SKIP","floor":1},{"not_picked":["Heavy Blade","Whirlwind"],"picked":"Anger","floor":2},{"not_picked":["Thunderclap","Dual Wield","Dark Embrace"],"picked":"SKIP","floor":5},{"not_picked":["Thunderclap","Flex"],"picked":"Iron Wave","floor":8},{"not_picked":["Entrench","Infernal Blade"],"picked":"Shrug It Off","floor":11},{"not_picked":["Wild Strike","Perfected Strike","Sentinel"],"picked":"SKIP","floor":13},{"not_picked":["Cleave","Heavy Blade"],"picked":"Pommel Strike","floor":14}],"player_experience":172447,"relics_obtained":[{"floor":9,"key":"Mummified Hand"},{"floor":11,"key":"Paper Frog"},{"floor":13,"key":"Tiny Chest"}],"event_choices":[{"damage_healed":0,"gold_gain":0,"player_choice":"Box","damage_taken":0,"relics_obtained":["Blue Candle"],"max_hp_gain":0,"max_hp_loss":0,"event_name":"Big Fish","floor":3,"gold_loss":0,"cards_obtained":["Regret"]},{"damage_healed":0,"gold_gain":175,"player_choice":"AGREE","damage_taken":0,"max_hp_gain":0,"max_hp_loss":0,"event_name":"Liars Game","floor":4,"gold_loss":0,"cards_obtained":["Doubt"]},{"damage_healed":0,"gold_gain":75,"player_choice":"Gather Gold","damage_taken":11,"max_hp_gain":0,"max_hp_loss":0,"event_name":"World of Goop","floor":6,"gold_loss":0}],"is_beta":false,"boss_relics":[],"items_purged_floors":[7],"is_endless":false,"potions_floor_spawned":[5,8,11],"killed_by":"Hexaghost","ascension_level":0}