{"gold_per_floor":[113,37,37,57,1,1,26,43,43,43,68,68,99,64,64,167,167,149,149,149,159,170,170,241,241,266,284,294,294,393,411,411,411],"floor_reached":33,"playtime":1105,"items_purged":[],"score":421,"play_id":"f1325b05-220c-4c74-821f-bef4fee4d967","local_time":"20190202013335","is_ascension_mode":true,"campfire_choices":[{"data":"Noxious Fumes","floor":6.0,"key":"SMITH"},{"floor":10.0,"key":"REST"},{"data":"Noxious Fumes","floor":15.0,"key":"SMITH"},{"floor":23.0,"key":"REST"},{"data":"Footwork","floor":25.0,"key":"SMITH"},{"floor":32.0,"key":"REST"}],"neow_cost":"NONE","seed_source_timestamp":44048336404300,"circlet_count":0,"master_deck":["AscendersBane","Defend_G+1","Defend_G+1","Defend_G+1","Defend_G+1","Defend_G+1","Strike_G+1","Strike_G+1","Strike_G+1","Strike_G+1","Strike_G+1","Survivor","Neutralize","Poisoned Stab","Noxious Fumes+1","Noxious Fumes+1","Footwork+1","Envenom","Envenom","All Out Attack+1","Bane","Crippling Poison","Leg Sweep"],"special_seed":0,"relics":["Ring of the Snake","Gremlin Horn","Ninja Scroll","Potion Belt","Darkstone Periapt","Meat on the Bone","Unceasing Top","Velvet Choker","Nilry\u0027s Codex","Strawberry"],"potions_floor_usage":[33],"damage_taken":[{"damage":2.0,"enemies":"Jaw Worm","floor":1.0,"turns":5.0},{"damage":9.0,"enemies":"2 Louse","floor":4.0,"turns":2.0},{"damage":38.0,"enemies":"Gremlin Nob","floor":7.0,"turns":5.0},{"damage":0.0,"enemies":"Cultist","floor":8.0,"turns":4.0},{"damage":19.0,"enemies":"Lagavulin","floor":11.0,"turns":7.0},{"damage":20.0,"enemies":"3 Sentries","floor":13.0,"turns":6.0},{"damage":19.0,"enemies":"Hexaghost","floor":16.0,"turns":8.0},{"damage":17.0,"enemies":"2 Thieves","floor":18.0,"turns":4.0},{"damage":28.0,"enemies":"Colosseum Slavers","floor":20.0,"turns":5.0},{"damage":12.0,"enemies":"Spheric Guardian","floor":21.0,"turns":5.0},{"damage":7.0,"enemies":"3 Cultists","floor":22.0,"turns":4.0},{"damage":26.0,"enemies":"Snecko","floor":27.0,"turns":5.0},{"damage":30.0,"enemies":"Snake Plant","floor":28.0,"turns":4.0},{"damage":6.0,"enemies":"3 Cultists","floor":31.0,"turns":5.0},{"damage":68,"enemies":"Champ","floor":33,"turns":8}],"seed_played":"9118475098165958809","potions_obtained":[{"floor":8.0,"key":"Regen Potion"},{"floor":11.0,"key":"EntropicBrew"},{"floor":21.0,"key":"SpeedPotion"},{"floor":22.0,"key":"PowerPotion"}],"is_trial":false,"path_per_floor":["M","$","?","M","?","R","E","M","T","R","E","?","E","?","R","B",null,"M","?","?","M","M","R","T","R","T","M","M","?","?","M","R","B"],"character_chosen":"THE_SILENT","items_purchased":["Noxious Fumes"],"campfire_rested":3,"item_purchase_floors":[2],"current_hp_per_floor":[61,61,66,57,57,57,19,19,19,41,37,34,26,44,44,37,66,49,33,17,17,22,44,44,44,51,37,19,19,19,25,49,0],"gold":411,"neow_bonus":"THREE_CARDS","is_prod":false,"is_daily":false,"chose_seed":false,"campfire_upgraded":3,"win_rate":0,"timestamp":1549064015,"path_taken":["M","$","?","M","?","R","E","?","T","R","E","?","E","?","R","BOSS","M","?","?","M","M","R","?","R","T","M","M","?","?","M","R","BOSS"],"build_version":"2019-01-23","purchased_purges":0,"victory":false,"max_hp_per_floor":[70,70,75,75,75,75,75,75,75,75,75,75,75,75,75,75,75,75,75,75,75,75,75,75,75,82,82,82,82,82,82,82,82],"card_choices":[{"not_picked":["Underhanded Strike","Dagger Throw"],"picked":"Poisoned Stab","floor":0.0},{"not_picked":["Deadly Poison","Blur"],"picked":"Noxious Fumes","floor":1.0},{"not_picked":["Backflip","Concentrate","Underhanded Strike"],"picked":"SKIP","floor":4.0},{"not_picked":["Slice","Blade Dance"],"picked":"Footwork","floor":7.0},{"not_picked":["Prepared","Sucker Punch","Dodge and Roll"],"picked":"SKIP","floor":8.0},{"not_picked":["Dagger Spray","PiercingWail"],"picked":"Envenom","floor":11.0},{"not_picked":["Masterful Stab","Backflip","Concentrate"],"picked":"SKIP","floor":13.0},{"not_picked":["Burst","Wraith Form v2"],"picked":"Envenom","floor":16.0},{"not_picked":["Finisher","Deadly Poison"],"picked":"All Out Attack+1","floor":18.0},{"not_picked":["Expertise","Poisoned Stab"],"picked":"Bane","floor":21.0},{"not_picked":["Underhanded Strike","Bane","Flechettes"],"picked":"SKIP","floor":22.0},{"not_picked":["Deflect","Escape Plan+1"],"picked":"Crippling Poison","floor":27.0},{"not_picked":["Slice","Expertise+1","Bane"],"picked":"SKIP","floor":28.0},{"not_picked":["Deadly Poison+1","Predator"],"picked":"Leg Sweep","floor":31.0}],"player_experience":561637,"relics_obtained":[{"floor":7.0,"key":"Ninja Scroll"},{"floor":9.0,"key":"Potion Belt"},{"floor":11.0,"key":"Darkstone Periapt"},{"floor":13.0,"key":"Unceasing Top"},{"floor":19.0,"key":"Nilry\u0027s Codex"},{"floor":26.0,"key":"Strawberry"}],"event_choices":[{"damage_healed":0.0,"max_hp_gain":5.0,"max_hp_loss":0.0,"gold_gain":0.0,"event_name":"Big Fish","player_choice":"Donut","floor":3.0,"gold_loss":0.0,"damage_taken":0.0},{"damage_healed":0.0,"max_hp_gain":0.0,"max_hp_loss":0.0,"gold_gain":0.0,"event_name":"WeMeetAgain","player_choice":"Paid Gold","floor":5.0,"gold_loss":56.0,"damage_taken":0.0,"relics_obtained":["Gremlin Horn"]},{"damage_healed":0.0,"max_hp_gain":0.0,"max_hp_loss":0.0,"gold_gain":0.0,"event_name":"Scrap Ooze","player_choice":"Success","floor":12.0,"gold_loss":0.0,"damage_taken":3.0,"relics_obtained":["Meat on the Bone"]},{"damage_healed":18.0,"max_hp_gain":0.0,"max_hp_loss":0.0,"gold_gain":0.0,"event_name":"The Cleric","player_choice":"Healed","floor":14.0,"gold_loss":35.0,"damage_taken":0.0},{"damage_healed":0.0,"max_hp_gain":0.0,"max_hp_loss":0.0,"gold_gain":0.0,"event_name":"Cursed Tome","player_choice":"Obtained Book","floor":19.0,"gold_loss":0.0,"damage_taken":16.0},{"damage_healed":0.0,"max_hp_gain":0.0,"max_hp_loss":0.0,"gold_gain":0.0,"event_name":"Colosseum","player_choice":"Fight","floor":20.0,"gold_loss":0.0,"damage_taken":0.0},{"damage_healed":0.0,"max_hp_gain":0.0,"max_hp_loss":0.0,"gold_gain":0.0,"event_name":"Colosseum","player_choice":"Fled From Nobs","floor":20.0,"gold_loss":0.0,"damage_taken":0.0},{"damage_healed":0.0,"max_hp_gain":0.0,"max_hp_loss":0.0,"gold_gain":0.0,"event_name":"Back to Basics","player_choice":"Simplicity","floor":29.0,"gold_loss":0.0,"damage_taken":0.0,"cards_upgraded":["Defend_G","Defend_G","Defend_G","Defend_G","Defend_G","Strike_G","Strike_G","Strike_G","Strike_G","Strike_G"]},{"damage_healed":0.0,"max_hp_gain":0.0,"max_hp_loss":0.0,"gold_gain":99.0,"event_name":"Nest","player_choice":"Stole From Cult","floor":30.0,"gold_loss":0.0,"damage_taken":0.0}],"is_beta":false,"boss_relics":[{"not_picked":["Fusion Hammer","Calling Bell"],"picked":"Velvet Choker"}],"items_purged_floors":[],"is_endless":false,"potions_floor_spawned":[8,11,20,21,22],"killed_by":"Champ","ascension_level":12}