{"gold_per_floor":[113,124,124,136,149,164,131,146,193,205,230,242,264,295,307,417,429,452,137,137,152,152,152,164,164,164,182,182],"floor_reached":28,"playtime":1128,"items_purged":[],"score":216,"play_id":"cb1e0e1c-f1c6-46de-8dfc-6685697edd7e","local_time":"20180730124723","is_ascension_mode":false,"campfire_choices":[{"floor":10,"key":"REST"},{"data":"Electrodynamics","floor":12,"key":"SMITH"},{"data":"Barrage","floor":15,"key":"SMITH"},{"data":"Self Repair","floor":23,"key":"SMITH"},{"data":"Redo","floor":25,"key":"SMITH"}],"neow_cost":"NONE","seed_source_timestamp":735285698093679,"circlet_count":0,"master_deck":["Strike_B","Strike_B","Strike_B","Strike_B","Defend_B","Defend_B","Defend_B","Defend_B","Zap+1","Dualcast","Barrage+1","Steam","Sweeping Beam","FTL","Redo+1","Ball Lightning","Reprogram","Electrodynamics+1","Stack","Stack","Creative AI+1","Barrage+1","Self Repair+1","Injury","Tempest+1","Leap","Regret","Conserve Battery"],"relics":["Cracked Core","MawBank","Cursed Key","Bottled Tornado","Bottled Lightning"],"potions_floor_usage":[21,28,28],"damage_taken":[{"damage":0,"enemies":"Cultist","floor":1,"turns":4},{"damage":0,"enemies":"Jaw Worm","floor":2,"turns":4},{"damage":2,"enemies":"2 Louse","floor":4,"turns":2},{"damage":14,"enemies":"Exordium Thugs","floor":5,"turns":4},{"damage":13,"enemies":"Red Slaver","floor":6,"turns":4},{"damage":0,"enemies":"Large Slime","floor":8,"turns":4},{"damage":5,"enemies":"Looter","floor":11,"turns":3},{"damage":7,"enemies":"Blue Slaver","floor":13,"turns":2},{"damage":8,"enemies":"Red Slaver","floor":14,"turns":2},{"damage":11,"enemies":"Slime Boss","floor":16,"turns":6},{"damage":17,"enemies":"Shell Parasite","floor":18,"turns":6},{"damage":4,"enemies":"3 Byrds","floor":21,"turns":3},{"damage":29,"enemies":"Sentry and Sphere","floor":24,"turns":5},{"damage":32,"enemies":"Snake Plant","floor":27,"turns":4},{"damage":35,"enemies":"Slavers","floor":28,"turns":3}],"seed_played":"-2471931018037903471","potions_obtained":[{"floor":2,"key":"EssenceOfSteel"},{"floor":5,"key":"GamblersBrew"},{"floor":8,"key":"Explosive Potion"}],"is_trial":false,"path_per_floor":["M","M","?","M","M","M","?","M","T","R","M","R","M","M","R","B",null,"M","$","?","M","?","R","M","R","T","M"],"character_chosen":"DEFECT","items_purchased":["Self Repair","Bottled Tornado"],"campfire_rested":1,"item_purchase_floors":[19,19],"current_hp_per_floor":[75,75,75,73,59,46,46,46,46,68,63,63,56,48,48,37,75,58,58,58,61,75,75,56,56,56,34,0],"gold":182,"neow_bonus":"THREE_CARDS","is_prod":false,"is_daily":false,"chose_seed":false,"campfire_upgraded":4,"win_rate":0.0,"timestamp":1532947643,"path_taken":["M","?","?","M","M","?","?","?","T","R","M","R","M","M","R","BOSS","M","$","?","M","?","R","M","R","T","?","E"],"build_version":"2018-07-26","purchased_purges":0,"victory":false,"max_hp_per_floor":[75,75,75,75,75,75,75,75,75,75,75,75,75,75,75,75,75,75,75,75,75,75,75,75,75,75,75,75],"card_choices":[{"not_picked":["Gash","Sweeping Beam"],"picked":"Barrage","floor":0},{"not_picked":["Stack","Cold Snap"],"picked":"Steam","floor":1},{"not_picked":["Force Field","Coolheaded"],"picked":"Sweeping Beam","floor":2},{"not_picked":["Compile Driver","Chill"],"picked":"FTL","floor":4},{"not_picked":["Undo","Hello World"],"picked":"Redo","floor":5},{"not_picked":["Rebound","Sweeping Beam"],"picked":"Ball Lightning","floor":6},{"not_picked":["Stack","Force Field"],"picked":"Reprogram","floor":8},{"not_picked":["Gash","Reinforced Body"],"picked":"Electrodynamics","floor":11},{"not_picked":["Compile Driver","Go for the Eyes"],"picked":"Stack","floor":13},{"not_picked":["Force Field","Go for the Eyes"],"picked":"Stack","floor":14},{"not_picked":["Amplify","Biased Cognition"],"picked":"Creative AI","floor":16},{"not_picked":["Hologram","Leap"],"picked":"Barrage+1","floor":18},{"not_picked":["Melter+1","Stack"],"picked":"Tempest+1","floor":21},{"not_picked":["Cold Snap","Barrage+1"],"picked":"Leap","floor":24},{"not_picked":["Cold Snap","Fusion+1"],"picked":"Conserve Battery","floor":27}],"player_experience":228520,"relics_obtained":[{"floor":9,"key":"MawBank"},{"floor":26,"key":"Bottled Lightning"}],"event_choices":[{"event_name":"Living Wall","player_choice":"Grow","floor":3,"damage_taken":0},{"event_name":"World of Goop","player_choice":"Left","floor":7,"damage_taken":0},{"event_name":"Accursed Blacksmith","player_choice":"Forge","floor":20,"damage_taken":0},{"event_name":"The Library","player_choice":"Heal","floor":22,"damage_taken":0}],"is_beta":false,"boss_relics":[{"not_picked":["Lizard Tail","Runic Pyramid"],"picked":"Cursed Key"}],"items_purged_floors":[],"is_endless":false,"potions_floor_spawned":[2,5,8,11,14,18],"killed_by":"Slavers","ascension_level":0}