{"gold_per_floor":[116,133,133,148,118,144,169,197,222,251,251,268,300,320,320,421,421,436,449,130,130,130,130,159,159,238,257,286,320,332,332,332,434,434,444,456,4,4,15,15,41,61,61,61,61,92,107,55,55,55],"floor_reached":51,"playtime":4493,"items_purged":[],"score":775,"play_id":"a43e0b6a-777e-49f6-8e17-a4ae301a3226","local_time":"20181205190843","is_ascension_mode":false,"campfire_choices":[{"floor":15.0,"key":"REST"},{"data":"Perfected Strike","floor":23.0,"key":"SMITH"},{"data":"Demon Form","floor":25.0,"key":"SMITH"},{"floor":32.0,"key":"REST"},{"data":"Perfected Strike","floor":40,"key":"SMITH"},{"data":"Impervious","floor":49,"key":"SMITH"}],"neow_cost":"NONE","seed_source_timestamp":0,"circlet_count":0,"master_deck":["Strike_R","Strike_R","Strike_R","Strike_R","Strike_R","Defend_R","Defend_R","Defend_R","Ghostly Armor","Twin Strike","Power Through","Pommel Strike","Clothesline","Seeing Red","Double Tap","Feed","Anger","Carnage","Impervious+1","Carnage","Inflame","Perfected Strike+1","Demon Form+1","Twin Strike+1","Ghostly Armor","Perfected Strike+1","Double Tap","Wild Strike+1","Wild Strike"],"special_seed":0,"relics":["Burning Blood","NeowsBlessing","Strawberry","Odd Mushroom","Centennial Puzzle","Omamori","Boot","Dead Branch","Snecko Eye","StoneCalendar","Regal Pillow","Question Card","Red Mask","Pocketwatch","White Beast Statue","Sling","Gremlin Horn","Oddly Smooth Stone","FossilizedHelix","Thread and Needle","Pantograph"],"potions_floor_usage":[35,50,50],"damage_taken":[{"damage":0.0,"enemies":"Cultist","floor":1.0,"turns":1.0},{"damage":0.0,"enemies":"Jaw Worm","floor":2.0,"turns":1.0},{"damage":0.0,"enemies":"Small Slimes","floor":4.0,"turns":1.0},{"damage":0.0,"enemies":"Looter","floor":5.0,"turns":4.0},{"damage":19.0,"enemies":"Lagavulin","floor":6.0,"turns":9.0},{"damage":5.0,"enemies":"The Mushroom Lair","floor":7.0,"turns":6.0},{"damage":30.0,"enemies":"3 Sentries","floor":8.0,"turns":9.0},{"damage":11.0,"enemies":"Gremlin Nob","floor":10.0,"turns":4.0},{"damage":5.0,"enemies":"Lots of Slimes","floor":12.0,"turns":6.0},{"damage":27.0,"enemies":"Lagavulin","floor":13.0,"turns":7.0},{"damage":5.0,"enemies":"3 Louse","floor":14.0,"turns":2.0},{"damage":70.0,"enemies":"Slime Boss","floor":16.0,"turns":14.0},{"damage":0.0,"enemies":"2 Thieves","floor":18.0,"turns":4.0},{"damage":10.0,"enemies":"Shell Parasite","floor":19.0,"turns":4.0},{"damage":0.0,"enemies":"Snake Plant","floor":22.0,"turns":2.0},{"damage":21.0,"enemies":"Book of Stabbing","floor":24.0,"turns":7.0},{"damage":0.0,"enemies":"Shelled Parasite and Fungi","floor":27.0,"turns":4.0},{"damage":2.0,"enemies":"Masked Bandits","floor":28.0,"turns":3.0},{"damage":15.0,"enemies":"Slavers","floor":29.0,"turns":4.0},{"damage":12.0,"enemies":"Centurion and Healer","floor":30.0,"turns":4.0},{"damage":35.0,"enemies":"Automaton","floor":33.0,"turns":7.0},{"damage":2,"enemies":"3 Shapes","floor":35,"turns":5},{"damage":9,"enemies":"3 Darklings","floor":36,"turns":3},{"damage":15,"enemies":"Spire Growth","floor":39,"turns":4},{"damage":6,"enemies":"Reptomancer","floor":41,"turns":5},{"damage":0,"enemies":"Writhing Mass","floor":42,"turns":4},{"damage":7,"enemies":"Giant Head","floor":46,"turns":7},{"damage":0,"enemies":"4 Shapes","floor":47,"turns":5},{"damage":51,"enemies":"Time Eater","floor":50,"turns":6}],"seed_played":"4152792017859246496","potions_obtained":[{"floor":1.0,"key":"Block Potion"},{"floor":2.0,"key":"Swift Potion"},{"floor":7.0,"key":"BloodPotion"},{"floor":8.0,"key":"GamblersBrew"},{"floor":12.0,"key":"Dexterity Potion"},{"floor":16.0,"key":"SmokeBomb"},{"floor":19.0,"key":"Ancient Potion"},{"floor":27.0,"key":"FairyPotion"},{"floor":29.0,"key":"Explosive Potion"},{"floor":33.0,"key":"Fruit Juice"},{"floor":35,"key":"Ancient Potion"},{"floor":36,"key":"Swift Potion"},{"floor":39,"key":"Fire Potion"},{"floor":42,"key":"SteroidPotion"},{"floor":47,"key":"Strength Potion"}],"is_trial":false,"path_per_floor":["M","M","?","M","M","E","?","E","T","E","?","M","E","M","R","B",null,"M","M","$","?","M","R","E","R","T","M","?","E","M","?","R","B",null,"M","M","$","?","M","R","E","M","T","?","$","E","M","$","R","B",null],"character_chosen":"IRONCLAD","items_purchased":["StoneCalendar","Inflame","Sling","Gremlin Horn","Strength Potion"],"campfire_rested":2,"item_purchase_floors":[20,20,37,37,48],"current_hp_per_floor":[80,80,80,80,80,74,75,51,51,54,54,58,40,44,72,8,96,99,95,95,95,99,99,84,84,84,90,94,88,85,85,105,76,105,113,110,110,110,101,101,101,107,107,107,107,106,112,112,112,68],"gold":55,"neow_bonus":"THREE_ENEMY_KILL","is_prod":false,"is_daily":false,"chose_seed":false,"campfire_upgraded":4,"win_rate":0,"timestamp":1544033323,"path_taken":["M","?","?","M","M","E","?","E","T","E","?","M","E","?","R","BOSS","M","M","$","?","M","R","E","R","T","M","?","E","M","?","R","BOSS","M","M","$","?","?","R","E","?","T","?","$","E","M","$","R","BOSS"],"build_version":"2018-11-15","purchased_purges":0,"victory":true,"max_hp_per_floor":[80,80,80,80,80,87,87,87,87,87,87,90,93,96,96,96,96,99,99,99,99,99,99,99,99,99,99,99,102,105,105,105,105,105,113,113,113,113,113,113,113,113,113,113,113,113,113,113,113,113],"card_choices":[{"not_picked":["Searing Blow","Body Slam"],"picked":"Ghostly Armor","floor":1.0},{"not_picked":["Iron Wave","Sever Soul"],"picked":"Twin Strike","floor":2.0},{"not_picked":["Iron Wave","Thunderclap","Body Slam"],"picked":"SKIP","floor":4.0},{"not_picked":["Evolve","Iron Wave"],"picked":"Pommel Strike","floor":5.0},{"not_picked":["Berserk","Pummel"],"picked":"Clothesline","floor":6.0},{"not_picked":["True Grit","Shockwave"],"picked":"Seeing Red","floor":7.0},{"not_picked":["Evolve","Headbutt"],"picked":"Double Tap","floor":8.0},{"not_picked":["Cleave","Bloodletting"],"picked":"Feed","floor":10.0},{"not_picked":["Disarm","Cleave"],"picked":"Anger","floor":12.0},{"not_picked":["Blood for Blood","Evolve"],"picked":"Carnage","floor":13.0},{"not_picked":["Clothesline","Battle Trance","Fire Breathing"],"picked":"SKIP","floor":14.0},{"not_picked":["Dark Embrace","Double Tap"],"picked":"Impervious","floor":16.0},{"not_picked":["Cleave","Warcry"],"picked":"Carnage","floor":18.0},{"not_picked":["Flame Barrier","Entrench","Iron Wave+1"],"picked":"SKIP","floor":19.0},{"not_picked":["Body Slam","Thunderclap"],"picked":"Demon Form","floor":24.0},{"not_picked":["Sword Boomerang+1","Corruption","Dropkick+1","Metallicize"],"picked":"SKIP","floor":27.0},{"not_picked":["Armaments","Hemokinesis","Anger"],"picked":"Twin Strike+1","floor":28.0},{"not_picked":["Thunderclap+1","Clothesline","Shrug It Off"],"picked":"Ghostly Armor","floor":29.0},{"not_picked":["Clothesline+1","Sword Boomerang","Entrench"],"picked":"Perfected Strike","floor":30.0},{"not_picked":["Exhume","Reaper","Dark Embrace"],"picked":"Double Tap","floor":33.0},{"not_picked":["Havoc","True Grit+1","Second Wind"],"picked":"Wild Strike+1","floor":35},{"not_picked":["Dropkick+1","Infernal Blade+1","Clash","Burning Pact+1"],"picked":"SKIP","floor":36},{"not_picked":["Hemokinesis","Clothesline+1","Flame Barrier","Dark Embrace"],"picked":"SKIP","floor":39},{"not_picked":["Dropkick+1","Ghostly Armor","Flex","Havoc+1"],"picked":"SKIP","floor":41},{"not_picked":["Reckless Charge","Fire Breathing+1","Cleave+1","Thunderclap"],"picked":"SKIP","floor":42},{"not_picked":["Iron Wave","Armaments+1","True Grit","Infernal Blade+1"],"picked":"SKIP","floor":46},{"not_picked":["Intimidate","Infernal Blade","Headbutt+1"],"picked":"Wild Strike","floor":47}],"player_experience":141453,"relics_obtained":[{"floor":6.0,"key":"Strawberry"},{"floor":7.0,"key":"Odd Mushroom"},{"floor":8.0,"key":"Centennial Puzzle"},{"floor":9.0,"key":"Omamori"},{"floor":10.0,"key":"Boot"},{"floor":13.0,"key":"Dead Branch"},{"floor":24.0,"key":"Regal Pillow"},{"floor":26.0,"key":"Question Card"},{"floor":28.0,"key":"Red Mask"},{"floor":29.0,"key":"Pocketwatch"},{"floor":41,"key":"FossilizedHelix"},{"floor":43,"key":"Thread and Needle"},{"floor":46,"key":"Pantograph"}],"event_choices":[{"damage_healed":0.0,"max_hp_gain":0.0,"max_hp_loss":0.0,"gold_gain":0.0,"cards_transformed":["Bash"],"event_name":"Living Wall","player_choice":"Change","floor":3.0,"gold_loss":0.0,"damage_taken":0.0,"cards_obtained":["Power Through"]},{"damage_healed":0.0,"max_hp_gain":0.0,"max_hp_loss":0.0,"gold_gain":0.0,"event_name":"Mushrooms","player_choice":"Fought Mushrooms","floor":7.0,"gold_loss":0.0,"damage_taken":0.0},{"cards_removed":["Defend_R"],"damage_healed":0.0,"max_hp_gain":0.0,"max_hp_loss":0.0,"gold_gain":0.0,"event_name":"Wheel of Change","player_choice":"Card Removal","floor":11.0,"gold_loss":0.0,"damage_taken":0.0},{"damage_healed":0.0,"max_hp_gain":0.0,"max_hp_loss":0.0,"gold_gain":0.0,"event_name":"The Library","player_choice":"Read","floor":21.0,"gold_loss":0.0,"damage_taken":0.0,"cards_obtained":["Perfected Strike"]},{"damage_healed":0.0,"max_hp_gain":0.0,"max_hp_loss":0.0,"gold_gain":0.0,"event_name":"Masked Bandits","player_choice":"Fought Bandits","floor":28.0,"gold_loss":0.0,"damage_taken":0.0},{"damage_healed":0.0,"max_hp_gain":0.0,"max_hp_loss":0.0,"gold_gain":0.0,"event_name":"Ghosts","player_choice":"Ignored","floor":31.0,"gold_loss":0.0,"damage_taken":0.0},{"damage_healed":0,"gold_gain":0,"player_choice":"Gave Potion","damage_taken":0,"relics_obtained":["Oddly Smooth Stone"],"max_hp_gain":0,"max_hp_loss":0,"event_name":"WeMeetAgain","floor":38,"gold_loss":0},{"damage_healed":0,"gold_gain":0,"player_choice":"Ignored","damage_taken":0,"max_hp_gain":0,"max_hp_loss":0,"event_name":"Mysterious Sphere","floor":44,"gold_loss":0}],"is_beta":false,"boss_relics":[{"not_picked":["Coffee Dripper","Runic Cube"],"picked":"Snecko Eye"},{"not_picked":["Runic Dome","Velvet Choker"],"picked":"White Beast Statue"}],"items_purged_floors":[],"is_endless":false,"potions_floor_spawned":[1,2,7,8,12,16,19,27,29,33,35,36,39,41,42,46,47],"ascension_level":0}