{"gold_per_floor":[117,134,134,34,54,54,83,83,83,158,158,172,204,220,220,220],"floor_reached":16,"playtime":630,"items_purged":["Strike_R"],"score":116,"play_id":"4850663a-097b-4517-9906-5329492e48f2","local_time":"20180802220056","is_ascension_mode":true,"campfire_choices":[{"data":"Shrug It Off","floor":6,"key":"SMITH"},{"floor":11,"key":"REST"},{"floor":15,"key":"REST"}],"neow_cost":"NONE","seed_source_timestamp":301649504621971,"circlet_count":0,"master_deck":["Strike_R","Strike_R","Strike_R","Strike_R","Defend_R","Defend_R","Defend_R","Defend_R","Bash+1","Shrug It Off+1","Burning Pact","Flex","Shrug It Off","Whirlwind","Rupture"],"relics":["Burning Blood","Letter Opener","Ancient Tea Set","Centennial Puzzle","Strawberry"],"potions_floor_usage":[13,16,16],"damage_taken":[{"damage":1,"enemies":"2 Louse","floor":1,"turns":3},{"damage":1,"enemies":"Cultist","floor":2,"turns":4},{"damage":3,"enemies":"Jaw Worm","floor":5,"turns":3},{"damage":46,"enemies":"3 Sentries","floor":7,"turns":12},{"damage":0,"enemies":"Looter","floor":12,"turns":4},{"damage":38,"enemies":"Gremlin Nob","floor":13,"turns":5},{"damage":5,"enemies":"Blue Slaver","floor":14,"turns":5},{"damage":66,"enemies":"The Guardian","floor":16,"turns":13}],"seed_played":"-4807571072925334638","potions_obtained":[{"floor":3,"key":"EntropicBrew"},{"floor":3,"key":"Fire Potion"},{"floor":3,"key":"Strength Potion"},{"floor":5,"key":"Swift Potion"},{"floor":13,"key":"GamblersBrew"},{"floor":14,"key":"BloodPotion"}],"is_trial":false,"path_per_floor":["M","M","?","$","M","R","E","?","T","?","R","M","E","M","R"],"character_chosen":"IRONCLAD","items_purchased":["Flex"],"campfire_rested":2,"item_purchase_floors":[4],"current_hp_per_floor":[80,80,80,80,80,80,40,37,37,26,50,56,31,32,58,0],"gold":220,"neow_bonus":"UPGRADE_CARD","is_prod":false,"is_daily":false,"chose_seed":false,"campfire_upgraded":1,"win_rate":0,"timestamp":1533218456,"path_taken":["M","M","?","$","M","R","E","?","T","?","R","?","E","M","R","BOSS"],"build_version":"2018-07-26","purchased_purges":1,"victory":false,"max_hp_per_floor":[80,80,80,80,80,80,80,80,80,80,80,80,87,87,87,87],"card_choices":[{"not_picked":["Flex","Power Through"],"picked":"Shrug It Off","floor":1},{"not_picked":["Fire Breathing","Pommel Strike"],"picked":"Burning Pact","floor":2},{"not_picked":["Cleave","Anger","Pommel Strike"],"picked":"SKIP","floor":5},{"not_picked":["Anger","Dark Embrace"],"picked":"Shrug It Off","floor":7},{"not_picked":["Second Wind","Anger"],"picked":"Whirlwind","floor":12},{"not_picked":["Shrug It Off","Fire Breathing","Pummel"],"picked":"SKIP","floor":13},{"not_picked":["Pommel Strike","Warcry"],"picked":"Rupture","floor":14}],"player_experience":152122,"relics_obtained":[{"floor":7,"key":"Letter Opener"},{"floor":9,"key":"Centennial Puzzle"},{"floor":13,"key":"Strawberry"}],"event_choices":[{"event_name":"The Lab","player_choice":"Got Potions","floor":3,"damage_taken":0},{"event_name":"Scrap Ooze","player_choice":"success","floor":8,"damage_taken":3},{"event_name":"World of Goop","player_choice":"Gather Gold","floor":10,"damage_taken":0}],"is_beta":false,"boss_relics":[],"items_purged_floors":[4],"is_endless":false,"potions_floor_spawned":[5,13,14],"killed_by":"The Guardian","ascension_level":1}