{"gold_per_floor":[114,132,132,20,33,65,65,99,99,126,141,141,157,173,173,275,275,285,299,19,19,19,48,72,89,112,112,122,133,146,157,157,259,259,278,278,292,308,308,308,308,308,334,350,376,386,386,405,405,405],"floor_reached":50,"playtime":5322,"items_purged":["Strike_B"],"score":608,"play_id":"c7d9eff7-ca37-4355-b2ed-2db64e474753","local_time":"20190122181003","is_ascension_mode":false,"campfire_choices":[{"data":"Rainbow","floor":12,"key":"SMITH"},{"data":"Loop","floor":15,"key":"SMITH"},{"floor":27,"key":"REST"},{"floor":32,"key":"REST"},{"floor":40,"key":"REST"},{"floor":42,"key":"REST"},{"floor":47,"key":"REST"},{"floor":49,"key":"REST"}],"neow_cost":"NONE","seed_source_timestamp":614417435935035,"circlet_count":0,"master_deck":["Strike_B+1","Defend_B","Defend_B","Defend_B","Defend_B","Zap","Dualcast","Ball Lightning","Auto Shields","Chaos","Loop+1","Rainbow+1","Coolheaded","Conserve Battery","Ball Lightning+1","Rebound","Barrage","Multi-Cast","Melter","Fusion","Stack","Hello World","Thunder Strike","Auto Shields","Steam Power","Electrodynamics","Chaos","Rainbow","Doom and Gloom","Madness","Madness","Go for the Eyes","Parasite","Machine Learning","Hologram","FTL+1","Consume+1","Force Field","Rainbow","Reboot"],"relics":["Cracked Core","PreservedInsect","Shuriken","Happy Flower","Strawberry","Bag of Marbles","Fusion Hammer","Frozen Eye","Boot","Dream Catcher","Whetstone","Sozu","Anchor","Bottled Tornado"],"potions_floor_usage":[8,16,16,19,29,33,33,33,33,33,33,50],"damage_taken":[{"damage":2,"enemies":"Jaw Worm","floor":1,"turns":4},{"damage":0,"enemies":"Cultist","floor":2,"turns":3},{"damage":3,"enemies":"Small Slimes","floor":5,"turns":3},{"damage":0,"enemies":"Gremlin Nob","floor":6,"turns":3},{"damage":5,"enemies":"3 Sentries","floor":8,"turns":4},{"damage":10,"enemies":"Blue Slaver","floor":11,"turns":2},{"damage":0,"enemies":"Looter","floor":13,"turns":3},{"damage":0,"enemies":"2 Fungi Beasts","floor":14,"turns":3},{"damage":0,"enemies":"Slime Boss","floor":16,"turns":4},{"damage":16,"enemies":"3 Byrds","floor":18,"turns":4},{"damage":9,"enemies":"2 Thieves","floor":19,"turns":3},{"damage":13,"enemies":"Book of Stabbing","floor":23,"turns":4},{"damage":25,"enemies":"Shelled Parasite and Fungi","floor":25,"turns":5},{"damage":7,"enemies":"Snake Plant","floor":28,"turns":3},{"damage":0,"enemies":"Cultist and Chosen","floor":29,"turns":6},{"damage":6,"enemies":"Centurion and Healer","floor":30,"turns":4},{"damage":12,"enemies":"Snake Plant","floor":31,"turns":3},{"damage":17,"enemies":"Automaton","floor":33,"turns":6},{"damage":15,"enemies":"3 Darklings","floor":35,"turns":3},{"damage":0,"enemies":"3 Shapes","floor":37,"turns":2},{"damage":19,"enemies":"Writhing Mass","floor":38,"turns":4},{"damage":37,"enemies":"3 Darklings","floor":44,"turns":4},{"damage":14,"enemies":"Giant Head","floor":45,"turns":6},{"damage":0,"enemies":"Jaw Worm Horde","floor":46,"turns":2},{"damage":30,"enemies":"Maw","floor":48,"turns":5},{"damage":65,"enemies":"Time Eater","floor":50,"turns":6}],"seed_played":"1919602683119160520","potions_obtained":[{"floor":2,"key":"FocusPotion"},{"floor":11,"key":"AttackPotion"},{"floor":13,"key":"Fire Potion"},{"floor":14,"key":"PowerPotion"},{"floor":16,"key":"FearPotion"},{"floor":18,"key":"EntropicBrew"},{"floor":19,"key":"SteroidPotion"},{"floor":28,"key":"EssenceOfSteel"},{"floor":31,"key":"FocusPotion"},{"floor":33,"key":"Poison Potion"}],"is_trial":false,"path_per_floor":["M","M","?","$","M","E","?","E","T","T","M","R","M","M","R","B",null,"M","M","$","?","?","E","T","M","T","R","M","M","M","M","R","B",null,"M","?","M","M","?","R","?","R","T","M","E","M","R","M","R","B"],"character_chosen":"DEFECT","items_purchased":["Chaos","Loop","Frozen Eye"],"campfire_rested":6,"item_purchase_floors":[4,4,20],"current_hp_per_floor":[73,73,73,73,70,70,63,58,65,65,55,55,55,55,55,55,82,66,57,57,57,41,28,28,3,3,29,22,22,16,4,30,13,87,72,61,61,42,42,68,68,87,87,50,36,36,62,32,58,0],"gold":405,"neow_bonus":"REMOVE_CARD","is_prod":false,"is_daily":false,"chose_seed":false,"campfire_upgraded":2,"win_rate":0.0,"timestamp":1548148203,"path_taken":["M","M","?","?","M","E","?","E","T","?","M","R","M","M","R","BOSS","M","M","$","?","?","E","?","M","T","R","?","M","M","M","R","BOSS","M","?","M","M","?","R","?","R","T","M","E","?","R","M","R","BOSS"],"build_version":"2019-01-17v2","purchased_purges":1,"victory":false,"max_hp_per_floor":[75,75,75,75,75,75,75,75,82,82,82,82,82,82,82,82,82,82,82,82,82,87,87,87,87,87,87,87,87,87,87,87,87,87,87,87,87,87,87,87,87,87,87,87,87,87,87,87,87,87],"card_choices":[{"not_picked":["Compile Driver","Leap"],"picked":"Ball Lightning","floor":1},{"not_picked":["Rebound","Gash"],"picked":"Auto Shields","floor":2},{"not_picked":["Leap","Glacier"],"picked":"Rainbow","floor":5},{"not_picked":["Gash","Compile Driver"],"picked":"Coolheaded","floor":6},{"not_picked":["Rip and Tear","Leap"],"picked":"Conserve Battery","floor":8},{"not_picked":["Coolheaded","Genetic Algorithm"],"picked":"Ball Lightning","floor":11},{"not_picked":["Compile Driver","Ball Lightning"],"picked":"Rebound","floor":13},{"not_picked":["Hologram","Steam"],"picked":"Barrage","floor":14},{"not_picked":["Thunder Strike","Fission"],"picked":"Multi-Cast","floor":16},{"not_picked":["Genetic Algorithm","Redo"],"picked":"Melter","floor":18},{"not_picked":["Conserve Battery","Undo"],"picked":"Fusion","floor":19},{"not_picked":["Reprogram","Sweeping Beam"],"picked":"Fusion","floor":23},{"not_picked":["Gash+1","Rebound"],"picked":"Stack","floor":25},{"not_picked":["Streamline","Compile Driver"],"picked":"Hello World","floor":27},{"not_picked":["Consume","Ball Lightning"],"picked":"Thunder Strike","floor":28},{"not_picked":["Leap","Rebound"],"picked":"Auto Shields","floor":29},{"not_picked":["Compile Driver","Hologram"],"picked":"Steam Power","floor":30},{"not_picked":["Fusion","Go for the Eyes"],"picked":"Electrodynamics","floor":31},{"not_picked":["Hello World","Ball Lightning"],"picked":"Chaos","floor":32},{"not_picked":["Reboot","Amplify"],"picked":"Rainbow","floor":33},{"not_picked":["Hologram","Cold Snap"],"picked":"Doom and Gloom","floor":35},{"not_picked":["Gash+1","Streamline"],"picked":"Go for the Eyes","floor":37},{"not_picked":["Gash+1","Stack+1"],"picked":"Machine Learning","floor":38},{"not_picked":["Blizzard+1","Streamline+1"],"picked":"Hologram","floor":40},{"not_picked":["Self Repair","Double Energy"],"picked":"FTL+1","floor":42},{"not_picked":["Steam","Stack"],"picked":"Consume+1","floor":44},{"not_picked":["Compile Driver","Go for the Eyes+1"],"picked":"Force Field","floor":45},{"not_picked":["Beam Cell","Gash","Go for the Eyes"],"picked":"SKIP","floor":46},{"not_picked":["Storm","Blizzard"],"picked":"Rainbow","floor":47},{"not_picked":["Stack+1","Redo","Reprogram"],"picked":"SKIP","floor":48},{"not_picked":["Compile Driver","Ball Lightning"],"picked":"Reboot","floor":49}],"player_experience":26882,"relics_obtained":[{"floor":6,"key":"PreservedInsect"},{"floor":8,"key":"Happy Flower"},{"floor":9,"key":"Strawberry"},{"floor":10,"key":"Bag of Marbles"},{"floor":23,"key":"Boot"},{"floor":24,"key":"Dream Catcher"},{"floor":26,"key":"Whetstone"},{"floor":43,"key":"Anchor"},{"floor":45,"key":"Bottled Tornado"}],"event_choices":[{"cards_removed":["Strike_B"],"damage_healed":0,"gold_gain":0,"player_choice":"Purged","damage_taken":0,"max_hp_gain":0,"max_hp_loss":0,"event_name":"Purifier","floor":3,"gold_loss":0},{"damage_healed":0,"gold_gain":0,"player_choice":"Success","damage_taken":7,"relics_obtained":["Shuriken"],"max_hp_gain":0,"max_hp_loss":0,"event_name":"Scrap Ooze","floor":7,"gold_loss":0},{"damage_healed":0,"gold_gain":0,"player_choice":"Ignored","damage_taken":0,"max_hp_gain":0,"max_hp_loss":0,"event_name":"Cursed Tome","floor":21,"gold_loss":0},{"damage_healed":0,"gold_gain":0,"player_choice":"Shed Blood","damage_taken":21,"max_hp_gain":5,"max_hp_loss":0,"event_name":"Forgotten Altar","floor":22,"gold_loss":0},{"damage_healed":0,"gold_gain":0,"player_choice":"Embrace Madness","damage_taken":11,"max_hp_gain":0,"max_hp_loss":0,"event_name":"Winding Halls","floor":36,"gold_loss":0,"cards_obtained":["Madness","Madness"]},{"damage_healed":0,"gold_gain":0,"player_choice":"Ignored","damage_taken":0,"max_hp_gain":0,"max_hp_loss":0,"event_name":"The Moai Head","floor":39,"gold_loss":0},{"cards_removed":["Fusion"],"damage_healed":0,"gold_gain":0,"player_choice":"Removed Skill","damage_taken":0,"max_hp_gain":0,"max_hp_loss":0,"event_name":"Falling","floor":41,"gold_loss":0}],"is_beta":false,"boss_relics":[{"not_picked":["FrozenCore","Orrery"],"picked":"Fusion Hammer"},{"not_picked":["Eternal Feather","Black Star"],"picked":"Sozu"}],"items_purged_floors":[20],"is_endless":false,"potions_floor_spawned":[2,11,13,14,16,18,19,28,31,33,37,46,48],"killed_by":"Time Eater","ascension_level":0}