{"gold_per_floor":[117,117,42,7,26,26,55,55,55,55,68,0,11,22,22,122,122,137,37,55,73,73,104,104,114,167,167],"floor_reached":27,"playtime":801,"items_purged":["Strike_B","Strike_B"],"score":268,"play_id":"7dfc187d-2b5d-4716-a434-a800a107ad79","local_time":"20190131223810","is_ascension_mode":true,"campfire_choices":[{"data":"Madness","floor":6,"key":"SMITH"},{"data":"Static Discharge","floor":8,"key":"SMITH"},{"data":"Redo","floor":15,"key":"SMITH"},{"floor":24,"key":"REST"}],"neow_cost":"NONE","seed_source_timestamp":4748128708495842,"circlet_count":0,"master_deck":["Strike_B","Strike_B","Defend_B+1","Defend_B","Defend_B","Defend_B","Zap","Dualcast","Madness+1","Static Discharge+1","Compile Driver+1","Sweeping Beam","Self Repair","Storm","Static Discharge","Redo+1","Echo Form","Defragment","Seek","Gash"],"relics":["Cracked Core","Pantograph","Sundial","Shuriken","Lizard Tail","Cables","Dream Catcher"],"potions_floor_usage":[23,23,23,27],"damage_taken":[{"damage":16,"enemies":"Small Slimes","floor":1,"turns":4},{"damage":4,"enemies":"Jaw Worm","floor":5,"turns":3},{"damage":25,"enemies":"3 Sentries","floor":7,"turns":7},{"damage":5,"enemies":"2 Louse","floor":11,"turns":2},{"damage":3,"enemies":"Blue Slaver","floor":13,"turns":2},{"damage":13,"enemies":"Red Slaver","floor":14,"turns":3},{"damage":30,"enemies":"Slime Boss","floor":16,"turns":5},{"damage":11,"enemies":"Spheric Guardian","floor":18,"turns":3},{"damage":16,"enemies":"Chosen","floor":20,"turns":3},{"damage":35,"enemies":"3 Cultists","floor":21,"turns":4},{"damage":67,"enemies":"Slavers","floor":23,"turns":4},{"damage":24,"enemies":"Snake Plant","floor":25,"turns":3},{"damage":30,"enemies":"Book of Stabbing","floor":27,"turns":2}],"seed_played":"8557775173744608075","potions_obtained":[{"floor":13,"key":"Poison Potion"},{"floor":14,"key":"Weak Potion"},{"floor":16,"key":"Energy Potion"},{"floor":18,"key":"Block Potion"},{"floor":23,"key":"FearPotion"},{"floor":25,"key":"SkillPotion"}],"is_trial":false,"path_per_floor":["M","?","$","?","M","R","E","R","T","?","M","$","M","M","R","B",null,"M","$","M","M","?","E","R","M","T","E"],"character_chosen":"DEFECT","items_purchased":["Storm"],"campfire_rested":1,"item_purchase_floors":[12],"current_hp_per_floor":[59,56,56,74,70,70,45,45,45,30,25,25,29,23,23,25,75,75,75,66,38,38,19,41,24,24,0],"gold":167,"neow_bonus":"RANDOM_COLORLESS","is_prod":false,"is_daily":false,"chose_seed":false,"campfire_upgraded":3,"win_rate":0,"timestamp":1548970690,"path_taken":["M","?","$","?","M","R","E","R","T","?","M","$","?","M","R","BOSS","M","$","M","M","?","E","R","M","T","E"],"build_version":"2019-01-23","purchased_purges":2,"victory":false,"max_hp_per_floor":[75,75,75,75,75,75,75,75,75,75,75,75,75,75,75,75,75,75,75,75,75,75,75,75,75,75,75],"card_choices":[{"not_picked":["Doom and Gloom","Stack"],"picked":"Static Discharge","floor":1},{"not_picked":["Steam","Redo"],"picked":"Compile Driver","floor":5},{"not_picked":["FTL","Darkness"],"picked":"Sweeping Beam","floor":7},{"not_picked":["Streamline","Hello World"],"picked":"Self Repair","floor":11},{"not_picked":["Compile Driver","Sweeping Beam"],"picked":"Static Discharge","floor":13},{"not_picked":["Hello World","Coolheaded"],"picked":"Redo","floor":14},{"not_picked":["Machine Learning","Meteor Strike"],"picked":"Echo Form","floor":16},{"not_picked":["Compile Driver+1","Hologram","Cold Snap"],"picked":"SKIP","floor":18},{"not_picked":["Steam Power","Turbo","Barrage"],"picked":"SKIP","floor":20},{"not_picked":["Compile Driver","Reprogram","Rebound"],"picked":"SKIP","floor":21},{"not_picked":["Skim","Stack"],"picked":"Seek","floor":23},{"not_picked":["FTL","Beam Cell"],"picked":"Gash","floor":25}],"player_experience":764400,"relics_obtained":[{"floor":7,"key":"Sundial"},{"floor":9,"key":"Shuriken"},{"floor":23,"key":"Cables"},{"floor":26,"key":"Dream Catcher"}],"event_choices":[{"damage_healed":0,"gold_gain":0,"player_choice":"Success","damage_taken":3,"relics_obtained":["Pantograph"],"max_hp_gain":0,"max_hp_loss":0,"event_name":"Scrap Ooze","floor":2,"gold_loss":0},{"damage_healed":18,"gold_gain":0,"player_choice":"Healed","damage_taken":0,"max_hp_gain":0,"max_hp_loss":0,"event_name":"The Cleric","floor":4,"gold_loss":35},{"damage_healed":0,"gold_gain":0,"player_choice":"Entered Light","damage_taken":15,"max_hp_gain":0,"max_hp_loss":0,"event_name":"Shining Light","floor":10,"gold_loss":0,"cards_upgraded":["Compile Driver","Defend_B"]},{"damage_healed":0,"gold_gain":0,"player_choice":"Read","damage_taken":0,"max_hp_gain":0,"max_hp_loss":0,"event_name":"The Library","floor":22,"gold_loss":0,"cards_obtained":["Defragment"]}],"is_beta":false,"boss_relics":[{"not_picked":["Fusion Hammer","Black Star"],"picked":"Lizard Tail"}],"items_purged_floors":[3,19],"is_endless":false,"potions_floor_spawned":[13,14,16,18,20,23,25],"killed_by":"Book of Stabbing","ascension_level":3}