{"gold_per_floor":[111,124,49,49,63,92,92,103,103,135,150,50,50,67,67,67],"floor_reached":16,"playtime":508,"items_purged":["Strike_R","Strike_R"],"score":137,"play_id":"0bc102ce-00b7-4804-86ae-0956045b3dbd","local_time":"20190112201053","is_ascension_mode":false,"campfire_choices":[{"data":"Defend_R","floor":7,"key":"SMITH"},{"floor":15,"key":"REST"}],"neow_cost":"NONE","seed_source_timestamp":102464960319600,"circlet_count":0,"master_deck":["Strike_R","Strike_R","Strike_R","Defend_R","Defend_R","Defend_R","Defend_R+1","Bash+1","Feed+1","Offering+1"],"relics":["Burning Blood","Sundial","Frozen Egg 2","Molten Egg 2","Toxic Egg 2"],"potions_floor_usage":[16,16,16],"damage_taken":[{"damage":0,"enemies":"2 Louse","floor":1,"turns":2},{"damage":11,"enemies":"Jaw Worm","floor":2,"turns":2},{"damage":0,"enemies":"Cultist","floor":5,"turns":3},{"damage":27,"enemies":"Gremlin Nob","floor":6,"turns":4},{"damage":6,"enemies":"3 Louse","floor":8,"turns":3},{"damage":34,"enemies":"3 Sentries","floor":10,"turns":12},{"damage":7,"enemies":"Looter","floor":11,"turns":3},{"damage":10,"enemies":"Exordium Wildlife","floor":14,"turns":4},{"damage":70,"enemies":"Hexaghost","floor":16,"turns":10}],"seed_played":"8299212763708512224","potions_obtained":[{"floor":6,"key":"EssenceOfSteel"},{"floor":10,"key":"Fire Potion"},{"floor":11,"key":"Ancient Potion"}],"is_trial":false,"path_per_floor":["M","M","$","?","M","E","R","M","T","E","M","$","?","M","R","B"],"character_chosen":"IRONCLAD","items_purchased":[],"campfire_rested":1,"item_purchase_floors":[],"current_hp_per_floor":[83,81,81,64,74,53,53,57,57,33,36,36,36,36,67,0],"gold":67,"neow_bonus":"ONE_RANDOM_RARE_CARD","is_prod":false,"is_daily":false,"chose_seed":false,"campfire_upgraded":1,"win_rate":0,"timestamp":1547323853,"path_taken":["M","M","$","?","M","E","R","M","T","E","M","$","?","?","R","BOSS"],"build_version":"2019-01-10","purchased_purges":2,"victory":false,"max_hp_per_floor":[83,86,86,86,90,90,90,94,94,98,102,102,102,106,106,106],"card_choices":[{"not_picked":["Clothesline","Cleave","Metallicize"],"picked":"SKIP","floor":1},{"not_picked":["True Grit","Evolve","Body Slam"],"picked":"SKIP","floor":2},{"not_picked":["Intimidate","Corruption","Iron Wave"],"picked":"SKIP","floor":5},{"not_picked":["Sword Boomerang","Warcry","Clothesline"],"picked":"SKIP","floor":6},{"not_picked":["Corruption","Wild Strike","Thunderclap"],"picked":"SKIP","floor":8},{"not_picked":["True Grit","Thunderclap","Reckless Charge"],"picked":"SKIP","floor":10},{"not_picked":["Perfected Strike+1","Anger+1","Heavy Blade+1"],"picked":"SKIP","floor":11},{"not_picked":["Sever Soul+1","Body Slam+1"],"picked":"Offering+1","floor":14}],"player_experience":103704,"relics_obtained":[{"floor":6,"key":"Sundial"},{"floor":9,"key":"Frozen Egg 2"},{"floor":10,"key":"Molten Egg 2"},{"floor":13,"key":"Toxic Egg 2"}],"event_choices":[{"damage_healed":0,"gold_gain":0,"player_choice":"Entered Light","damage_taken":17,"max_hp_gain":0,"max_hp_loss":0,"event_name":"Shining Light","floor":4,"gold_loss":0,"cards_upgraded":["Bash","Feed"]},{"damage_healed":0,"gold_gain":0,"player_choice":"Relic","damage_taken":0,"max_hp_gain":0,"max_hp_loss":0,"event_name":"Wheel of Change","floor":13,"gold_loss":0}],"is_beta":false,"boss_relics":[],"items_purged_floors":[3,12],"is_endless":false,"potions_floor_spawned":[6,10,11],"killed_by":"Hexaghost","ascension_level":0}