{"gold_per_floor":[113,129,139,153,78,78,105,105,105,105],"floor_reached":10,"playtime":470,"items_purged":["Strike_G"],"score":68,"play_id":"ea20917b-3f48-47cb-9121-c1206d4fffb9","local_time":"20190128171053","is_ascension_mode":false,"campfire_choices":[{"data":"Flechettes","floor":6.0,"key":"SMITH"},{"floor":8,"key":"REST"}],"neow_cost":"NONE","seed_source_timestamp":69962245525188,"circlet_count":0,"master_deck":["Defend_G","Defend_G","Defend_G","Defend_G","Defend_G","Strike_G","Strike_G","Strike_G","Strike_G","Survivor","Neutralize","Escape Plan","Flechettes+1","Prepared","Prepared","Backstab"],"special_seed":0,"relics":["Ring of the Snake","Dream Catcher","Molten Egg 2"],"potions_floor_usage":[],"damage_taken":[{"damage":4.0,"enemies":"Cultist","floor":1.0,"turns":5.0},{"damage":0.0,"enemies":"2 Louse","floor":2.0,"turns":2.0},{"damage":0.0,"enemies":"Small Slimes","floor":3.0,"turns":3.0},{"damage":6.0,"enemies":"Red Slaver","floor":4.0,"turns":4.0},{"damage":33,"enemies":"Gremlin Nob","floor":7,"turns":5},{"damage":41,"enemies":"3 Sentries","floor":10,"turns":13}],"seed_played":"-5880404090022769930","potions_obtained":[{"floor":1.0,"key":"LiquidBronze"},{"floor":2.0,"key":"Energy Potion"},{"floor":7,"key":"FearPotion"}],"is_trial":false,"path_per_floor":["M","M","M","M","$","R","E","R","T","E"],"character_chosen":"THE_SILENT","items_purchased":[],"campfire_rested":1,"item_purchase_floors":[],"current_hp_per_floor":[66,66,66,60,60,60,27,48,48,7],"gold":105,"neow_bonus":"THREE_CARDS","is_prod":false,"is_daily":false,"chose_seed":false,"campfire_upgraded":1,"win_rate":0,"timestamp":1548717053,"path_taken":["M","?","M","M","$","R","E","R","T","E"],"build_version":"2019-01-23","purchased_purges":1,"victory":false,"max_hp_per_floor":[70,70,70,70,70,70,70,70,70,70],"card_choices":[{"not_picked":["Flying Knee","Flechettes"],"picked":"Escape Plan","floor":0.0},{"not_picked":["Heel Hook","Reflex"],"picked":"Flechettes","floor":1.0},{"not_picked":["Bane","Reflex"],"picked":"Prepared","floor":2.0},{"not_picked":["Underhanded Strike","Dagger Throw","Predator"],"picked":"SKIP","floor":3.0},{"not_picked":["Sucker Punch","Poisoned Stab"],"picked":"Prepared","floor":4.0},{"not_picked":["Flying Knee","Acrobatics"],"picked":"Backstab","floor":7}],"player_experience":220836,"relics_obtained":[{"floor":7,"key":"Dream Catcher"},{"floor":9,"key":"Molten Egg 2"}],"event_choices":[],"is_beta":false,"boss_relics":[],"items_purged_floors":[5],"is_endless":false,"potions_floor_spawned":[1,2,7],"killed_by":"3 Sentries","ascension_level":0}