{"gold_per_floor":[117,42,53,69,80,80,97,97,97,97,97,109,109,9,9,108,108,123,123,53,66,80,80,94,94,94,105,105,139,139,171,171,171],"floor_reached":33,"playtime":1504,"items_purged":["Strike_B","Strike_B"],"score":277,"play_id":"0f191d30-0874-492c-8a05-2fddf27ea11e","local_time":"20180721163715","is_ascension_mode":false,"campfire_choices":[{"data":"Zap","floor":6,"key":"SMITH"},{"data":"Go for the Eyes","floor":8,"key":"SMITH"},{"data":"Leap","floor":13,"key":"SMITH"},{"data":"Dualcast","floor":15,"key":"SMITH"},{"floor":23,"key":"REST"},{"data":"Streamline","floor":25,"key":"SMITH"},{"data":"BootSequence","floor":28,"key":"SMITH"},{"floor":30,"key":"REST"},{"floor":32,"key":"REST"}],"neow_cost":"NONE","seed_source_timestamp":536766587702933,"circlet_count":0,"master_deck":["Strike_B","Defend_B","Defend_B+1","Defend_B","Defend_B+1","Zap+1","Dualcast+1","Go for the Eyes+1","Beam Cell+1","Leap+1","Machine Learning","Genetic Algorithm+1","FTL","Streamline+1","BootSequence+1","BootSequence"],"relics":["Cracked Core","Bronze Scales","Nuclear Battery","Nunchaku","War Paint","Molten Egg 2"],"potions_floor_usage":[16,33,33],"damage_taken":[{"damage":2,"enemies":"Jaw Worm","floor":1,"turns":4},{"damage":0,"enemies":"Cultist","floor":3,"turns":3},{"damage":4,"enemies":"Small Slimes","floor":4,"turns":5},{"damage":0,"enemies":"3 Louse","floor":5,"turns":3},{"damage":2,"enemies":"Large Slime","floor":7,"turns":5},{"damage":8,"enemies":"2 Fungi Beasts","floor":12,"turns":2},{"damage":46,"enemies":"Slime Boss","floor":16,"turns":17},{"damage":0,"enemies":"Chosen","floor":18,"turns":6},{"damage":2,"enemies":"3 Byrds","floor":21,"turns":3},{"damage":13,"enemies":"Slaver and Parasite","floor":22,"turns":7},{"damage":11,"enemies":"Snake Plant","floor":24,"turns":5},{"damage":10,"enemies":"Centurion and Healer","floor":27,"turns":4},{"damage":33,"enemies":"Slavers","floor":29,"turns":6},{"damage":5,"enemies":"Book of Stabbing","floor":31,"turns":5},{"damage":61,"enemies":"Automaton","floor":33,"turns":10}],"seed_played":"-8591153404043123530","potions_obtained":[{"floor":4,"key":"Regen Potion"},{"floor":7,"key":"Energy Potion"},{"floor":12,"key":"SpeedPotion"},{"floor":24,"key":"Fire Potion"}],"is_trial":false,"path_per_floor":["M","$","M","M","M","R","M","R","T","?","?","M","R","$","R","B",null,"M","?","$","M","M","R","M","R","T","M","R","E","R","E","R"],"character_chosen":"DEFECT","items_purchased":["FTL"],"campfire_rested":3,"item_purchase_floors":[20],"current_hp_per_floor":[73,73,73,69,69,69,67,67,67,67,60,52,52,52,52,6,75,75,61,61,59,46,70,59,59,59,49,49,16,40,35,59,0],"gold":171,"neow_bonus":"REMOVE_CARD","is_prod":false,"is_daily":false,"chose_seed":false,"campfire_upgraded":6,"win_rate":0.0,"timestamp":1532162235,"path_taken":["M","$","M","M","M","R","M","R","T","?","?","M","R","$","R","BOSS","M","?","$","M","M","R","M","R","T","M","R","E","R","E","R","BOSS"],"build_version":"2018-07-19v2","purchased_purges":2,"victory":false,"max_hp_per_floor":[75,75,75,75,75,75,75,75,75,75,75,75,75,75,75,75,75,75,80,80,80,80,80,80,80,80,80,80,80,80,80,80,80],"card_choices":[{"not_picked":["Steam","Barrage","Loop"],"picked":"SKIP","floor":1},{"not_picked":["Hello World","Rebound","Loop"],"picked":"SKIP","floor":3},{"not_picked":["Gash","Glacier"],"picked":"Go for the Eyes","floor":4},{"not_picked":["Compile Driver","Fusion"],"picked":"Beam Cell","floor":5},{"not_picked":["Steam","Aggregate","Heatsinks"],"picked":"SKIP","floor":7},{"not_picked":["Darkness","Sunder"],"picked":"Leap","floor":12},{"not_picked":["Amplify","Creative AI"],"picked":"Machine Learning","floor":16},{"not_picked":["Redo","Heatsinks"],"picked":"Genetic Algorithm+1","floor":18},{"not_picked":["Rebound","Compile Driver","Loop"],"picked":"SKIP","floor":21},{"not_picked":["Fusion","Loop","Beam Cell"],"picked":"SKIP","floor":22},{"not_picked":["Tempest+1","Rebound+1"],"picked":"Streamline","floor":24},{"not_picked":["Streamline+1","Redo"],"picked":"BootSequence","floor":27},{"not_picked":["Stack","Aggregate","Turbo"],"picked":"SKIP","floor":29},{"not_picked":["Machine Learning","Reinforced Body"],"picked":"BootSequence","floor":31}],"player_experience":34211,"relics_obtained":[{"floor":9,"key":"Bronze Scales"},{"floor":26,"key":"Nunchaku"},{"floor":29,"key":"War Paint"},{"floor":31,"key":"Molten Egg 2"}],"event_choices":[{"event_name":"Accursed Blacksmith","player_choice":"Forge","floor":10,"damage_taken":0},{"event_name":"Wheel of Change","player_choice":"Damage","floor":11,"damage_taken":0},{"event_name":"Forgotten Altar","player_choice":"Shed Blood","floor":19,"damage_taken":0}],"is_beta":false,"boss_relics":[{"not_picked":["Fusion Hammer","Orrery"],"picked":"Nuclear Battery"}],"items_purged_floors":[2,14],"is_endless":false,"potions_floor_spawned":[4,7,12,24,29],"killed_by":"Automaton","ascension_level":0}