{"gold_per_floor":[118,118,118,129,0,28,28,48,102,115,115,15,15,33,33,138,138,148,159,34,49,49,49,82,92,115,115,133,133,133,133,133,237,237,248,258,82,82],"floor_reached":38,"playtime":1178,"items_purged":["Strike_B","Strike_B","Defend_B","Defend_B"],"score":458,"play_id":"3df1d32e-1f0e-420d-afee-cdb3506ec4d1","local_time":"20180818155048","is_ascension_mode":true,"campfire_choices":[{"floor":7,"key":"REST"},{"data":"Redo","floor":13,"key":"SMITH"},{"data":"Zap","floor":15,"key":"SMITH"},{"data":"Go for the Eyes","floor":23,"key":"SMITH"},{"floor":27,"key":"REST"},{"floor":29,"key":"REST"},{"floor":32,"key":"REST"}],"neow_cost":"NONE","seed_source_timestamp":198309051441438,"circlet_count":0,"master_deck":["Defend_B","Defend_B","Zap+1","Thunder Strike","Go for the Eyes+1","Self Repair","Redo+1","Ball Lightning","Hyperbeam","Leap"],"relics":["Cracked Core","Lantern","Orichalcum","Busted Crown","Singing Bowl","Oddly Smooth Stone","Velvet Choker"],"potions_floor_usage":[33,33,33],"damage_taken":[{"damage":7,"enemies":"Small Slimes","floor":1,"turns":2},{"damage":0,"enemies":"2 Louse","floor":4,"turns":2},{"damage":22,"enemies":"Gremlin Nob","floor":6,"turns":4},{"damage":0,"enemies":"Cultist","floor":8,"turns":4},{"damage":4,"enemies":"Blue Slaver","floor":10,"turns":4},{"damage":25,"enemies":"Lots of Slimes","floor":14,"turns":4},{"damage":26,"enemies":"Hexaghost","floor":16,"turns":8},{"damage":1,"enemies":"Spheric Guardian","floor":18,"turns":3},{"damage":7,"enemies":"3 Byrds","floor":19,"turns":3},{"damage":11,"enemies":"Snecko","floor":21,"turns":4},{"damage":37,"enemies":"Book of Stabbing","floor":24,"turns":5},{"damage":37,"enemies":"Centurion and Healer","floor":25,"turns":6},{"damage":10,"enemies":"Snake Plant","floor":28,"turns":4},{"damage":51,"enemies":"Automaton","floor":33,"turns":8},{"damage":16,"enemies":"Flame Bruiser 1 Orb","floor":35,"turns":5},{"damage":38,"enemies":"3 Darklings","floor":36,"turns":4},{"damage":52,"enemies":"Flame Bruiser 2 Orb","floor":38,"turns":3}],"seed_played":"-4884126567811996992","potions_obtained":[{"floor":8,"key":"Strength Potion"},{"floor":10,"key":"Fire Potion"},{"floor":14,"key":"GamblersBrew"},{"floor":18,"key":"EssenceOfSteel"},{"floor":21,"key":"FocusPotion"},{"floor":33,"key":"Swift Potion"},{"floor":36,"key":"FearPotion"}],"is_trial":false,"path_per_floor":["M","?","?","M","$","E","R","M","T","M","?","$","R","M","R","B",null,"M","M","$","M","?","R","E","M","T","R","M","R","?","?","R","B",null,"M","M","$"],"character_chosen":"DEFECT","items_purchased":["Redo","Leap"],"campfire_rested":4,"item_purchase_floors":[5,37],"current_hp_per_floor":[68,61,61,61,61,46,68,75,75,75,75,75,75,57,57,38,75,75,75,75,71,71,71,43,15,15,38,37,61,61,46,71,29,88,81,52,52,0],"gold":82,"neow_bonus":"ONE_RANDOM_RARE_CARD","is_prod":false,"is_daily":false,"chose_seed":false,"campfire_upgraded":3,"win_rate":0,"timestamp":1534578648,"path_taken":["M","?","?","?","$","E","R","M","T","M","?","?","R","M","R","BOSS","M","M","$","M","?","R","E","M","T","R","M","R","?","?","R","BOSS","M","M","$","M"],"build_version":"2018-08-16","purchased_purges":4,"victory":false,"max_hp_per_floor":[75,75,75,75,75,75,75,75,75,75,75,75,75,75,75,75,75,75,75,75,75,75,75,77,79,79,79,81,81,81,86,86,88,88,90,92,92,92],"card_choices":[{"not_picked":["Aggregate","Sweeping Beam"],"picked":"Go for the Eyes","floor":1},{"not_picked":["Ball Lightning","Doom and Gloom"],"picked":"Self Repair","floor":4},{"not_picked":["Streamline","Beam Cell"],"picked":"Ball Lightning","floor":6},{"not_picked":["Reprogram","Barrage","Steam"],"picked":"SKIP","floor":8},{"not_picked":["Blizzard","Rainbow","Stack"],"picked":"SKIP","floor":10},{"not_picked":["Steam","Gash","Storm"],"picked":"SKIP","floor":14},{"not_picked":["Biased Cognition","Seek"],"picked":"Hyperbeam","floor":16},{"not_picked":["Heatsinks+1"],"picked":"SKIP","floor":18},{"not_picked":["Stack"],"picked":"SKIP","floor":19},{"not_picked":["Undo"],"picked":"SKIP","floor":21},{"not_picked":["Rebound+1"],"picked":"Singing Bowl","floor":24},{"not_picked":["Beam Cell+1"],"picked":"Singing Bowl","floor":25},{"not_picked":["Tempest"],"picked":"Singing Bowl","floor":28},{"not_picked":["Creative AI"],"picked":"Singing Bowl","floor":33},{"not_picked":["Steam Power"],"picked":"Singing Bowl","floor":35},{"not_picked":["Compile Driver+1"],"picked":"Singing Bowl","floor":36}],"player_experience":248190,"relics_obtained":[{"floor":6,"key":"Lantern"},{"floor":9,"key":"Orichalcum"},{"floor":24,"key":"Singing Bowl"},{"floor":26,"key":"Oddly Smooth Stone"}],"event_choices":[{"event_name":"Golden Wing","player_choice":"Card Removal","floor":2,"damage_taken":0},{"event_name":"Shining Light","player_choice":"Ignored","floor":3,"damage_taken":0},{"event_name":"Bonfire Elementals","player_choice":"BASIC","floor":11,"damage_taken":0},{"event_name":"Purifier","player_choice":"One Purge","floor":22,"damage_taken":0},{"event_name":"Accursed Blacksmith","player_choice":"Ignore","floor":30,"damage_taken":0},{"event_name":"Forgotten Altar","player_choice":"Shed Blood","floor":31,"damage_taken":0}],"is_beta":false,"boss_relics":[{"not_picked":["FrozenCore","Pandora\u0027s Box"],"picked":"Busted Crown"},{"not_picked":["Coffee Dripper","White Beast Statue"],"picked":"Velvet Choker"}],"items_purged_floors":[5,12,20,37],"is_endless":false,"potions_floor_spawned":[8,10,14,18,21,33,36],"killed_by":"Flame Bruiser 2 Orb","ascension_level":2}