{"gold_per_floor":[110,124,124,134,134,153,183,183,207,16,46,61,74,85,85,157,157,169,185,27,127,144,144,155,166,240,240,259,259,272,288,288,365,365,381,381,381,396,414,414,427,447,470,470,470,482,494,519,531,543],"floor_reached":51,"playtime":1594,"items_purged":[],"score":1166,"play_id":"7c28c8e9-0ffd-425e-a8ae-910b79615c37","local_time":"20190119210539","is_ascension_mode":true,"campfire_choices":[{"data":"Armaments","floor":8.0,"key":"SMITH"},{"floor":15.0,"key":"REST"},{"floor":23.0,"key":"REST"},{"data":"Perfected Strike","floor":27.0,"key":"SMITH"},{"floor":32.0,"key":"REST"},{"data":"Double Tap","floor":40.0,"key":"SMITH"},{"floor":44.0,"key":"REST"},{"floor":47.0,"key":"REST"},{"data":"Immolate","floor":49.0,"key":"SMITH"}],"neow_cost":"NONE","seed_source_timestamp":717888805809159,"circlet_count":0,"master_deck":["AscendersBane","Strike_R","Strike_R","Strike_R","Strike_R","Strike_R","Defend_R","Defend_R","Defend_R","Bash","Pummel","Perfected Strike+1","Pommel Strike","Pommel Strike","Twin Strike","Wild Strike","Immolate+1","Twin Strike","Pommel Strike","Wild Strike","Pummel","Pommel Strike","Double Tap+1","Wild Strike","Perfected Strike+1","Headbutt","Warcry+1","Double Tap+1","Twin Strike","Pommel Strike","Shrug It Off+1","Enlightenment+1","Headbutt"],"special_seed":0,"relics":["Burning Blood","Potion Belt","Bag of Preparation","Brimstone","Blood Vial","Orrery","Bottled Lightning","Toxic Egg 2","Runic Dome","Anchor","MawBank"],"potions_floor_usage":[50,50],"damage_taken":[{"damage":11.0,"enemies":"2 Louse","floor":1.0,"turns":3.0},{"damage":12.0,"enemies":"Jaw Worm","floor":2.0,"turns":3.0},{"damage":1.0,"enemies":"Cultist","floor":4.0,"turns":3.0},{"damage":14.0,"enemies":"3 Louse","floor":6.0,"turns":3.0},{"damage":27.0,"enemies":"Lagavulin","floor":7.0,"turns":6.0},{"damage":22.0,"enemies":"3 Sentries","floor":11.0,"turns":5.0},{"damage":7.0,"enemies":"Lots of Slimes","floor":12.0,"turns":3.0},{"damage":14.0,"enemies":"Exordium Thugs","floor":13.0,"turns":3.0},{"damage":0.0,"enemies":"Looter","floor":14.0,"turns":2.0},{"damage":59.0,"enemies":"Hexaghost","floor":16.0,"turns":6.0},{"damage":15.0,"enemies":"2 Thieves","floor":18.0,"turns":3.0},{"damage":0.0,"enemies":"3 Byrds","floor":19.0,"turns":3.0},{"damage":36.0,"enemies":"Snake Plant","floor":22.0,"turns":3.0},{"damage":9.0,"enemies":"Cultist and Chosen","floor":24.0,"turns":3.0},{"damage":0.0,"enemies":"Snecko","floor":25.0,"turns":2.0},{"damage":63.0,"enemies":"Centurion and Healer","floor":28.0,"turns":4.0},{"damage":0.0,"enemies":"Cultist and Chosen","floor":30.0,"turns":2.0},{"damage":0.0,"enemies":"Snake Plant","floor":31.0,"turns":1.0},{"damage":52.0,"enemies":"Automaton","floor":33.0,"turns":5.0},{"damage":0.0,"enemies":"Orb Walker","floor":35.0,"turns":1.0},{"damage":17.0,"enemies":"3 Shapes","floor":38.0,"turns":2.0},{"damage":0.0,"enemies":"Transient","floor":39.0,"turns":5.0},{"damage":19.0,"enemies":"Spire Growth","floor":41.0,"turns":2.0},{"damage":48.0,"enemies":"Maw","floor":42.0,"turns":4.0},{"damage":0.0,"enemies":"Transient","floor":48.0,"turns":5.0},{"damage":72,"enemies":"Donu and Deca","floor":50,"turns":6}],"seed_played":"5505994654639953303","potions_obtained":[{"floor":4.0,"key":"Dexterity Potion"},{"floor":6.0,"key":"BloodPotion"},{"floor":13.0,"key":"Regen Potion"},{"floor":14.0,"key":"FairyPotion"},{"floor":16.0,"key":"Fruit Juice"},{"floor":18.0,"key":"Explosive Potion"},{"floor":24.0,"key":"Dexterity Potion"},{"floor":28.0,"key":"SkillPotion"},{"floor":38.0,"key":"SteroidPotion"},{"floor":48.0,"key":"Dexterity Potion"}],"is_trial":false,"path_per_floor":["M","M","?","M","?","M","E","R","T","$","E","M","M","M","R","B",null,"M","M","$","?","M","R","M","M","T","R","M","T","M","M","R","B",null,"M","?","?","M","M","R","M","M","T","R","T","?","R","M","R","B",null],"character_chosen":"IRONCLAD","items_purchased":["Brimstone","Double Tap"],"campfire_rested":5,"item_purchase_floors":[10,20],"current_hp_per_floor":[63,57,50,55,55,47,33,33,33,33,17,18,12,20,42,18,65,58,66,66,66,38,62,61,69,69,69,14,14,22,30,54,10,63,71,71,71,62,70,70,59,19,19,43,43,43,67,75,75,11],"gold":555,"neow_bonus":"THREE_CARDS","is_prod":false,"is_daily":false,"chose_seed":false,"campfire_upgraded":4,"win_rate":0,"timestamp":1547892339,"path_taken":["M","M","?","M","?","M","E","R","T","$","E","M","?","M","R","BOSS","M","M","$","?","M","R","?","M","T","R","M","?","M","M","R","BOSS","M","?","?","M","M","R","M","M","T","R","?","?","R","M","R","BOSS"],"build_version":"2019-01-17v2","purchased_purges":0,"victory":true,"max_hp_per_floor":[75,75,75,75,75,75,75,75,75,75,75,75,75,75,75,80,80,80,80,80,80,80,80,80,80,80,80,80,80,80,80,80,80,80,80,80,80,80,80,80,80,80,80,80,80,80,80,80,80,80],"card_choices":[{"not_picked":["Clothesline","Armaments"],"picked":"Pummel","floor":0.0},{"not_picked":["Body Slam","Iron Wave"],"picked":"Perfected Strike","floor":1.0},{"not_picked":["Armaments","Burning Pact"],"picked":"Pommel Strike","floor":2.0},{"not_picked":["Entrench","Anger"],"picked":"Pommel Strike","floor":4.0},{"not_picked":["Inflame","Hemokinesis"],"picked":"Armaments","floor":6.0},{"not_picked":["Heavy Blade","Iron Wave","Blood for Blood"],"picked":"SKIP","floor":7.0},{"not_picked":["Pommel Strike","Burning Pact"],"picked":"Twin Strike","floor":11.0},{"not_picked":["Anger","Flex","Immolate"],"picked":"SKIP","floor":12.0},{"not_picked":["Feel No Pain","Warcry","Iron Wave"],"picked":"SKIP","floor":13.0},{"not_picked":["Uppercut","Disarm"],"picked":"Wild Strike","floor":14.0},{"not_picked":["Juggernaut","Limit Break"],"picked":"Immolate","floor":16.0},{"not_picked":["Shrug It Off","Clash"],"picked":"Twin Strike","floor":17.0},{"not_picked":["Headbutt","Wild Strike"],"picked":"Pommel Strike","floor":17.0},{"not_picked":["Body Slam","Heavy Blade"],"picked":"Wild Strike","floor":17.0},{"not_picked":["Clothesline","Anger"],"picked":"Pummel","floor":18.0},{"not_picked":["Blood for Blood+1","Warcry"],"picked":"Pommel Strike","floor":19.0},{"not_picked":["Feel No Pain","Dropkick"],"picked":"Wild Strike","floor":22.0},{"not_picked":["Pommel Strike","Evolve+1"],"picked":"Perfected Strike","floor":24.0},{"not_picked":["Thunderclap","Heavy Blade"],"picked":"Headbutt","floor":25.0},{"not_picked":["Feel No Pain","Evolve","Spot Weakness"],"picked":"SKIP","floor":28.0},{"not_picked":["Fire Breathing","Headbutt","Rupture"],"picked":"SKIP","floor":30.0},{"not_picked":["Headbutt","Evolve"],"picked":"Warcry+1","floor":31.0},{"not_picked":["Feed","Barricade"],"picked":"Double Tap+1","floor":33.0},{"not_picked":["True Grit+1","Blood for Blood"],"picked":"Twin Strike","floor":35.0},{"not_picked":["Sever Soul","Iron Wave"],"picked":"Pommel Strike","floor":38.0},{"not_picked":["Clash+1","Havoc+1"],"picked":"Shrug It Off+1","floor":39.0},{"not_picked":["Second Wind+1","Body Slam","Anger"],"picked":"SKIP","floor":41.0},{"not_picked":["Armaments+1","Anger","Burning Pact+1"],"picked":"SKIP","floor":42.0},{"not_picked":["Panacea+1","Forethought+1"],"picked":"Enlightenment+1","floor":46.0},{"not_picked":["Dual Wield+1","Sever Soul"],"picked":"Headbutt","floor":48.0}],"player_experience":668534,"relics_obtained":[{"floor":7.0,"key":"Potion Belt"},{"floor":9.0,"key":"Bag of Preparation"},{"floor":11.0,"key":"Blood Vial"},{"floor":26.0,"key":"Bottled Lightning"},{"floor":29.0,"key":"Toxic Egg 2"},{"floor":43.0,"key":"Anchor"},{"floor":45.0,"key":"MawBank"}],"event_choices":[{"cards_removed":["Defend_R"],"damage_healed":0.0,"max_hp_gain":0.0,"max_hp_loss":0.0,"gold_gain":0.0,"event_name":"Golden Wing","player_choice":"Card Removal","floor":3.0,"gold_loss":0.0,"damage_taken":7.0},{"damage_healed":0.0,"max_hp_gain":0.0,"max_hp_loss":0.0,"gold_gain":0.0,"event_name":"Accursed Blacksmith","player_choice":"Forge","floor":5.0,"gold_loss":0.0,"damage_taken":0.0,"cards_upgraded":["Perfected Strike"]},{"damage_healed":0.0,"max_hp_gain":0.0,"max_hp_loss":0.0,"gold_gain":100.0,"event_name":"Golden Shrine","player_choice":"Pray","floor":21.0,"gold_loss":0.0,"damage_taken":0.0},{"damage_healed":0.0,"max_hp_gain":0.0,"max_hp_loss":0.0,"gold_gain":0.0,"event_name":"Tomb of Lord Red Mask","player_choice":"Ignored","floor":36.0,"gold_loss":0.0,"damage_taken":0.0},{"cards_removed":["Armaments"],"damage_healed":0.0,"max_hp_gain":0.0,"max_hp_loss":0.0,"gold_gain":0.0,"event_name":"Falling","player_choice":"Removed Skill","floor":37.0,"gold_loss":0.0,"damage_taken":0.0},{"damage_healed":0.0,"max_hp_gain":0.0,"max_hp_loss":0.0,"gold_gain":0.0,"event_name":"SensoryStone","player_choice":"Memory 1","floor":46.0,"gold_loss":0.0,"damage_taken":0.0}],"is_beta":false,"boss_relics":[{"not_picked":["Velvet Choker","Empty Cage"],"picked":"Orrery"},{"not_picked":["Lizard Tail","Cursed Key"],"picked":"Runic Dome"}],"items_purged_floors":[],"is_endless":false,"potions_floor_spawned":[4,6,13,14,16,18,24,28,38,48],"ascension_level":14}