{"gold_per_floor":[216,235,58,74,74,100,100,112,112,112,143,155,188,188,188,314,314,314,314,314,314,314,314,314,314,314,314,71,71,71,71,71,71,71,71,71,71,71,71,71,71,71,71,71,71,71,71,71,71,71,71,71,0,0,0],"floor_reached":55,"playtime":2522,"items_purged":[],"score":1049,"play_id":"541c3920-f2e9-4ddb-93fe-b65f1fcef68c","local_time":"20190122230941","is_ascension_mode":true,"campfire_choices":[{"data":"Apotheosis","floor":7.0,"key":"SMITH"},{"floor":10.0,"key":"REST"},{"floor":15.0,"key":"REST"},{"floor":23.0,"key":"RECALL"},{"floor":25.0,"key":"REST"},{"floor":32.0,"key":"REST"},{"data":"Whirlwind","floor":40.0,"key":"SMITH"},{"data":"Barricade","floor":45,"key":"SMITH"},{"floor":49,"key":"REST"},{"floor":52,"key":"REST"}],"neow_cost":"NONE","seed_source_timestamp":527941435899900,"circlet_count":0,"master_deck":["Strike_R","Strike_R","Strike_R","Strike_R","Defend_R","Defend_R","Defend_R","Defend_R","Bash","Clothesline","Warcry","Apotheosis+1","Body Slam","Cleave","Shrug It Off","Barricade+1","Combust","Impervious","Reaper","Flame Barrier+1","Battle Trance+1","Whirlwind+1","Entrench","Fiend Fire","Dual Wield+1","True Grit+1","Body Slam","Flame Barrier+1"],"special_seed":0,"relics":["Burning Blood","Shuriken","Singing Bowl","Question Card","Bottled Lightning","Golden Idol","Ectoplasm","PreservedInsect","Meat on the Bone","Gremlin Horn","Ornamental Fan","Cursed Key","Bag of Marbles","Spirit Poop","FossilizedHelix"],"potions_floor_usage":[50,55,55],"damage_taken":[{"damage":20.0,"enemies":"Small Slimes","floor":1.0,"turns":4.0},{"damage":0.0,"enemies":"Cultist","floor":2.0,"turns":3.0},{"damage":10.0,"enemies":"2 Louse","floor":4.0,"turns":3.0},{"damage":35.0,"enemies":"Gremlin Nob","floor":6.0,"turns":5.0},{"damage":8.0,"enemies":"Blue Slaver","floor":8.0,"turns":5.0},{"damage":19.0,"enemies":"Lagavulin","floor":11.0,"turns":8.0},{"damage":14.0,"enemies":"Gremlin Gang","floor":12.0,"turns":5.0},{"damage":33.0,"enemies":"Gremlin Nob","floor":13.0,"turns":4.0},{"damage":18.0,"enemies":"Hexaghost","floor":16.0,"turns":9.0},{"damage":10.0,"enemies":"Shell Parasite","floor":18.0,"turns":8.0},{"damage":8.0,"enemies":"Spheric Guardian","floor":20.0,"turns":6.0},{"damage":0.0,"enemies":"Snake Plant","floor":22.0,"turns":5.0},{"damage":48.0,"enemies":"Gremlin Leader","floor":24.0,"turns":6.0},{"damage":48.0,"enemies":"Cultist and Chosen","floor":27.0,"turns":7.0},{"damage":12.0,"enemies":"Snecko","floor":29.0,"turns":4.0},{"damage":19.0,"enemies":"Book of Stabbing","floor":30.0,"turns":5.0},{"damage":22.0,"enemies":"Champ","floor":33.0,"turns":10.0},{"damage":16.0,"enemies":"Orb Walker","floor":35.0,"turns":6.0},{"damage":7.0,"enemies":"3 Darklings","floor":37.0,"turns":5.0},{"damage":1.0,"enemies":"Jaw Worm Horde","floor":39.0,"turns":3.0},{"damage":4.0,"enemies":"Reptomancer","floor":42.0,"turns":3.0},{"damage":8,"enemies":"4 Shapes","floor":44,"turns":2},{"damage":22,"enemies":"3 Darklings","floor":46,"turns":2},{"damage":0,"enemies":"Maw","floor":48,"turns":10},{"damage":94,"enemies":"Time Eater","floor":50,"turns":13},{"damage":71,"enemies":"Shield and Spear","floor":54,"turns":9},{"damage":56,"enemies":"The Heart","floor":55,"turns":6}],"seed_played":"3662360374630502543","potions_obtained":[{"floor":1.0,"key":"Poison Potion"},{"floor":6.0,"key":"Poison Potion"},{"floor":12.0,"key":"PowerPotion"},{"floor":18.0,"key":"Fire Potion"},{"floor":19.0,"key":"Fruit Juice"},{"floor":19.0,"key":"Fruit Juice"},{"floor":19.0,"key":"SpeedPotion"},{"floor":22.0,"key":"FearPotion"},{"floor":54,"key":"Swift Potion"}],"is_trial":false,"path_per_floor":["M","M","$","M","?","E","R","M","T","R","E","M","E","?","R","B",null,"M","?","M","$","M","R","E","R","T","M","$","M","E","?","R","B",null,"M","?","M","$","M","R","$","E","T","M","R","M","?","M","R","B",null,"R","$","E","B"],"character_chosen":"IRONCLAD","items_purchased":["Apotheosis","Gremlin Horn","LiquidBronze"],"campfire_rested":6,"item_purchase_floors":[3,28,53],"current_hp_per_floor":[58,64,64,60,65,36,36,34,34,59,46,38,11,11,34,22,65,64,74,74,74,87,87,45,72,72,50,50,56,55,55,83,67,88,85,85,98,98,99,99,99,99,99,101,101,87,87,98,103,34,86,103,103,54,0],"gold":0,"neow_bonus":"HUNDRED_GOLD","is_prod":false,"is_daily":false,"chose_seed":false,"campfire_upgraded":3,"win_rate":0,"timestamp":1548198581,"path_taken":["M","M","$","M","?","E","R","M","T","R","E","M","E","?","R","BOSS","M","?","M","?","M","R","E","R","T","M","$","?","E","?","R","BOSS","M","?","M","$","?","R","$","E","T","M","R","?","?","M","R","BOSS","R","$","E","BOSS"],"build_version":"2019-01-17v2","purchased_purges":0,"victory":false,"max_hp_per_floor":[80,80,80,80,85,85,85,85,85,85,85,85,85,79,79,79,79,79,89,91,91,93,93,93,93,93,95,95,95,95,95,95,95,95,97,97,99,99,99,99,99,99,99,101,101,103,103,103,103,103,103,103,103,103,103],"card_choices":[{"not_picked":["Infernal Blade","Body Slam"],"picked":"Clothesline","floor":1.0},{"not_picked":["Clothesline","Havoc"],"picked":"Warcry","floor":2.0},{"not_picked":["Anger","Rampage"],"picked":"Body Slam","floor":4.0},{"not_picked":["Armaments","Rampage"],"picked":"Cleave","floor":6.0},{"not_picked":["Burning Pact","Flex"],"picked":"Shrug It Off","floor":8.0},{"not_picked":["Shrug It Off","Sword Boomerang"],"picked":"Barricade","floor":11.0},{"not_picked":["Heavy Blade","Pummel","Clothesline"],"picked":"Combust","floor":12.0},{"not_picked":["Disarm","Flame Barrier","Inflame"],"picked":"Impervious","floor":13.0},{"not_picked":["Limit Break","Fiend Fire","Exhume"],"picked":"Reaper","floor":16.0},{"not_picked":["Second Wind","Blood for Blood","Iron Wave"],"picked":"Flame Barrier+1","floor":18.0},{"not_picked":["Thunderclap+1","Headbutt","Havoc","Sword Boomerang"],"picked":"Singing Bowl","floor":20.0},{"not_picked":["Armaments+1","Thunderclap+1","Flex+1","Second Wind"],"picked":"Singing Bowl","floor":22.0},{"not_picked":["Bludgeon","Wild Strike","True Grit"],"picked":"Battle Trance+1","floor":24.0},{"not_picked":["Perfected Strike","Thunderclap","True Grit","Armaments+1"],"picked":"Singing Bowl","floor":27.0},{"not_picked":["Feel No Pain","Sword Boomerang+1","Havoc"],"picked":"Whirlwind","floor":29.0},{"not_picked":["Thunderclap","Sever Soul+1","Shrug It Off"],"picked":"Entrench","floor":30.0},{"not_picked":["Berserk","Feed","Limit Break"],"picked":"Fiend Fire","floor":33.0},{"not_picked":["Perfected Strike","Twin Strike","Anger+1","True Grit+1"],"picked":"Singing Bowl","floor":35.0},{"not_picked":["Twin Strike+1","Headbutt+1","Heavy Blade","Pommel Strike"],"picked":"Singing Bowl","floor":37.0},{"not_picked":["Fiend Fire","Thunderclap","Warcry"],"picked":"Dual Wield+1","floor":39.0},{"not_picked":["Burning Pact+1","Anger+1","Second Wind+1"],"picked":"True Grit+1","floor":42.0},{"not_picked":["Clash","Shrug It Off","Thunderclap","Blood for Blood+1"],"picked":"Singing Bowl","floor":44},{"not_picked":["Shockwave+1","Twin Strike","Clothesline","Heavy Blade"],"picked":"Singing Bowl","floor":46},{"not_picked":["Warcry+1","Clash+1","Wild Strike"],"picked":"Body Slam","floor":48},{"not_picked":["Seeing Red+1","Heavy Blade","Shrug It Off+1"],"picked":"Flame Barrier+1","floor":54}],"player_experience":152811,"relics_obtained":[{"floor":6.0,"key":"Shuriken"},{"floor":9.0,"key":"Singing Bowl"},{"floor":11.0,"key":"Question Card"},{"floor":13.0,"key":"Bottled Lightning"},{"floor":24.0,"key":"PreservedInsect"},{"floor":26.0,"key":"Meat on the Bone"},{"floor":30.0,"key":"Ornamental Fan"},{"floor":42.0,"key":"Bag of Marbles"},{"floor":54,"key":"FossilizedHelix"}],"event_choices":[{"damage_healed":0.0,"max_hp_gain":5.0,"max_hp_loss":0.0,"gold_gain":0.0,"event_name":"Big Fish","player_choice":"Donut","floor":5.0,"gold_loss":0.0,"damage_taken":0.0},{"damage_healed":0.0,"max_hp_gain":0.0,"max_hp_loss":6.0,"gold_gain":0.0,"event_name":"Golden Idol","player_choice":"Lose Max HP","floor":14.0,"gold_loss":0.0,"damage_taken":0.0,"relics_obtained":["Golden Idol"]},{"damage_healed":0.0,"max_hp_gain":0.0,"max_hp_loss":0.0,"gold_gain":0.0,"event_name":"Lab","player_choice":"Got Potions","floor":19.0,"gold_loss":0.0,"damage_taken":0.0},{"damage_healed":0.0,"max_hp_gain":0.0,"max_hp_loss":0.0,"gold_gain":0.0,"event_name":"Ghosts","player_choice":"Ignored","floor":31.0,"gold_loss":0.0,"damage_taken":0.0},{"cards_removed":["Strike_R"],"damage_healed":0.0,"max_hp_gain":0.0,"max_hp_loss":0.0,"gold_gain":0.0,"event_name":"Purifier","player_choice":"Purged","floor":36.0,"gold_loss":0.0,"damage_taken":0.0},{"cards_removed":["Normality"],"damage_healed":0,"gold_gain":0,"player_choice":"Offered Curse","damage_taken":0,"relics_obtained":["Spirit Poop"],"max_hp_gain":0,"max_hp_loss":0,"event_name":"Bonfire Elementals","floor":47,"gold_loss":0}],"is_beta":false,"boss_relics":[{"not_picked":["Fusion Hammer","Mark of Pain"],"picked":"Ectoplasm"},{"not_picked":["Runic Pyramid","Lizard Tail"],"picked":"Cursed Key"}],"items_purged_floors":[],"is_endless":false,"potions_floor_spawned":[1,6,12,18,22,27,30,42,44,54],"killed_by":"The Heart","ascension_level":8}