{"gold_per_floor":[119,129,142,67,85,85,112,127,150,177,191,191,223,223],"floor_reached":14,"playtime":979,"items_purged":["Clumsy"],"score":123,"play_id":"3282f28a-337a-4995-b3ef-7d755b86748a","local_time":"20181229125546","is_ascension_mode":true,"campfire_choices":[{"data":"Beam Cell","floor":6,"key":"SMITH"}],"neow_cost":"CURSE","seed_source_timestamp":656174780872951,"circlet_count":0,"master_deck":["Strike_B+1","Strike_B","Strike_B+1","Strike_B","Defend_B","Defend_B","Defend_B","Defend_B","Zap","Dualcast","Compile Driver","Beam Cell+1","Conserve Battery","Meteor Strike","Cold Snap"],"relics":["Cracked Core","Gambling Chip","Calipers","Omamori","Whetstone","Regal Pillow"],"potions_floor_usage":[10],"damage_taken":[{"damage":0,"enemies":"Cultist","floor":1,"turns":3},{"damage":2,"enemies":"Jaw Worm","floor":2,"turns":4},{"damage":0,"enemies":"2 Louse","floor":3,"turns":2},{"damage":1,"enemies":"2 Fungi Beasts","floor":5,"turns":3},{"damage":19,"enemies":"Gremlin Nob","floor":7,"turns":4},{"damage":18,"enemies":"Gremlin Gang","floor":8,"turns":5},{"damage":12,"enemies":"Lagavulin","floor":10,"turns":6},{"damage":1,"enemies":"Looter","floor":11,"turns":2},{"damage":16,"enemies":"Gremlin Nob","floor":13,"turns":4},{"damage":8,"enemies":"3 Louse","floor":14,"turns":1}],"seed_played":"5192877819456707612","potions_obtained":[{"floor":2,"key":"AttackPotion"},{"floor":5,"key":"LiquidBronze"},{"floor":7,"key":"AttackPotion"}],"is_trial":false,"path_per_floor":["M","M","M","$","M","R","E","M","T","E","M","?","E","M"],"character_chosen":"DEFECT","items_purchased":[],"campfire_rested":0,"item_purchase_floors":[],"current_hp_per_floor":[75,73,73,73,72,72,53,35,35,23,22,22,6,0],"gold":223,"neow_bonus":"ONE_RARE_RELIC","is_prod":false,"is_daily":false,"chose_seed":false,"campfire_upgraded":1,"win_rate":0,"timestamp":1546100746,"path_taken":["M","?","M","$","M","R","E","M","T","E","M","?","E","?"],"build_version":"2018-12-20","purchased_purges":1,"victory":false,"max_hp_per_floor":[75,75,75,75,75,75,75,75,75,75,75,75,75,75],"card_choices":[{"not_picked":["Auto Shields","Recycle"],"picked":"Compile Driver","floor":1},{"not_picked":["Go for the Eyes","Conserve Battery"],"picked":"Beam Cell","floor":2},{"not_picked":["Reboot","Lockon","Steam Power"],"picked":"SKIP","floor":3},{"not_picked":["Double Energy","Glacier"],"picked":"Conserve Battery","floor":5},{"not_picked":["Loop","Blizzard","Compile Driver"],"picked":"SKIP","floor":7},{"not_picked":["Redo","Rebound","Capacitor"],"picked":"SKIP","floor":8},{"not_picked":["Static Discharge","Streamline","Turbo"],"picked":"SKIP","floor":10},{"not_picked":["Steam","Creative AI","Scrape"],"picked":"SKIP","floor":11},{"not_picked":["Echo Form","Scrape"],"picked":"Cold Snap","floor":13}],"player_experience":95264,"relics_obtained":[{"floor":7,"key":"Calipers"},{"floor":9,"key":"Omamori"},{"floor":10,"key":"Whetstone"},{"floor":13,"key":"Regal Pillow"}],"event_choices":[{"damage_healed":0,"gold_gain":0,"player_choice":"1 cards matched","damage_taken":0,"max_hp_gain":0,"max_hp_loss":0,"event_name":"Match and Keep!","floor":12,"gold_loss":0,"cards_obtained":["Meteor Strike"]}],"is_beta":false,"boss_relics":[],"items_purged_floors":[4],"is_endless":false,"potions_floor_spawned":[2,5,7],"killed_by":"3 Louse","ascension_level":2}