{"gold_per_floor":[364,364,240,240,260,287,287,300,300,300,331,331,347,377,377,478,478,460,28,45,45,45,79,79,89,89,107,139,39,0,18,18,18],"floor_reached":33,"playtime":2842,"items_purged":["Strike_B","Shame"],"score":361,"play_id":"eacc1b31-8054-4e73-8f9f-591187c14b1d","local_time":"20181229121625","is_ascension_mode":true,"campfire_choices":[{"floor":7,"key":"REST"},{"data":"Conserve Battery","floor":10,"key":"SMITH"},{"floor":12,"key":"REST"},{"data":"Sweeping Beam","floor":15,"key":"SMITH"},{"floor":24,"key":"REST"},{"data":"1","floor":32,"key":"LIFT"}],"neow_cost":"PERCENT_DAMAGE","seed_source_timestamp":651949695286484,"circlet_count":0,"master_deck":["Strike_B","Strike_B","Strike_B+1","Defend_B","Defend_B","Defend_B","Defend_B+1","Zap","Dualcast","Coolheaded","Conserve Battery+1","Cold Snap","Gash","Sweeping Beam+1","Coolheaded+1","Streamline","Ball Lightning+1","Coolheaded+1","Compile Driver","Stack+1"],"relics":["Cracked Core","Blood Vial","Kunai","Frozen Egg 2","Pocketwatch","Lantern","Inserter","Runic Capacitor","Mercury Hourglass","Toxic Egg 2","Ornamental Fan","Girya","Boot"],"potions_floor_usage":[23,28,33,33],"damage_taken":[{"damage":0,"enemies":"2 Louse","floor":1,"turns":2},{"damage":0,"enemies":"Jaw Worm","floor":5,"turns":4},{"damage":15,"enemies":"Lagavulin","floor":6,"turns":12},{"damage":4,"enemies":"Small Slimes","floor":8,"turns":4},{"damage":11,"enemies":"Gremlin Nob","floor":11,"turns":5},{"damage":0,"enemies":"Blue Slaver","floor":13,"turns":3},{"damage":0,"enemies":"Lagavulin","floor":14,"turns":7},{"damage":17,"enemies":"Slime Boss","floor":16,"turns":12},{"damage":10,"enemies":"2 Thieves","floor":18,"turns":4},{"damage":6,"enemies":"Chosen","floor":20,"turns":4},{"damage":35,"enemies":"Slavers","floor":23,"turns":6},{"damage":17,"enemies":"Snecko","floor":25,"turns":4},{"damage":5,"enemies":"Centurion and Healer","floor":27,"turns":8},{"damage":5,"enemies":"Gremlin Leader","floor":28,"turns":6},{"damage":0,"enemies":"Chosen and Byrds","floor":31,"turns":5},{"damage":78,"enemies":"Collector","floor":33,"turns":8}],"seed_played":"3012002656733146651","potions_obtained":[{"floor":5,"key":"Ancient Potion"},{"floor":8,"key":"Energy Potion"},{"floor":13,"key":"FairyPotion"},{"floor":23,"key":"Poison Potion"},{"floor":25,"key":"Block Potion"},{"floor":28,"key":"SpeedPotion"}],"is_trial":false,"path_per_floor":["M","?","$","?","M","E","R","M","T","R","E","R","M","E","R","B",null,"M","$","M","?","?","E","R","M","T","M","E","$","?","M","R","B"],"character_chosen":"DEFECT","items_purchased":["Conserve Battery","Runic Capacitor","Mercury Hourglass"],"campfire_rested":3,"item_purchase_floors":[3,19,19],"current_hp_per_floor":[54,39,39,27,29,16,38,36,36,36,27,49,51,53,53,38,75,65,65,61,61,61,28,50,35,35,32,29,29,29,31,31,0],"gold":18,"neow_bonus":"TWO_FIFTY_GOLD","is_prod":false,"is_daily":false,"chose_seed":false,"campfire_upgraded":2,"win_rate":0,"timestamp":1546098385,"path_taken":["M","?","$","?","M","E","R","M","T","R","E","R","M","E","R","BOSS","M","$","M","?","?","E","R","M","T","M","E","?","?","M","R","BOSS"],"build_version":"2018-12-20","purchased_purges":2,"victory":false,"max_hp_per_floor":[75,75,75,75,75,75,75,75,75,75,75,75,75,75,75,75,75,75,75,75,75,75,75,75,75,75,75,75,75,75,75,75,75],"card_choices":[{"not_picked":["Barrage","Stack"],"picked":"Coolheaded","floor":1},{"not_picked":["Chill","Glacier"],"picked":"Cold Snap","floor":5},{"not_picked":["Biased Cognition","Leap"],"picked":"Gash","floor":6},{"not_picked":["Turbo","Barrage","Beam Cell"],"picked":"SKIP","floor":8},{"not_picked":["Turbo","Scrape","BootSequence"],"picked":"SKIP","floor":11},{"not_picked":["Reinforced Body","Double Energy"],"picked":"Sweeping Beam","floor":13},{"not_picked":["Undo","Redo","Thunder Strike"],"picked":"SKIP","floor":14},{"not_picked":["Redo","Melter"],"picked":"Coolheaded+1","floor":18},{"not_picked":["Barrage","Machine Learning+1"],"picked":"Streamline","floor":20},{"not_picked":["Static Discharge+1","Stack+1"],"picked":"Ball Lightning+1","floor":23},{"not_picked":["Cold Snap","Barrage"],"picked":"Coolheaded+1","floor":25},{"not_picked":["White Noise+1","Sunder","Coolheaded+1"],"picked":"SKIP","floor":27},{"not_picked":["Rip and Tear","Steam+1"],"picked":"Compile Driver","floor":28},{"not_picked":["Consume+1","Amplify+1"],"picked":"Stack+1","floor":31}],"player_experience":91066,"relics_obtained":[{"floor":6,"key":"Kunai"},{"floor":9,"key":"Frozen Egg 2"},{"floor":11,"key":"Pocketwatch"},{"floor":14,"key":"Lantern"},{"floor":23,"key":"Ornamental Fan"},{"floor":26,"key":"Girya"},{"floor":28,"key":"Boot"}],"event_choices":[{"damage_healed":0,"gold_gain":0,"player_choice":"Entered Light","damage_taken":15,"max_hp_gain":0,"max_hp_loss":0,"event_name":"Shining Light","floor":2,"gold_loss":0,"cards_upgraded":["Strike_B","Defend_B"]},{"damage_healed":0,"gold_gain":0,"player_choice":"Success","damage_taken":12,"relics_obtained":["Blood Vial"],"max_hp_gain":0,"max_hp_loss":0,"event_name":"Scrap Ooze","floor":4,"gold_loss":0},{"damage_healed":0,"gold_gain":0,"player_choice":"Ignored","damage_taken":0,"max_hp_gain":0,"max_hp_loss":0,"event_name":"Cursed Tome","floor":21,"gold_loss":0},{"damage_healed":0,"gold_gain":0,"player_choice":"Stole Relic","damage_taken":0,"relics_obtained":["Toxic Egg 2"],"max_hp_gain":0,"max_hp_loss":0,"event_name":"Addict","floor":22,"gold_loss":0,"cards_obtained":["Shame"]},{"damage_healed":0,"gold_gain":0,"player_choice":"Paid Fearfully","damage_taken":0,"max_hp_gain":0,"max_hp_loss":0,"event_name":"Masked Bandits","floor":30,"gold_loss":39}],"is_beta":false,"boss_relics":[{"not_picked":["Snecko Eye","Runic Pyramid"],"picked":"Inserter"}],"items_purged_floors":[3,29],"is_endless":false,"potions_floor_spawned":[5,8,13,23,25,28],"killed_by":"Collector","ascension_level":2}