{"gold_per_floor":[363,383,28,66,79,79,150,150,174,174,174,174],"floor_reached":12,"playtime":334,"items_purged":[],"score":129,"play_id":"32225e38-a593-4893-8f26-27a65a1b0975","local_time":"20190108045921","is_ascension_mode":true,"campfire_choices":[{"data":"Barricade","floor":6.0,"key":"SMITH"},{"data":"HandOfGreed","floor":11.0,"key":"SMITH"}],"neow_cost":"PERCENT_DAMAGE","seed_source_timestamp":2697653565155038,"circlet_count":0,"master_deck":["AscendersBane","Strike_R","Strike_R","Strike_R","Strike_R","Strike_R","Defend_R","Defend_R","Defend_R","Defend_R","Bash","Infernal Blade","Body Slam","HandOfGreed+1","Barricade+1","Evolve","Ghostly Armor","Offering"],"special_seed":0,"relics":["Burning Blood","Matryoshka","The Courier","Smiling Mask"],"potions_floor_usage":[],"damage_taken":[{"damage":2.0,"enemies":"Cultist","floor":1.0,"turns":4.0},{"damage":4.0,"enemies":"Small Slimes","floor":2.0,"turns":4.0},{"damage":0.0,"enemies":"2 Louse","floor":4.0,"turns":1.0},{"damage":12.0,"enemies":"2 Fungi Beasts","floor":5.0,"turns":4.0},{"damage":60,"enemies":"Lagavulin","floor":12,"turns":7}],"seed_played":"6502161855576774129","potions_obtained":[{"floor":1.0,"key":"SkillPotion"},{"floor":5.0,"key":"Ancient Potion"}],"is_trial":false,"path_per_floor":["M","M","$","M","M","R","T","?","T","?","R","E"],"character_chosen":"IRONCLAD","items_purchased":["HandOfGreed","Barricade"],"campfire_rested":0,"item_purchase_floors":[3,3],"current_hp_per_floor":[54,56,56,62,56,56,56,56,56,56,56,0],"gold":174,"neow_bonus":"TWO_FIFTY_GOLD","is_prod":false,"is_daily":false,"chose_seed":false,"campfire_upgraded":2,"win_rate":0,"timestamp":1546919961,"path_taken":["M","M","$","M","M","R","?","?","T","?","R","E"],"build_version":"2019-01-03v4","purchased_purges":0,"victory":false,"max_hp_per_floor":[75,75,75,75,75,75,75,75,75,75,75,75],"card_choices":[{"not_picked":["Perfected Strike","Flex"],"picked":"Infernal Blade","floor":1.0},{"not_picked":["Flex","Searing Blow"],"picked":"Body Slam","floor":2.0},{"not_picked":["Sword Boomerang","Wild Strike"],"picked":"Evolve","floor":4.0},{"not_picked":["Cleave","Fire Breathing"],"picked":"Ghostly Armor","floor":5.0}],"player_experience":683329,"relics_obtained":[{"floor":7.0,"key":"Matryoshka"},{"floor":9.0,"key":"The Courier"},{"floor":9.0,"key":"Smiling Mask"}],"event_choices":[{"damage_healed":0.0,"max_hp_gain":0.0,"max_hp_loss":0.0,"gold_gain":0.0,"event_name":"Golden Idol","player_choice":"Ignored","floor":8.0,"gold_loss":0.0,"damage_taken":0.0},{"damage_healed":0.0,"max_hp_gain":0.0,"max_hp_loss":0.0,"gold_gain":0.0,"event_name":"Match and Keep!","player_choice":"1 cards matched","floor":10.0,"gold_loss":0.0,"damage_taken":0.0,"cards_obtained":["Offering"]}],"is_beta":false,"boss_relics":[],"items_purged_floors":[],"is_endless":false,"potions_floor_spawned":[1,5],"killed_by":"Lagavulin","ascension_level":18}