{"gold_per_floor":[119,130,55,55,75,101,101,131,155,155,120,140,140,158,158,256,256],"floor_reached":17,"playtime":560,"items_purged":["Dualcast"],"score":165,"play_id":"7df5f716-c5f4-47f8-b95e-991074d6e262","local_time":"20180729214224","is_ascension_mode":false,"campfire_choices":[{"data":"Zap","floor":7,"key":"SMITH"},{"data":"Static Discharge","floor":10,"key":"SMITH"},{"data":"Static Discharge","floor":13,"key":"SMITH"},{"floor":15,"key":"REST"}],"neow_cost":"NONE","seed_source_timestamp":681555076572685,"circlet_count":0,"master_deck":["Zap+1","Static Discharge+1","Sweeping Beam","Steam","Leap","Static Discharge+1","Gash","Genetic Algorithm","Echo Form","Reprogram","Genetic Algorithm","Go for the Eyes","Cold Snap","Redo","BootSequence","Doom and Gloom","Auto Shields"],"relics":["Cracked Core","Centennial Puzzle","Boot","Omamori","Pandora\u0027s Box"],"potions_floor_usage":[],"damage_taken":[{"damage":4,"enemies":"Small Slimes","floor":1,"turns":4},{"damage":0,"enemies":"Cultist","floor":2,"turns":4},{"damage":2,"enemies":"Jaw Worm","floor":5,"turns":5},{"damage":25,"enemies":"3 Sentries","floor":6,"turns":6},{"damage":13,"enemies":"Lagavulin","floor":8,"turns":8},{"damage":6,"enemies":"Exordium Wildlife","floor":12,"turns":3},{"damage":6,"enemies":"Looter","floor":14,"turns":2},{"damage":43,"enemies":"Slime Boss","floor":16,"turns":7}],"seed_played":"7766921894554089023","potions_obtained":[{"floor":6,"key":"PowerPotion"}],"is_trial":false,"path_per_floor":["M","M","$","?","M","E","R","E","T","R","?","M","R","M","R","B"],"character_chosen":"DEFECT","items_purchased":[],"campfire_rested":1,"item_purchase_floors":[],"current_hp_per_floor":[71,71,71,71,69,44,44,31,31,31,49,43,43,37,59,16,16],"gold":256,"neow_bonus":"THREE_SMALL_POTIONS","is_prod":false,"is_daily":false,"chose_seed":false,"campfire_upgraded":3,"win_rate":0.0,"timestamp":1532893344,"path_taken":["M","M","$","?","M","E","R","E","T","R","?","?","R","M","R","BOSS"],"build_version":"2018-07-26","purchased_purges":1,"victory":false,"max_hp_per_floor":[75,75,75,75,75,75,75,75,75,75,75,75,75,75,75,75,75],"card_choices":[{"not_picked":["Coolheaded","Beam Cell"],"picked":"Static Discharge","floor":1},{"not_picked":["Heatsinks","Skim"],"picked":"Sweeping Beam","floor":2},{"not_picked":["Reprogram","Scrape"],"picked":"Steam","floor":5},{"not_picked":["Auto Shields","Chaos"],"picked":"Leap","floor":6},{"not_picked":["Auto Shields","Cold Snap"],"picked":"Static Discharge","floor":8},{"not_picked":["Steam Power","Rebound"],"picked":"Gash","floor":12},{"not_picked":["Creative AI","Sweeping Beam"],"picked":"Genetic Algorithm","floor":14},{"not_picked":["Biased Cognition","All For One"],"picked":"Echo Form","floor":16}],"player_experience":218710,"relics_obtained":[{"floor":6,"key":"Centennial Puzzle"},{"floor":8,"key":"Boot"},{"floor":9,"key":"Omamori"}],"event_choices":[{"event_name":"FaceTrader","player_choice":"Leave","floor":4,"damage_taken":0},{"event_name":"The Cleric","player_choice":"Healed","floor":11,"damage_taken":0}],"is_beta":false,"boss_relics":[{"not_picked":["Fusion Hammer","Empty Cage"],"picked":"Pandora\u0027s Box"}],"items_purged_floors":[3],"is_endless":false,"potions_floor_spawned":[1,6,12],"ascension_level":0}