{"gold_per_floor":[114,189,205,205,57,57,69,88,88,88,101,133,33,58,58,158,158,170,183,282,296,47,47,47,47],"floor_reached":25,"playtime":1121,"items_purged":["Strike_B","Defend_B"],"score":211,"play_id":"e1ad6552-77d2-44b3-bac9-b6f748276e6f","local_time":"20190127124036","is_ascension_mode":false,"campfire_choices":[{"data":"Defend_B","floor":6,"key":"SMITH"},{"data":"Fusion","floor":10,"key":"SMITH"},{"floor":15,"key":"REST"},{"floor":23,"key":"REST"}],"neow_cost":"NONE","seed_source_timestamp":672401272845324,"circlet_count":0,"master_deck":["Strike_B","Strike_B","Strike_B","Defend_B+1","Defend_B","Defend_B","Zap","Dualcast","Meteor Strike","Defragment","Fusion+1","Redo","Reinforced Body","Double Energy","Multi-Cast","Conserve Battery","Capacitor","White Noise+1"],"relics":["Cracked Core","NeowsBlessing","Pear","Ancient Tea Set","Calipers","White Beast Statue","Bottled Lightning"],"potions_floor_usage":[14,16,25,25],"damage_taken":[{"damage":0,"enemies":"Jaw Worm","floor":1,"turns":1},{"damage":0,"enemies":"Cultist","floor":3,"turns":1},{"damage":0,"enemies":"Small Slimes","floor":7,"turns":1},{"damage":12,"enemies":"Exordium Wildlife","floor":8,"turns":4},{"damage":3,"enemies":"Red Slaver","floor":11,"turns":5},{"damage":31,"enemies":"Lagavulin","floor":12,"turns":8},{"damage":14,"enemies":"Gremlin Nob","floor":14,"turns":4},{"damage":22,"enemies":"The Guardian","floor":16,"turns":14},{"damage":38,"enemies":"Spheric Guardian","floor":18,"turns":6},{"damage":0,"enemies":"Chosen","floor":19,"turns":5},{"damage":25,"enemies":"Snecko","floor":21,"turns":6},{"damage":51,"enemies":"Centurion and Healer","floor":25,"turns":7}],"seed_played":"-3048751463861354792","potions_obtained":[{"floor":1,"key":"Strength Potion"},{"floor":7,"key":"Energy Potion"},{"floor":12,"key":"Poison Potion"},{"floor":14,"key":"AttackPotion"},{"floor":18,"key":"PowerPotion"},{"floor":21,"key":"Swift Potion"}],"is_trial":false,"path_per_floor":["M","?","M","?","$","R","M","M","T","R","M","E","$","E","R","B",null,"M","M","?","M","$","R","?","M"],"character_chosen":"DEFECT","items_purchased":["Meteor Strike","Bottled Lightning"],"campfire_rested":2,"item_purchase_floors":[5,22],"current_hp_per_floor":[75,64,64,64,64,64,64,52,62,62,59,28,28,14,39,17,85,47,47,47,22,22,47,47,0],"gold":47,"neow_bonus":"THREE_ENEMY_KILL","is_prod":false,"is_daily":false,"chose_seed":false,"campfire_upgraded":2,"win_rate":0,"timestamp":1548605436,"path_taken":["M","?","M","?","$","R","M","?","T","R","M","E","$","E","R","BOSS","M","?","?","M","$","R","?","M"],"build_version":"2019-01-23","purchased_purges":2,"victory":false,"max_hp_per_floor":[75,75,75,75,75,75,75,75,85,85,85,85,85,85,85,85,85,85,85,85,85,85,85,85,85],"card_choices":[{"not_picked":["Undo","Chaos","Barrage"],"picked":"SKIP","floor":1},{"not_picked":["Static Discharge","Skim","Rip and Tear"],"picked":"SKIP","floor":3},{"not_picked":["Beam Cell","Lockon"],"picked":"Defragment","floor":7},{"not_picked":["Cold Snap","Loop"],"picked":"Fusion","floor":8},{"not_picked":["Gash","Steam"],"picked":"Redo","floor":11},{"not_picked":["Auto Shields","Reprogram"],"picked":"Reinforced Body","floor":12},{"not_picked":["Steam","Gash"],"picked":"Double Energy","floor":14},{"not_picked":["Seek","Rainbow"],"picked":"Multi-Cast","floor":16},{"not_picked":["Rebound","Coolheaded"],"picked":"Conserve Battery","floor":18},{"not_picked":["Hologram+1","Conserve Battery"],"picked":"Capacitor","floor":19},{"not_picked":["Storm","BootSequence"],"picked":"White Noise","floor":21}],"player_experience":244571,"relics_obtained":[{"floor":9,"key":"Pear"},{"floor":12,"key":"Ancient Tea Set"},{"floor":14,"key":"Calipers"}],"event_choices":[{"damage_healed":0,"gold_gain":75,"player_choice":"Gather Gold","damage_taken":11,"max_hp_gain":0,"max_hp_loss":0,"event_name":"World of Goop","floor":2,"gold_loss":0},{"damage_healed":0,"gold_gain":0,"player_choice":"Ignored","damage_taken":0,"max_hp_gain":0,"max_hp_loss":0,"event_name":"NoteForYourself","floor":4,"gold_loss":0},{"damage_healed":0,"gold_gain":99,"player_choice":"Stole From Cult","damage_taken":0,"max_hp_gain":0,"max_hp_loss":0,"event_name":"Nest","floor":20,"gold_loss":0},{"damage_healed":0,"gold_gain":0,"player_choice":"Upgraded","damage_taken":0,"max_hp_gain":0,"max_hp_loss":0,"event_name":"Upgrade Shrine","floor":24,"gold_loss":0,"cards_upgraded":["White Noise"]}],"is_beta":false,"boss_relics":[{"not_picked":["Runic Dome","Cursed Key"],"picked":"White Beast Statue"}],"items_purged_floors":[5,13],"is_endless":false,"potions_floor_spawned":[1,7,12,14,18,19,21],"killed_by":"Centurion and Healer","ascension_level":0}