{"gold_per_floor":[115,115,130,130,147,147,176,193,193,0,0,0,16,41,41,141,141,152,152,152,164,72,102,122,122,122,140,160,171,190,215,215,311,311,329,89,105,117,217,251,251,265,265,278,297,328,428,428,428,428],"floor_reached":50,"playtime":8543,"items_purged":["Doppelganger"],"score":706,"play_id":"dd758908-218d-4f18-863a-6f11b0f85341","local_time":"20190125025728","is_ascension_mode":false,"campfire_choices":[{"data":"Noxious Fumes","floor":6.0,"key":"SMITH"},{"floor":12.0,"key":"REST"},{"floor":15.0,"key":"REST"},{"data":"Noxious Fumes","floor":25.0,"key":"SMITH"},{"floor":32.0,"key":"REST"},{"data":"After Image","floor":41,"key":"SMITH"},{"floor":49,"key":"REST"}],"neow_cost":"NONE","seed_source_timestamp":0,"circlet_count":0,"master_deck":["Defend_G+1","Defend_G+1","Defend_G+1","Defend_G+1","Defend_G+1","Strike_G+1","Strike_G+1","Strike_G+1","Strike_G+1","Strike_G+1","Survivor","Neutralize+1","Quick Slash","Noxious Fumes+1","Noxious Fumes+1","Adrenaline+1","Heel Hook","Sadistic Nature","Prepared","Dash","Outmaneuver","Acrobatics+1","Noxious Fumes","Flying Knee","Dagger Throw+1","Deadly Poison+1","Deflect+1","Dash","Deflect","Blade Dance+1","Finisher","After Image+1","Outmaneuver+1","Metamorphosis","Deflect","Slice","Noxious Fumes","Parasite","Quick Slash+1","Outmaneuver+1","Slice","Noxious Fumes","Heel Hook+1"],"special_seed":0,"relics":["Ring of the Serpent","Gambling Chip","Mummified Hand","Mercury Hourglass","Runic Pyramid","MutagenicStrength","Pen Nib","FossilizedHelix","Nunchaku","Boot","Anchor","Strawberry","Pocketwatch"],"potions_floor_usage":[46,46,46,46,46,46,50,50],"damage_taken":[{"damage":5.0,"enemies":"Small Slimes","floor":1.0,"turns":5.0},{"damage":5.0,"enemies":"Jaw Worm","floor":3.0,"turns":4.0},{"damage":4.0,"enemies":"Cultist","floor":5.0,"turns":3.0},{"damage":16.0,"enemies":"3 Sentries","floor":7.0,"turns":6.0},{"damage":0.0,"enemies":"Looter","floor":8.0,"turns":3.0},{"damage":0.0,"enemies":"Gremlin Gang","floor":13.0,"turns":3.0},{"damage":24.0,"enemies":"Gremlin Nob","floor":14.0,"turns":4.0},{"damage":0.0,"enemies":"Hexaghost","floor":16.0,"turns":8.0},{"damage":1.0,"enemies":"3 Byrds","floor":18.0,"turns":3.0},{"damage":0.0,"enemies":"Shell Parasite","floor":21.0,"turns":5.0},{"damage":9.0,"enemies":"Slavers","floor":23.0,"turns":5.0},{"damage":2.0,"enemies":"Centurion and Healer","floor":24.0,"turns":4.0},{"damage":7.0,"enemies":"Snake Plant","floor":27.0,"turns":3.0},{"damage":0.0,"enemies":"3 Cultists","floor":28.0,"turns":3.0},{"damage":0.0,"enemies":"Cultist and Chosen","floor":29.0,"turns":4.0},{"damage":0.0,"enemies":"Sentry and Sphere","floor":30.0,"turns":4.0},{"damage":0.0,"enemies":"Book of Stabbing","floor":31.0,"turns":4.0},{"damage":25.0,"enemies":"Automaton","floor":33.0,"turns":8.0},{"damage":0,"enemies":"3 Shapes","floor":35,"turns":4},{"damage":0,"enemies":"3 Darklings","floor":37,"turns":4},{"damage":0,"enemies":"4 Shapes","floor":38,"turns":4},{"damage":0,"enemies":"Giant Head","floor":40,"turns":7},{"damage":19,"enemies":"Writhing Mass","floor":42,"turns":5},{"damage":0,"enemies":"Maw","floor":44,"turns":6},{"damage":6,"enemies":"Spire Growth","floor":45,"turns":4},{"damage":17,"enemies":"Reptomancer","floor":46,"turns":4},{"damage":0,"enemies":"Mind Bloom Boss Battle","floor":47,"turns":6},{"damage":69,"enemies":"Awakened One","floor":50,"turns":11}],"seed_played":"218109807282811580","potions_obtained":[{"floor":1.0,"key":"EntropicBrew"},{"floor":8.0,"key":"LiquidBronze"},{"floor":14.0,"key":"Weak Potion"},{"floor":18.0,"key":"LiquidBronze"},{"floor":24.0,"key":"Fire Potion"},{"floor":27.0,"key":"Ancient Potion"},{"floor":29.0,"key":"FearPotion"},{"floor":31.0,"key":"EntropicBrew"},{"floor":35,"key":"Dexterity Potion"},{"floor":38,"key":"FearPotion"},{"floor":42,"key":"SkillPotion"}],"is_trial":false,"path_per_floor":["M","?","M","$","M","R","E","M","T","$","?","R","M","E","R","B",null,"M","?","?","M","$","E","M","R","T","M","M","M","M","E","R","B",null,"M","$","M","M","?","E","R","M","T","M","M","E","?","?","R","B"],"character_chosen":"THE_SILENT","items_purchased":["Sadistic Nature","Noxious Fumes","Flying Knee","Metamorphosis"],"campfire_rested":4,"item_purchase_floors":[10,22,22,36],"current_hp_per_floor":[72,57,52,52,48,48,32,32,32,32,32,55,55,31,54,54,77,76,76,76,76,76,67,65,65,65,58,58,58,58,58,77,52,77,77,77,77,77,77,77,77,58,58,58,52,42,42,42,67,0],"gold":428,"neow_bonus":"TEN_PERCENT_HP_BONUS","is_prod":false,"is_daily":false,"chose_seed":false,"campfire_upgraded":3,"win_rate":0.0,"timestamp":1548403048,"path_taken":["M","?","M","$","M","R","E","M","T","$","?","R","M","E","R","BOSS","M","?","?","M","?","E","M","R","T","M","M","?","M","E","R","BOSS","M","$","M","M","?","E","R","M","T","?","M","E","?","?","R","BOSS"],"build_version":"2019-01-23","purchased_purges":1,"victory":false,"max_hp_per_floor":[77,77,77,77,77,77,77,77,77,77,77,77,77,77,77,77,77,77,77,77,77,77,77,77,77,77,77,77,77,77,77,77,77,77,77,77,77,77,77,77,77,77,77,77,77,84,84,84,84,84],"card_choices":[{"not_picked":["Distraction","Prepared"],"picked":"Quick Slash","floor":1.0},{"not_picked":["Choke","Sucker Punch"],"picked":"Noxious Fumes","floor":3.0},{"not_picked":["Poisoned Stab","Underhanded Strike"],"picked":"Noxious Fumes","floor":5.0},{"not_picked":["Outmaneuver","Backstab"],"picked":"Adrenaline","floor":7.0},{"not_picked":["PiercingWail","Finisher"],"picked":"Heel Hook","floor":8.0},{"not_picked":["Deadly Poison","Distraction"],"picked":"Prepared","floor":13.0},{"not_picked":["Dodge and Roll","Dagger Throw"],"picked":"Dash","floor":14.0},{"not_picked":["Venomology","Tools of the Trade"],"picked":"Doppelganger","floor":16.0},{"not_picked":["Deadly Poison","Skewer"],"picked":"Outmaneuver","floor":18.0},{"not_picked":["Wraith Form v2","Infinite Blades"],"picked":"Acrobatics+1","floor":21.0},{"not_picked":["Footwork","Choke+1"],"picked":"Dagger Throw+1","floor":23.0},{"not_picked":["Backflip","Riddle With Holes"],"picked":"Deadly Poison+1","floor":24.0},{"not_picked":["Blade Dance+1","Outmaneuver+1"],"picked":"Deflect+1","floor":27.0},{"not_picked":["Dagger Spray","Flying Knee"],"picked":"Dash","floor":28.0},{"not_picked":["Dagger Throw","Deadly Poison"],"picked":"Deflect","floor":29.0},{"not_picked":["Envenom","Skewer"],"picked":"Blade Dance+1","floor":30.0},{"not_picked":["Flechettes","Acrobatics"],"picked":"Finisher","floor":31.0},{"not_picked":["Die Die Die","Phantasmal Killer"],"picked":"After Image","floor":33.0},{"not_picked":["Quick Slash","Footwork+1"],"picked":"Outmaneuver+1","floor":35},{"not_picked":["Outmaneuver+1","Underhanded Strike+1"],"picked":"Deflect","floor":37},{"not_picked":["Blade Dance","Underhanded Strike+1"],"picked":"Slice","floor":38},{"not_picked":["Prepared","Footwork"],"picked":"Noxious Fumes","floor":40},{"not_picked":["Poisoned Stab","Eviscerate+1"],"picked":"Quick Slash+1","floor":42},{"not_picked":["Flechettes+1","Blade Dance"],"picked":"Outmaneuver+1","floor":44},{"not_picked":["Tools of the Trade","Expertise"],"picked":"Slice","floor":45},{"not_picked":["Endless Agony","Escape Plan"],"picked":"Noxious Fumes","floor":46},{"not_picked":["Dagger Spray","Riddle With Holes+1"],"picked":"Heel Hook+1","floor":47}],"player_experience":10582,"relics_obtained":[{"floor":7.0,"key":"Gambling Chip"},{"floor":9.0,"key":"Mummified Hand"},{"floor":14.0,"key":"Mercury Hourglass"},{"floor":23.0,"key":"Pen Nib"},{"floor":26.0,"key":"FossilizedHelix"},{"floor":31.0,"key":"Nunchaku"},{"floor":40,"key":"Boot"},{"floor":43,"key":"Anchor"},{"floor":46,"key":"Strawberry"},{"floor":47,"key":"Pocketwatch"}],"event_choices":[{"damage_healed":0.0,"max_hp_gain":0.0,"max_hp_loss":0.0,"gold_gain":0.0,"event_name":"Shining Light","player_choice":"Entered Light","floor":2.0,"gold_loss":0.0,"damage_taken":15.0,"cards_upgraded":["Defend_G","Neutralize"]},{"damage_healed":0.0,"max_hp_gain":0.0,"max_hp_loss":0.0,"gold_gain":0.0,"event_name":"Liars Game","player_choice":"Ignored","floor":11.0,"gold_loss":0.0,"damage_taken":0.0},{"damage_healed":0.0,"max_hp_gain":0.0,"max_hp_loss":0.0,"gold_gain":0.0,"event_name":"Drug Dealer","player_choice":"Inject Mutagens","floor":19.0,"gold_loss":0.0,"damage_taken":0.0,"relics_obtained":["MutagenicStrength"]},{"damage_healed":0.0,"max_hp_gain":0.0,"max_hp_loss":0.0,"gold_gain":0.0,"event_name":"Back to Basics","player_choice":"Simplicity","floor":20.0,"gold_loss":0.0,"damage_taken":0.0,"cards_upgraded":["Defend_G","Defend_G","Defend_G","Defend_G","Strike_G","Strike_G","Strike_G","Strike_G","Strike_G"]},{"damage_healed":0,"gold_gain":100,"player_choice":"Pray","damage_taken":0,"max_hp_gain":0,"max_hp_loss":0,"event_name":"Golden Shrine","floor":39,"gold_loss":0},{"damage_healed":0,"gold_gain":0,"player_choice":"Fight","damage_taken":0,"max_hp_gain":0,"max_hp_loss":0,"event_name":"MindBloom","floor":47,"gold_loss":0},{"damage_healed":0,"gold_gain":0,"player_choice":"Forge","damage_taken":0,"max_hp_gain":0,"max_hp_loss":0,"event_name":"Accursed Blacksmith","floor":48,"gold_loss":0,"cards_upgraded":["Adrenaline"]}],"is_beta":false,"boss_relics":[{"not_picked":["Coffee Dripper","Orrery"],"picked":"Runic Pyramid"},{"not_picked":["White Beast Statue","Snecko Eye"],"picked":"Ring of the Serpent"}],"items_purged_floors":[36],"is_endless":false,"potions_floor_spawned":[1,8,14,18,24,27,29,31,35,38,42],"killed_by":"Awakened One","ascension_level":0}