{"gold_per_floor":[117,117,128,140,65,98,98,109,109,109],"floor_reached":10,"playtime":355,"items_purged":["Pain"],"score":99,"play_id":"4351aeb4-ec72-42d8-9573-3e548695c99f","local_time":"20190126131955","is_ascension_mode":true,"campfire_choices":[{"data":"Flame Barrier","floor":7,"key":"SMITH"}],"neow_cost":"NONE","seed_source_timestamp":147321469866000,"circlet_count":0,"master_deck":["Strike_R","Strike_R","Strike_R","Strike_R","Strike_R","Defend_R","Defend_R","Defend_R","Defend_R","Bash","Cleave","Pommel Strike","Entrench","Flame Barrier+1","Flame Barrier"],"relics":["Burning Blood","WarpedTongs","Orichalcum","Meat on the Bone"],"potions_floor_usage":[10],"damage_taken":[{"damage":8,"enemies":"Small Slimes","floor":1,"turns":3},{"damage":8,"enemies":"Cultist","floor":3,"turns":3},{"damage":12,"enemies":"2 Louse","floor":4,"turns":2},{"damage":42,"enemies":"3 Sentries","floor":6,"turns":8},{"damage":6,"enemies":"Looter","floor":8,"turns":3},{"damage":20,"enemies":"Lagavulin","floor":10,"turns":8}],"seed_played":"5099913733486917204","potions_obtained":[{"floor":0,"key":"Ancient Potion"},{"floor":0,"key":"PowerPotion"},{"floor":0,"key":"SneckoOil"},{"floor":8,"key":"FearPotion"}],"is_trial":false,"path_per_floor":["M","?","M","M","$","E","R","M","T","E"],"character_chosen":"IRONCLAD","items_purchased":[],"campfire_rested":0,"item_purchase_floors":[],"current_hp_per_floor":[70,70,68,62,62,26,26,26,26,6],"gold":109,"neow_bonus":"THREE_SMALL_POTIONS","is_prod":false,"is_daily":false,"chose_seed":false,"campfire_upgraded":1,"win_rate":0,"timestamp":1548508795,"path_taken":["M","?","?","M","$","E","R","M","T","E"],"build_version":"2019-01-23","purchased_purges":1,"victory":false,"max_hp_per_floor":[80,80,80,80,80,80,80,80,80,80],"card_choices":[{"not_picked":["Dual Wield","True Grit"],"picked":"Cleave","floor":1},{"not_picked":["Thunderclap","Headbutt"],"picked":"Pommel Strike","floor":3},{"not_picked":["Heavy Blade","Anger"],"picked":"Entrench","floor":4},{"not_picked":["Berserk","Anger"],"picked":"Flame Barrier","floor":6},{"not_picked":["Cleave","Thunderclap"],"picked":"Flame Barrier","floor":8}],"player_experience":170928,"relics_obtained":[{"floor":6,"key":"Orichalcum"},{"floor":9,"key":"Meat on the Bone"}],"event_choices":[{"damage_healed":0,"gold_gain":0,"player_choice":"Rummage","damage_taken":0,"relics_obtained":["WarpedTongs"],"max_hp_gain":0,"max_hp_loss":0,"event_name":"Accursed Blacksmith","floor":2,"gold_loss":0,"cards_obtained":["Pain"]}],"is_beta":false,"boss_relics":[],"items_purged_floors":[5],"is_endless":false,"potions_floor_spawned":[1,4,8],"killed_by":"Lagavulin","ascension_level":9}