{"gold_per_floor":[361,118,157,191,191,243,243,288,288,318,358,433,447,479,479,576,576,609,609,156,175,175,175,205,230,253,253,278,293,361,373,373,477,477,514,438,452,468,520,538,538,18,18,30,30,59,71,120,132,144,156,168,7,42,42],"floor_reached":55,"playtime":4155,"items_purged":["Writhe"],"score":833,"play_id":"08cbef74-a7a0-4429-9617-717fcf68e68c","local_time":"20190201133803","is_ascension_mode":true,"campfire_choices":[{"floor":7.0,"key":"REST"},{"floor":15.0,"key":"REST"},{"data":"Consume","floor":23,"key":"SMITH"},{"floor":27,"key":"REST"},{"data":"Zap","floor":32,"key":"SMITH"},{"floor":41,"key":"RECALL"},{"data":"Apotheosis","floor":47,"key":"SMITH"},{"data":"Madness","floor":49,"key":"SMITH"},{"data":"Madness","floor":52,"key":"SMITH"}],"neow_cost":"CURSE","seed_source_timestamp":0,"circlet_count":0,"master_deck":["Strike_B+1","Strike_B+1","Strike_B+1","Defend_B+1","Defend_B+1","Defend_B+1","Defend_B+1","Zap+1","Dualcast","Consume+1","HandOfGreed","BootSequence","Hologram","Amplify","Core Surge","Conserve Battery","Darkness","Biased Cognition+1","Sweeping Beam","Leap","Chaos","Aggregate","Self Repair+1","Self Repair+1","Hologram+1","Ball Lightning+1","Buffer+1","Redo","Loop+1","Barrage+1","Redo+1","All For One","Defragment+1","Apotheosis+1","Coolheaded","Force Field+1","Madness+1","Madness+1","Biased Cognition+1","Storm+1","Purity","Loop+1"],"special_seed":0,"relics":["Cracked Core","Frozen Egg 2","Pantograph","Mercury Hourglass","Eternal Feather","Runic Capacitor","Bottled Lightning","Bird Faced Urn","Bronze Scales","Mummified Hand","Unceasing Top","Coffee Dripper","Incense Burner","ClockworkSouvenir","MawBank","Dodecahedron"],"potions_floor_usage":[18,21,25,25,28,29,39,48,50,50],"damage_taken":[{"damage":6.0,"enemies":"Jaw Worm","floor":1.0,"turns":3.0},{"damage":2.0,"enemies":"Small Slimes","floor":3.0,"turns":3.0},{"damage":1.0,"enemies":"Cultist","floor":4.0,"turns":3.0},{"damage":22.0,"enemies":"Lagavulin","floor":6.0,"turns":8.0},{"damage":31.0,"enemies":"Gremlin Nob","floor":8.0,"turns":5.0},{"damage":0.0,"enemies":"3 Louse","floor":10.0,"turns":3.0},{"damage":1.0,"enemies":"Large Slime","floor":11.0,"turns":3.0},{"damage":3.0,"enemies":"Red Slaver","floor":13.0,"turns":4.0},{"damage":0.0,"enemies":"Looter","floor":14.0,"turns":2.0},{"damage":31.0,"enemies":"The Guardian","floor":16.0,"turns":11.0},{"damage":26,"enemies":"2 Thieves","floor":18,"turns":4},{"damage":20,"enemies":"Spheric Guardian","floor":21,"turns":4},{"damage":6,"enemies":"Centurion and Healer","floor":24,"turns":9},{"damage":39,"enemies":"Gremlin Leader","floor":25,"turns":10},{"damage":15,"enemies":"Book of Stabbing","floor":28,"turns":6},{"damage":8,"enemies":"Shelled Parasite and Fungi","floor":29,"turns":4},{"damage":27,"enemies":"Slavers","floor":30,"turns":5},{"damage":25,"enemies":"Snake Plant","floor":31,"turns":4},{"damage":25,"enemies":"Champ","floor":33,"turns":8},{"damage":0,"enemies":"3 Shapes","floor":35,"turns":4},{"damage":0,"enemies":"3 Darklings","floor":37,"turns":4},{"damage":19,"enemies":"Writhing Mass","floor":38,"turns":5},{"damage":7,"enemies":"2 Orb Walkers","floor":39,"turns":4},{"damage":0,"enemies":"Transient","floor":40,"turns":5},{"damage":29,"enemies":"Maw","floor":44,"turns":5},{"damage":10,"enemies":"Reptomancer","floor":46,"turns":5},{"damage":0,"enemies":"Writhing Mass","floor":48,"turns":4},{"damage":16,"enemies":"Awakened One","floor":50,"turns":9},{"damage":3,"enemies":"Shield and Spear","floor":54,"turns":3},{"damage":87,"enemies":"The Heart","floor":55,"turns":6}],"seed_played":"4565510670945989686","potions_obtained":[{"floor":4.0,"key":"Explosive Potion"},{"floor":10.0,"key":"Dexterity Potion"},{"floor":11.0,"key":"FairyPotion"},{"floor":13.0,"key":"Block Potion"},{"floor":16.0,"key":"SteroidPotion"},{"floor":18,"key":"Regen Potion"},{"floor":24,"key":"Swift Potion"},{"floor":25,"key":"Block Potion"},{"floor":28,"key":"AttackPotion"},{"floor":37,"key":"EssenceOfSteel"},{"floor":38,"key":"PowerPotion"},{"floor":39,"key":"Explosive Potion"},{"floor":46,"key":"Block Potion"}],"is_trial":false,"path_per_floor":["M","$","M","M","?","E","R","E","T","M","M","?","M","M","R","B",null,"M","?","$","M","$","R","M","E","T","R","E","M","E","M","R","B",null,"M","$","M","M","?","M","R","$","T","M","?","E","R","M","R","B",null,"R","$","E","B"],"character_chosen":"DEFECT","items_purchased":["HandOfGreed","Runic Capacitor","Bottled Lightning","Loop+1","ClockworkSouvenir","Defragment+1","Apotheosis","Coolheaded","Storm+1","Purity"],"campfire_rested":3,"item_purchase_floors":[2,20,20,36,42,42,42,42,53,53],"current_hp_per_floor":[69,69,67,66,66,44,66,35,35,35,34,23,20,20,42,36,75,49,49,49,38,38,50,44,5,5,39,26,32,31,42,57,75,75,75,75,75,72,75,75,75,75,75,72,63,75,75,75,75,75,75,75,75,75,0],"gold":42,"neow_bonus":"TWO_FIFTY_GOLD","is_prod":false,"is_daily":false,"chose_seed":false,"campfire_upgraded":5,"win_rate":0,"timestamp":1548995883,"path_taken":["M","$","M","M","?","E","R","E","T","M","M","?","M","M","R","BOSS","M","?","$","M","$","R","M","E","T","R","E","M","E","M","R","BOSS","M","$","M","M","?","M","R","$","T","M","?","E","R","M","R","BOSS","R","$","E","BOSS"],"build_version":"2019-01-23","purchased_purges":1,"victory":false,"max_hp_per_floor":[75,75,75,75,75,75,75,75,75,75,75,75,75,75,75,75,75,75,75,75,75,75,75,75,75,75,75,75,75,75,75,75,75,75,75,75,75,75,75,75,75,75,75,75,75,75,75,75,75,75,75,75,75,75,75],"card_choices":[{"not_picked":["Gash","Redo"],"picked":"Consume","floor":1.0},{"not_picked":["Coolheaded","Undo"],"picked":"BootSequence","floor":3.0},{"not_picked":["Rip and Tear","Go for the Eyes"],"picked":"Hologram","floor":4.0},{"not_picked":["Stack","Rebound"],"picked":"Amplify","floor":6.0},{"not_picked":["Barrage","Hello World+1"],"picked":"Core Surge","floor":8.0},{"not_picked":["Streamline","Skim"],"picked":"Conserve Battery","floor":10.0},{"not_picked":["Turbo","Go for the Eyes","Scrape"],"picked":"SKIP","floor":11.0},{"not_picked":["Streamline","Melter"],"picked":"Darkness","floor":13.0},{"not_picked":["Sweeping Beam","Redo","Stack"],"picked":"SKIP","floor":14.0},{"not_picked":["Core Surge","Thunder Strike"],"picked":"Biased Cognition+1","floor":16.0},{"not_picked":["Aggregate","Streamline"],"picked":"Sweeping Beam","floor":18},{"not_picked":["Aggregate","Beam Cell+1"],"picked":"Leap","floor":21},{"not_picked":["Ball Lightning","Scrape"],"picked":"Chaos","floor":24},{"not_picked":["FTL","Hello World+1"],"picked":"Aggregate","floor":25},{"not_picked":["Lockon+1","Leap"],"picked":"Self Repair+1","floor":28},{"not_picked":["Auto Shields","Barrage"],"picked":"Self Repair+1","floor":29},{"not_picked":["Rebound+1","Stack"],"picked":"Hologram+1","floor":30},{"not_picked":["Recycle","Turbo+1"],"picked":"Ball Lightning+1","floor":31},{"not_picked":["Multi-Cast","Rainbow"],"picked":"Buffer+1","floor":33},{"not_picked":["Beam Cell","Steam Power"],"picked":"Redo","floor":35},{"not_picked":["Compile Driver","Undo+1"],"picked":"Barrage+1","floor":37},{"not_picked":["Steam Power+1","Leap"],"picked":"Redo+1","floor":38},{"not_picked":["Sweeping Beam","Hello World+1"],"picked":"All For One","floor":40},{"not_picked":["Darkness+1","Steam Power+1"],"picked":"Force Field+1","floor":44},{"not_picked":["Double Energy+1","Streamline+1"],"picked":"Biased Cognition+1","floor":46},{"not_picked":["Blizzard","Compile Driver+1","Gash+1"],"picked":"SKIP","floor":48},{"not_picked":["Tempest","Coolheaded+1"],"picked":"Loop+1","floor":54}],"player_experience":146033,"relics_obtained":[{"floor":6.0,"key":"Frozen Egg 2"},{"floor":8.0,"key":"Pantograph"},{"floor":9.0,"key":"Mercury Hourglass"},{"floor":25,"key":"Bird Faced Urn"},{"floor":26,"key":"Bronze Scales"},{"floor":28,"key":"Mummified Hand"},{"floor":30,"key":"Unceasing Top"},{"floor":39,"key":"Incense Burner"},{"floor":46,"key":"MawBank"},{"floor":54,"key":"Dodecahedron"}],"event_choices":[{"cards_removed":["Strike_B"],"damage_healed":0.0,"max_hp_gain":0.0,"max_hp_loss":0.0,"gold_gain":0.0,"event_name":"Living Wall","player_choice":"Forget","floor":5.0,"gold_loss":0.0,"damage_taken":0.0},{"damage_healed":0.0,"max_hp_gain":0.0,"max_hp_loss":0.0,"gold_gain":75.0,"event_name":"World of Goop","player_choice":"Gather Gold","floor":12.0,"gold_loss":0.0,"damage_taken":11.0},{"damage_healed":0,"gold_gain":0,"player_choice":"Simplicity","damage_taken":0,"max_hp_gain":0,"max_hp_loss":0,"event_name":"Back to Basics","floor":19,"gold_loss":0,"cards_upgraded":["Strike_B","Strike_B","Strike_B","Defend_B","Defend_B","Defend_B","Defend_B"]},{"damage_healed":0,"gold_gain":0,"player_choice":"Fight","damage_taken":0,"max_hp_gain":0,"max_hp_loss":0,"event_name":"Mysterious Sphere","floor":39,"gold_loss":0},{"damage_healed":0,"gold_gain":0,"player_choice":"Embrace Madness","damage_taken":9,"max_hp_gain":0,"max_hp_loss":0,"event_name":"Winding Halls","floor":45,"gold_loss":0,"cards_obtained":["Madness","Madness"]}],"is_beta":false,"boss_relics":[{"not_picked":["Fusion Hammer","Snecko Eye"],"picked":"Eternal Feather"},{"not_picked":["Pandora\u0027s Box","Calling Bell"],"picked":"Coffee Dripper"}],"items_purged_floors":[2],"is_endless":false,"potions_floor_spawned":[4,10,11,13,14,16,18,24,25,28,37,38,39,46],"killed_by":"The Heart","ascension_level":1}