{"gold_per_floor":[117,127,138,138,150,181,181,206,229,259,259,259,277,277,277,373,373,361,375,375,393,410,410,437,437,460,495,495,514,45,60,60,60],"floor_reached":33,"playtime":2306,"items_purged":[],"score":424,"play_id":"ecb5287f-dc92-4575-954a-6da0651f13b3","local_time":"20190108230702","is_ascension_mode":true,"campfire_choices":[{"floor":7.0,"key":"REST"},{"floor":11.0,"key":"REST"},{"data":"Clothesline","floor":15.0,"key":"SMITH"},{"floor":23,"key":"REST"},{"data":"Corruption","floor":25,"key":"SMITH"},{"floor":28,"key":"REST"},{"data":"Clash","floor":32,"key":"SMITH"}],"neow_cost":"NONE","seed_source_timestamp":1721796615720864,"circlet_count":0,"master_deck":["Strike_R","Strike_R","Strike_R+1","Strike_R","Strike_R","Defend_R","Defend_R","Defend_R","Defend_R","Bash+1","Armaments","Shrug It Off","Cleave","Pommel Strike","Clothesline+1","Iron Wave","Parasite","Armaments","Impervious","Body Slam+1","Cleave+1","Bash+1","Corruption+1","Headbutt","Thunderclap","Uppercut","Hemokinesis","Clash+1","Shockwave","Immolate"],"special_seed":0,"relics":["Black Blood","Whetstone","Happy Flower","Smiling Mask","Regal Pillow","Self Forming Clay","Vajra","Strawberry","Question Card","Red Skull","Bag of Marbles"],"potions_floor_usage":[24,33,33,33],"damage_taken":[{"damage":10.0,"enemies":"Cultist","floor":1.0,"turns":5.0},{"damage":11.0,"enemies":"Jaw Worm","floor":2.0,"turns":4.0},{"damage":2.0,"enemies":"2 Louse","floor":3.0,"turns":4.0},{"damage":26.0,"enemies":"Lots of Slimes","floor":5.0,"turns":8.0},{"damage":47.0,"enemies":"Lagavulin","floor":6.0,"turns":10.0},{"damage":29.0,"enemies":"3 Sentries","floor":8.0,"turns":8.0},{"damage":17.0,"enemies":"Lagavulin","floor":10.0,"turns":6.0},{"damage":7.0,"enemies":"Exordium Thugs","floor":13.0,"turns":5.0},{"damage":53.0,"enemies":"The Guardian","floor":16.0,"turns":15.0},{"damage":23.0,"enemies":"2 Thieves","floor":18.0,"turns":4.0},{"damage":33,"enemies":"3 Byrds","floor":19,"turns":8},{"damage":16,"enemies":"Centurion and Healer","floor":21,"turns":7},{"damage":12,"enemies":"Cultist and Chosen","floor":22,"turns":8},{"damage":37,"enemies":"Gremlin Leader","floor":24,"turns":6},{"damage":32,"enemies":"Book of Stabbing","floor":27,"turns":5},{"damage":24,"enemies":"Snake Plant","floor":29,"turns":4},{"damage":12,"enemies":"3 Cultists","floor":31,"turns":5},{"damage":84,"enemies":"Collector","floor":33,"turns":7}],"seed_played":"3104616818782881693","potions_obtained":[{"floor":1.0,"key":"EssenceOfSteel"},{"floor":2.0,"key":"EssenceOfSteel"},{"floor":6.0,"key":"SpeedPotion"},{"floor":8.0,"key":"Fire Potion"},{"floor":10.0,"key":"Swift Potion"},{"floor":21,"key":"LiquidBronze"},{"floor":24,"key":"Explosive Potion"},{"floor":29,"key":"Regen Potion"}],"is_trial":false,"path_per_floor":["M","M","M","?","M","E","R","E","T","E","R","?","M","?","R","B",null,"M","M","?","M","M","R","E","R","T","E","R","M","$","M","R","B"],"character_chosen":"IRONCLAD","items_purchased":["Red Skull","Clash","Bag of Marbles","Strength Potion","Shockwave"],"campfire_rested":4,"item_purchase_floors":[30,30,30,30,30],"current_hp_per_floor":[76,71,75,80,60,19,46,23,23,12,54,77,76,76,76,29,77,64,41,41,35,33,75,48,48,55,33,78,64,64,62,62,0],"gold":60,"neow_bonus":"TEN_PERCENT_HP_BONUS","is_prod":false,"is_daily":false,"chose_seed":false,"campfire_upgraded":3,"win_rate":0,"timestamp":1547017622,"path_taken":["M","M","?","?","M","E","R","E","T","E","R","?","M","?","R","BOSS","M","?","?","?","M","R","E","R","T","E","R","M","$","M","R","BOSS"],"build_version":"2019-01-03v4","purchased_purges":0,"victory":false,"max_hp_per_floor":[88,88,88,93,93,93,93,93,93,93,93,93,93,93,93,93,93,93,93,93,93,93,93,93,93,100,100,100,100,100,100,100,100],"card_choices":[{"not_picked":["Dropkick","Spot Weakness"],"picked":"Armaments","floor":1.0},{"not_picked":["Disarm","Sword Boomerang","Headbutt"],"picked":"SKIP","floor":2.0},{"not_picked":["Pummel","Second Wind"],"picked":"Shrug It Off","floor":3.0},{"not_picked":["Rampage","Body Slam"],"picked":"Cleave","floor":5.0},{"not_picked":["Limit Break","Havoc"],"picked":"Pommel Strike","floor":6.0},{"not_picked":["Wild Strike","Carnage"],"picked":"Clothesline","floor":8.0},{"not_picked":["Wild Strike","Feel No Pain"],"picked":"Iron Wave","floor":10.0},{"not_picked":["Reckless Charge","Sentinel"],"picked":"Armaments","floor":13.0},{"not_picked":["Reaper","Exhume"],"picked":"Impervious","floor":16.0},{"not_picked":["Twin Strike","Ghostly Armor"],"picked":"Body Slam+1","floor":18.0},{"not_picked":["Blood for Blood","Heavy Blade"],"picked":"Cleave+1","floor":19},{"not_picked":["Rupture+1","Fire Breathing"],"picked":"Corruption","floor":21},{"not_picked":["True Grit","Iron Wave"],"picked":"Headbutt","floor":22},{"not_picked":["Entrench","Warcry+1"],"picked":"Thunderclap","floor":24},{"not_picked":["Armaments","True Grit"],"picked":"Uppercut","floor":27},{"not_picked":["Twin Strike","Shrug It Off","Sword Boomerang"],"picked":"Hemokinesis","floor":29},{"not_picked":["True Grit","Shrug It Off","Sentinel"],"picked":"Immolate","floor":31}],"player_experience":285278,"relics_obtained":[{"floor":6.0,"key":"Whetstone"},{"floor":8.0,"key":"Happy Flower"},{"floor":9.0,"key":"Smiling Mask"},{"floor":10.0,"key":"Regal Pillow"},{"floor":24,"key":"Vajra"},{"floor":26,"key":"Strawberry"},{"floor":27,"key":"Question Card"}],"event_choices":[{"damage_healed":0.0,"max_hp_gain":5.0,"max_hp_loss":0.0,"gold_gain":0.0,"event_name":"Big Fish","player_choice":"Donut","floor":4.0,"gold_loss":0.0,"damage_taken":0.0},{"damage_healed":23.0,"max_hp_gain":0.0,"max_hp_loss":0.0,"gold_gain":0.0,"event_name":"Mushrooms","player_choice":"Healed and dodged fight","floor":12.0,"gold_loss":0.0,"damage_taken":0.0,"cards_obtained":["Parasite"]},{"damage_healed":0.0,"max_hp_gain":0.0,"max_hp_loss":0.0,"gold_gain":0.0,"event_name":"WeMeetAgain","player_choice":"Gave Potion","floor":14.0,"gold_loss":0.0,"damage_taken":0.0,"relics_obtained":["Self Forming Clay"]},{"damage_healed":0,"gold_gain":0,"player_choice":"Copied","damage_taken":0,"max_hp_gain":0,"max_hp_loss":0,"event_name":"Duplicator","floor":20,"gold_loss":0,"cards_obtained":["Bash"]}],"is_beta":false,"boss_relics":[{"not_picked":["White Beast Statue","Coffee Dripper"],"picked":"Black Blood"}],"items_purged_floors":[],"is_endless":false,"potions_floor_spawned":[1,2,6,8,10,21,24,29,31],"killed_by":"Collector","ascension_level":6}