{"gold_per_floor":[110,110,40,40,56,56,89,89,89,148,167,177,177,191,191,292,292,305,193,193,222,235,293,293,193,193,205,222,222,222,37,37,136,136,155,171,185,236,236,236,249,249,276,276,290,250,263,119,119,119,119,119,70,104,104],"floor_reached":55,"playtime":3379,"items_purged":["Strike_G","Defend_G"],"score":660,"play_id":"f42aebf4-fc7b-4d57-b4f5-b6a2a7650f76","local_time":"20190110210344","is_ascension_mode":false,"campfire_choices":[{"data":"Infinite Blades","floor":6.0,"key":"SMITH"},{"data":"All Out Attack","floor":8.0,"key":"SMITH"},{"data":"Survivor","floor":13.0,"key":"SMITH"},{"floor":15.0,"key":"REST"},{"floor":24.0,"key":"REST"},{"floor":29.0,"key":"REST"},{"floor":32.0,"key":"REST"},{"floor":40,"key":"RECALL"},{"floor":42,"key":"REST"},{"floor":44,"key":"REST"},{"floor":49,"key":"REST"},{"data":"Malaise","floor":52,"key":"SMITH"}],"neow_cost":"NONE","seed_source_timestamp":0,"circlet_count":0,"master_deck":["Defend_G","Defend_G+1","Defend_G","Defend_G","Strike_G","Strike_G","Survivor+1","Neutralize+1","PiercingWail","All Out Attack","Infinite Blades+1","All Out Attack+1","Deadly Poison","Poisoned Stab","Prepared","Doppelganger","Prepared","Footwork","Leg Sweep","Bane","Caltrops","Escape Plan+1","Apotheosis+1","Malaise+1","Cloak And Dagger+1","Escape Plan+1","Tools of the Trade","Underhanded Strike"],"special_seed":0,"relics":["Ring of the Snake","NeowsBlessing","Torii","Bronze Scales","Black Star","Red Mask","Tiny Chest","Juzu Bracelet","Ninja Scroll","Boot","Philosopher\u0027s Stone","Peace Pipe","War Paint","Shuriken","Lantern"],"potions_floor_usage":[47,55,55],"damage_taken":[{"damage":0.0,"enemies":"Cultist","floor":1.0,"turns":1.0},{"damage":0.0,"enemies":"Small Slimes","floor":5.0,"turns":1.0},{"damage":0.0,"enemies":"Lagavulin","floor":7.0,"turns":1.0},{"damage":24.0,"enemies":"Gremlin Nob","floor":10.0,"turns":4.0},{"damage":1.0,"enemies":"Jaw Worm","floor":11.0,"turns":3.0},{"damage":0.0,"enemies":"2 Fungi Beasts","floor":12.0,"turns":3.0},{"damage":0.0,"enemies":"3 Louse","floor":14.0,"turns":2.0},{"damage":33.0,"enemies":"Slime Boss","floor":16.0,"turns":8.0},{"damage":0.0,"enemies":"3 Byrds","floor":18.0,"turns":3.0},{"damage":40.0,"enemies":"Masked Bandits","floor":21.0,"turns":8.0},{"damage":2.0,"enemies":"Shell Parasite","floor":22.0,"turns":5.0},{"damage":24.0,"enemies":"Gremlin Leader","floor":23.0,"turns":10.0},{"damage":6.0,"enemies":"Cultist and Chosen","floor":27.0,"turns":6.0},{"damage":3.0,"enemies":"3 Cultists","floor":28.0,"turns":5.0},{"damage":38.0,"enemies":"Collector","floor":33.0,"turns":16.0},{"damage":0,"enemies":"3 Shapes","floor":35,"turns":3},{"damage":1,"enemies":"Orb Walker","floor":36,"turns":4},{"damage":6,"enemies":"4 Shapes","floor":37,"turns":7},{"damage":55,"enemies":"2 Orb Walkers","floor":38,"turns":7},{"damage":58,"enemies":"Transient","floor":41,"turns":5},{"damage":20,"enemies":"Sphere and 2 Shapes","floor":45,"turns":6},{"damage":7,"enemies":"3 Darklings","floor":47,"turns":6},{"damage":26,"enemies":"Awakened One","floor":50,"turns":22},{"damage":25,"enemies":"Shield and Spear","floor":54,"turns":8},{"damage":82,"enemies":"The Heart","floor":55,"turns":8}],"seed_played":"6625430037738748264","potions_obtained":[{"floor":1.0,"key":"Weak Potion"},{"floor":5.0,"key":"SteroidPotion"},{"floor":11.0,"key":"Explosive Potion"},{"floor":16.0,"key":"GamblersBrew"},{"floor":22.0,"key":"FairyPotion"},{"floor":28.0,"key":"Ancient Potion"},{"floor":35,"key":"Ancient Potion"},{"floor":41,"key":"Block Potion"}],"is_trial":false,"path_per_floor":["M","?","$","?","M","R","E","R","T","?","M","M","R","M","R","B",null,"M","$","?","?","M","E","R","$","T","M","M","R","?","$","R","B",null,"M","M","M","?","?","R","M","R","T","R","M","?","M","$","R","B",null,"R","$","E","B"],"character_chosen":"THE_SILENT","items_purchased":["All Out Attack","Footwork","Apotheosis","Tools of the Trade","PowerPotion"],"campfire_rested":7,"item_purchase_floors":[3,19,31,48,53],"current_hp_per_floor":[70,70,70,63,63,63,63,63,63,39,38,38,38,38,59,26,70,70,70,70,30,28,4,25,25,25,19,16,37,37,37,58,20,70,70,69,63,8,61,61,3,21,21,39,19,19,12,12,30,4,61,61,61,36,0],"gold":104,"neow_bonus":"THREE_ENEMY_KILL","is_prod":false,"is_daily":false,"chose_seed":false,"campfire_upgraded":4,"win_rate":0,"timestamp":1547125424,"path_taken":["M","?","$","?","M","R","E","R","T","?","M","M","R","?","R","BOSS","M","$","?","?","?","E","R","$","T","M","M","R","?","?","R","BOSS","M","M","M","?","?","R","M","R","T","R","M","?","M","$","R","BOSS","R","$","E","BOSS"],"build_version":"2019-01-03v4","purchased_purges":2,"victory":false,"max_hp_per_floor":[70,70,70,70,70,70,70,70,70,70,70,70,70,70,70,70,70,70,70,70,70,70,70,70,70,70,70,70,70,70,70,70,70,70,70,70,70,70,61,61,61,61,61,61,61,61,61,61,61,61,61,61,61,61,61],"card_choices":[{"not_picked":["Accuracy","Predator"],"picked":"PiercingWail","floor":1.0},{"not_picked":["Underhanded Strike","Slice"],"picked":"Infinite Blades","floor":5.0},{"not_picked":["Eviscerate","Accuracy"],"picked":"All Out Attack","floor":7.0},{"not_picked":["Expertise","Masterful Stab"],"picked":"Deadly Poison","floor":10.0},{"not_picked":["Flying Knee","Slice","Deflect"],"picked":"SKIP","floor":11.0},{"not_picked":["Flying Knee","Dagger Spray"],"picked":"Poisoned Stab","floor":12.0},{"not_picked":["Quick Slash","Dagger Spray"],"picked":"Prepared","floor":14.0},{"not_picked":["Wraith Form v2","A Thousand Cuts"],"picked":"Doppelganger","floor":16.0},{"not_picked":["Calculated Gamble","Predator"],"picked":"Prepared","floor":18.0},{"not_picked":["Flying Knee","Underhanded Strike"],"picked":"Leg Sweep","floor":22.0},{"not_picked":["Blade Dance","Underhanded Strike"],"picked":"Bane","floor":23.0},{"not_picked":["Dagger Throw","Prepared"],"picked":"Caltrops","floor":27.0},{"not_picked":["Outmaneuver+1","Deflect"],"picked":"Escape Plan","floor":28.0},{"not_picked":["Burst","Storm of Steel"],"picked":"Malaise","floor":33.0},{"not_picked":["Blade Dance","Sucker Punch+1"],"picked":"Cloak And Dagger+1","floor":35},{"not_picked":["Flying Knee+1","Predator+1","Endless Agony"],"picked":"SKIP","floor":36},{"not_picked":["Deadly Poison","Outmaneuver","Grand Finale"],"picked":"SKIP","floor":37},{"not_picked":["PiercingWail","Acrobatics"],"picked":"Escape Plan+1","floor":41},{"not_picked":["Finisher","Blade Dance+1","Deflect"],"picked":"SKIP","floor":45},{"not_picked":["Quick Slash+1","Poisoned Stab+1","Eviscerate+1"],"picked":"SKIP","floor":47},{"not_picked":["Finisher+1","Envenom"],"picked":"Underhanded Strike","floor":54}],"player_experience":598045,"relics_obtained":[{"floor":7.0,"key":"Torii"},{"floor":21.0,"key":"Red Mask"},{"floor":23.0,"key":"Tiny Chest"},{"floor":23.0,"key":"Juzu Bracelet"},{"floor":26.0,"key":"Ninja Scroll"},{"floor":38,"key":"Peace Pipe"},{"floor":43,"key":"War Paint"},{"floor":54,"key":"Shuriken"},{"floor":54,"key":"Lantern"}],"event_choices":[{"damage_healed":0.0,"max_hp_gain":0.0,"max_hp_loss":0.0,"gold_gain":0.0,"event_name":"Living Wall","player_choice":"Grow","floor":2.0,"gold_loss":0.0,"damage_taken":0.0,"cards_upgraded":["Neutralize"]},{"cards_removed":["Strike_G"],"damage_healed":0.0,"max_hp_gain":0.0,"max_hp_loss":0.0,"gold_gain":0.0,"event_name":"Golden Wing","player_choice":"Card Removal","floor":4.0,"gold_loss":0.0,"damage_taken":7.0},{"damage_healed":0.0,"max_hp_gain":0.0,"max_hp_loss":0.0,"gold_gain":0.0,"event_name":"Dead Adventurer","player_choice":"Searched \u00272\u0027 times","floor":10.0,"gold_loss":0.0,"damage_taken":0.0,"relics_obtained":["Bronze Scales"]},{"cards_removed":["Strike_G"],"damage_healed":0.0,"max_hp_gain":0.0,"max_hp_loss":0.0,"gold_gain":0.0,"event_name":"Back to Basics","player_choice":"Elegance","floor":20.0,"gold_loss":0.0,"damage_taken":0.0},{"damage_healed":0.0,"max_hp_gain":0.0,"max_hp_loss":0.0,"gold_gain":0.0,"event_name":"Masked Bandits","player_choice":"Fought Bandits","floor":21.0,"gold_loss":0.0,"damage_taken":0.0},{"damage_healed":0.0,"max_hp_gain":0.0,"max_hp_loss":0.0,"gold_gain":0.0,"event_name":"WeMeetAgain","player_choice":"Gave Potion","floor":30.0,"gold_loss":0.0,"damage_taken":0.0,"relics_obtained":["Boot"]},{"damage_healed":0,"gold_gain":0,"player_choice":"Fight","damage_taken":0,"max_hp_gain":0,"max_hp_loss":0,"event_name":"Mysterious Sphere","floor":38,"gold_loss":0},{"damage_healed":61,"gold_gain":0,"player_choice":"Heal","damage_taken":0,"max_hp_gain":0,"max_hp_loss":9,"event_name":"The Moai Head","floor":39,"gold_loss":0},{"damage_healed":0,"gold_gain":0,"player_choice":"Upgrade","damage_taken":0,"max_hp_gain":0,"max_hp_loss":0,"event_name":"Designer","floor":46,"gold_loss":40,"cards_upgraded":["Apotheosis"]}],"is_beta":false,"boss_relics":[{"not_picked":["Runic Pyramid","White Beast Statue"],"picked":"Black Star"},{"not_picked":["Ring of the Serpent","Astrolabe"],"picked":"Philosopher\u0027s Stone"}],"items_purged_floors":[19,25],"is_endless":false,"potions_floor_spawned":[1,5,11,16,22,23,28,35,36,41],"killed_by":"The Heart","ascension_level":0}