{"gold_per_floor":[212,64,81,93,112,138,138,169,220,220,220,239,268,279,279,383,383,366,382,382],"floor_reached":20,"playtime":1232,"items_purged":["Strike_R"],"score":206,"play_id":"a8ac7738-d9e0-4a91-acad-477df1b9bbad","local_time":"20180804185945","is_ascension_mode":true,"campfire_choices":[{"data":"Armaments","floor":7,"key":"SMITH"},{"floor":10,"key":"REST"},{"data":"Body Slam","floor":15,"key":"SMITH"}],"neow_cost":"NONE","seed_source_timestamp":462978291414234,"circlet_count":0,"master_deck":["Strike_R","Strike_R","Strike_R","Strike_R","Defend_R","Defend_R","Defend_R","Defend_R","Bash","Pummel","Flex","Metallicize","Armaments+1","Battle Trance","Body Slam+1","Seeing Red","Limit Break","Shockwave"],"relics":["Burning Blood","Omamori","Darkstone Periapt","Ancient Tea Set","Pen Nib","Snecko Eye"],"potions_floor_usage":[8],"damage_taken":[{"damage":6,"enemies":"Jaw Worm","floor":1,"turns":3},{"damage":6,"enemies":"2 Louse","floor":3,"turns":2},{"damage":5,"enemies":"Small Slimes","floor":4,"turns":3},{"damage":2,"enemies":"3 Louse","floor":5,"turns":5},{"damage":23,"enemies":"3 Sentries","floor":6,"turns":12},{"damage":10,"enemies":"Lagavulin","floor":8,"turns":10},{"damage":1,"enemies":"Looter","floor":12,"turns":3},{"damage":14,"enemies":"3 Sentries","floor":13,"turns":11},{"damage":0,"enemies":"Large Slime","floor":14,"turns":4},{"damage":69,"enemies":"Slime Boss","floor":16,"turns":14},{"damage":23,"enemies":"2 Thieves","floor":18,"turns":4},{"damage":4,"enemies":"Shell Parasite","floor":19,"turns":4},{"damage":30,"enemies":"Cultist and Chosen","floor":20,"turns":5}],"seed_played":"-5779984129391795739","potions_obtained":[{"floor":4,"key":"EssenceOfSteel"},{"floor":6,"key":"LiquidBronze"},{"floor":8,"key":"PowerPotion"},{"floor":14,"key":"Explosive Potion"}],"is_trial":false,"path_per_floor":["M","$","M","M","M","E","R","E","T","R","?","M","E","M","R","B",null,"M","M"],"character_chosen":"IRONCLAD","items_purchased":["Pummel"],"campfire_rested":1,"item_purchase_floors":[2],"current_hp_per_floor":[80,80,80,80,80,63,63,59,59,80,80,80,72,78,78,15,80,63,65,35],"gold":382,"neow_bonus":"HUNDRED_GOLD","is_prod":false,"is_daily":false,"chose_seed":false,"campfire_upgraded":2,"win_rate":0,"timestamp":1533380385,"path_taken":["M","$","M","M","M","E","R","E","T","R","?","M","E","M","R","BOSS","M","M","M"],"build_version":"2018-08-02","purchased_purges":1,"victory":false,"max_hp_per_floor":[80,80,80,80,80,80,80,80,80,80,80,80,80,80,80,80,80,80,80,80],"card_choices":[{"not_picked":["Havoc","True Grit","Flex"],"picked":"SKIP","floor":1},{"not_picked":["Sword Boomerang","Juggernaut"],"picked":"Flex","floor":3},{"not_picked":["Heavy Blade","Cleave"],"picked":"Metallicize","floor":4},{"not_picked":["Clothesline","Fire Breathing"],"picked":"Armaments","floor":5},{"not_picked":["Clothesline","Anger","Infernal Blade"],"picked":"SKIP","floor":6},{"not_picked":["Thunderclap","Wild Strike","Burning Pact"],"picked":"SKIP","floor":8},{"not_picked":["Armaments","Exhume"],"picked":"Battle Trance","floor":12},{"not_picked":["Feel No Pain","Berserk"],"picked":"Body Slam","floor":13},{"not_picked":["Pommel Strike","Anger"],"picked":"Seeing Red","floor":14},{"not_picked":["Demon Form","Feed"],"picked":"Limit Break","floor":16},{"not_picked":["Wild Strike","Thunderclap+1"],"picked":"Shockwave","floor":18},{"not_picked":["Twin Strike","Metallicize","True Grit"],"picked":"SKIP","floor":19}],"player_experience":182013,"relics_obtained":[{"floor":6,"key":"Omamori"},{"floor":8,"key":"Darkstone Periapt"},{"floor":9,"key":"Ancient Tea Set"},{"floor":13,"key":"Pen Nib"}],"event_choices":[{"event_name":"Dead Adventurer","player_choice":"Searched \u00271\u0027 times","floor":11,"damage_taken":0}],"is_beta":false,"boss_relics":[{"not_picked":["Black Star","Cursed Key"],"picked":"Snecko Eye"}],"items_purged_floors":[2],"is_endless":false,"potions_floor_spawned":[4,6,8,14],"killed_by":"Cultist and Chosen","ascension_level":1}