{"gold_per_floor":[111,125,125,149,114,114,144,144,144,164,180,180,193,205,205,310,310,324,343,10,25,25,40,40,40],"floor_reached":25,"playtime":955,"items_purged":[],"score":280,"play_id":"5641bf21-929e-4c5f-b105-3e93fdf5b8f5","local_time":"20180730113234","is_ascension_mode":false,"campfire_choices":[{"data":"Zap","floor":6,"key":"SMITH"},{"data":"Loop","floor":8,"key":"SMITH"},{"floor":15,"key":"REST"},{"floor":24,"key":"REST"}],"neow_cost":"NONE","seed_source_timestamp":730973383125278,"circlet_count":0,"master_deck":["Strike_B","Strike_B","Strike_B","Strike_B","Defend_B","Defend_B","Defend_B+1","Defend_B","Zap+1","Dualcast+1","White Noise","Conserve Battery","Loop+1","Barrage","Barrage+1","Barrage+1","Ball Lightning+1","Echo Form","Barrage+1","Defragment","Conserve Battery","Barrage+1","Genetic Algorithm"],"relics":["Cracked Core","Omamori","Bottled Lightning","Molten Egg 2","Inserter","War Paint","Boot"],"potions_floor_usage":[18,19,23,25],"damage_taken":[{"damage":1,"enemies":"Jaw Worm","floor":1,"turns":5},{"damage":5,"enemies":"Small Slimes","floor":2,"turns":4},{"damage":27,"enemies":"Lagavulin","floor":7,"turns":8},{"damage":8,"enemies":"2 Louse","floor":10,"turns":3},{"damage":11,"enemies":"Exordium Thugs","floor":11,"turns":4},{"damage":6,"enemies":"Red Slaver","floor":13,"turns":3},{"damage":1,"enemies":"Exordium Wildlife","floor":14,"turns":4},{"damage":0,"enemies":"Slime Boss","floor":16,"turns":5},{"damage":25,"enemies":"3 Byrds","floor":18,"turns":5},{"damage":17,"enemies":"Spheric Guardian","floor":19,"turns":4},{"damage":26,"enemies":"Snake Plant","floor":21,"turns":5},{"damage":34,"enemies":"Sentry and Sphere","floor":23,"turns":6},{"damage":32,"enemies":"Slavers","floor":25,"turns":3}],"seed_played":"5391135849812305417","potions_obtained":[{"floor":2,"key":"Fire Potion"},{"floor":13,"key":"SteroidPotion"},{"floor":14,"key":"Energy Potion"},{"floor":18,"key":"Energy Potion"},{"floor":21,"key":"EssenceOfSteel"}],"is_trial":false,"path_per_floor":["M","M","?","T","$","R","E","R","T","M","M","?","M","M","R","B",null,"M","M","$","M","?","M","R"],"character_chosen":"DEFECT","items_purchased":["Loop","War Paint","Boot","Conserve Battery"],"campfire_rested":2,"item_purchase_floors":[5,20,20,20],"current_hp_per_floor":[81,76,76,76,76,76,49,49,49,41,30,50,44,43,67,67,82,57,40,40,14,41,7,31,0],"gold":40,"neow_bonus":"TEN_PERCENT_HP_BONUS","is_prod":false,"is_daily":false,"chose_seed":false,"campfire_upgraded":2,"win_rate":0.0,"timestamp":1532943154,"path_taken":["M","M","?","?","$","R","E","R","T","?","M","?","?","M","R","BOSS","M","M","$","M","?","M","R","E"],"build_version":"2018-07-26","purchased_purges":0,"victory":false,"max_hp_per_floor":[82,82,82,82,82,82,82,82,82,82,82,82,82,82,82,82,82,82,82,82,82,82,82,82,82],"card_choices":[{"not_picked":["Hologram","Redo"],"picked":"White Noise","floor":1},{"not_picked":["Undo","Barrage"],"picked":"Conserve Battery","floor":2},{"not_picked":["Rebound","Buffer"],"picked":"Barrage","floor":7},{"not_picked":["Turbo","Undo","Rebound+1"],"picked":"SKIP","floor":10},{"not_picked":["Undo","Hello World"],"picked":"Barrage+1","floor":11},{"not_picked":["Gash+1","Glacier"],"picked":"Barrage+1","floor":13},{"not_picked":["Barrage+1","BootSequence"],"picked":"Ball Lightning+1","floor":14},{"not_picked":["Multi-Cast","Thunder Strike+1"],"picked":"Echo Form","floor":16},{"not_picked":["Gash+1","Turbo+1"],"picked":"Barrage+1","floor":18},{"not_picked":["Sweeping Beam+1","Hologram+1"],"picked":"Defragment","floor":19},{"not_picked":["Sweeping Beam+1","Scrape+1"],"picked":"Barrage+1","floor":21},{"not_picked":["Rebound+1","Static Discharge"],"picked":"Genetic Algorithm","floor":23}],"player_experience":227565,"relics_obtained":[{"floor":4,"key":"Omamori"},{"floor":7,"key":"Bottled Lightning"},{"floor":9,"key":"Molten Egg 2"}],"event_choices":[{"event_name":"Golden Wing","player_choice":"Ignored","floor":3,"damage_taken":0},{"event_name":"Mushrooms","player_choice":"Healed and dodged fight","floor":12,"damage_taken":0},{"event_name":"The Library","player_choice":"Heal","floor":22,"damage_taken":0}],"is_beta":false,"boss_relics":[{"not_picked":["Lizard Tail","Snecko Eye"],"picked":"Inserter"}],"items_purged_floors":[],"is_endless":false,"potions_floor_spawned":[2,13,14,16,18,21],"killed_by":"Slavers","ascension_level":0}