{"gold_per_floor":[117,192,192,192,51,84,84,112,161,161,172,79,108,118,118,215,215,229,144,144,163,180,211,231,231,277,277,311,3,36,56,56,56],"floor_reached":33,"playtime":1523,"items_purged":[],"score":538,"play_id":"d89c258b-64d6-4071-a816-5ba4a8737732","local_time":"20190107235050","is_ascension_mode":true,"campfire_choices":[{"data":"Caltrops","floor":7.0,"key":"SMITH"},{"data":"Dagger Throw","floor":10.0,"key":"SMITH"},{"floor":15.0,"key":"REST"},{"data":"Catalyst","floor":25.0,"key":"SMITH"},{"floor":27.0,"key":"REST"},{"data":"Bandage Up","floor":32.0,"key":"SMITH"}],"neow_cost":"NONE","seed_source_timestamp":0,"circlet_count":0,"master_deck":["Defend_G","Defend_G","Defend_G","Defend_G","Defend_G","Strike_G","Strike_G","Strike_G","Strike_G","Strike_G","Survivor","Neutralize+1","Heel Hook","Caltrops+1","Deadly Poison","Dagger Throw+1","Sucker Punch","Footwork","Poisoned Stab","PiercingWail","Flying Knee","All Out Attack","Leg Sweep","Adrenaline","Cloak And Dagger","Cloak And Dagger","Bane","Catalyst+1","Sucker Punch+1","Backstab","Adrenaline","Backflip","Bandage Up+1","Poisoned Stab"],"special_seed":0,"relics":["Ring of the Snake","NeowsBlessing","Boot","Bronze Scales","Dream Catcher","Bag of Preparation","Sozu","The Courier","MutagenicStrength","Kunai","Bag of Marbles","Strawberry","Bottled Tornado","Shuriken"],"potions_floor_usage":[],"damage_taken":[{"damage":0.0,"enemies":"2 Louse","floor":1.0,"turns":1.0},{"damage":0.0,"enemies":"3 Sentries","floor":6.0,"turns":1.0},{"damage":0.0,"enemies":"Lagavulin","floor":8.0,"turns":1.0},{"damage":0.0,"enemies":"Small Slimes","floor":11.0,"turns":3.0},{"damage":16.0,"enemies":"3 Sentries","floor":13.0,"turns":8.0},{"damage":1.0,"enemies":"Jaw Worm","floor":14.0,"turns":4.0},{"damage":14.0,"enemies":"Slime Boss","floor":16.0,"turns":11.0},{"damage":2.0,"enemies":"Shell Parasite","floor":18.0,"turns":4.0},{"damage":11.0,"enemies":"Chosen","floor":21.0,"turns":4.0},{"damage":4.0,"enemies":"Snake Plant","floor":22.0,"turns":4.0},{"damage":8.0,"enemies":"Book of Stabbing","floor":23.0,"turns":5.0},{"damage":1.0,"enemies":"Shelled Parasite and Fungi","floor":24.0,"turns":6.0},{"damage":9.0,"enemies":"Gremlin Leader","floor":28.0,"turns":6.0},{"damage":2.0,"enemies":"Book of Stabbing","floor":30.0,"turns":4.0},{"damage":5.0,"enemies":"Cultist and Chosen","floor":31.0,"turns":3.0},{"damage":80,"enemies":"Collector","floor":33,"turns":7}],"seed_played":"8902270963570910173","potions_obtained":[{"floor":8.0,"key":"PowerPotion"},{"floor":16.0,"key":"SmokeBomb"}],"is_trial":false,"path_per_floor":["M","?","?","?","$","E","R","E","T","R","M","$","E","M","R","B",null,"M","?","?","M","M","E","M","R","T","R","E","$","E","M","R","B"],"character_chosen":"THE_SILENT","items_purchased":["Caltrops","Deadly Poison","Dagger Throw","Poisoned Stab","PiercingWail","Bottled Tornado","Backflip","Bandage Up"],"campfire_rested":2,"item_purchase_floors":[5,5,5,12,12,29,29,29],"current_hp_per_floor":[63,52,52,52,52,52,52,52,52,52,52,52,36,35,56,42,63,61,61,61,50,46,38,37,37,37,58,56,56,58,53,53,0],"gold":56,"neow_bonus":"THREE_ENEMY_KILL","is_prod":false,"is_daily":false,"chose_seed":false,"campfire_upgraded":4,"win_rate":0,"timestamp":1546933850,"path_taken":["M","?","?","?","$","E","R","E","T","R","M","$","E","M","R","BOSS","M","?","?","M","M","E","M","R","T","R","E","?","E","?","R","BOSS"],"build_version":"2019-01-03v4","purchased_purges":0,"victory":false,"max_hp_per_floor":[70,70,70,70,70,70,70,70,70,70,70,70,70,70,70,70,70,70,70,70,70,70,70,70,70,70,70,77,77,77,77,77,77],"card_choices":[{"not_picked":["Prepared","Concentrate"],"picked":"Heel Hook","floor":1.0},{"not_picked":["Accuracy","PiercingWail"],"picked":"Sucker Punch","floor":6.0},{"not_picked":["Tools of the Trade","Skewer"],"picked":"Footwork","floor":8.0},{"not_picked":["Acrobatics","Underhanded Strike","Footwork"],"picked":"SKIP","floor":11.0},{"not_picked":["Calculated Gamble","Bouncing Flask"],"picked":"Flying Knee","floor":13.0},{"not_picked":["Dodge and Roll","Bouncing Flask"],"picked":"All Out Attack","floor":14.0},{"not_picked":["Riddle With Holes","Distraction"],"picked":"Leg Sweep","floor":15.0},{"not_picked":["Night Terror","After Image"],"picked":"Adrenaline","floor":16.0},{"not_picked":["Quick Slash","Reflex"],"picked":"Cloak And Dagger","floor":18.0},{"not_picked":["Reflex","Flying Knee"],"picked":"Cloak And Dagger","floor":21.0},{"not_picked":["PiercingWail+1","Quick Slash"],"picked":"Bane","floor":22.0},{"not_picked":["PiercingWail","Well Laid Plans"],"picked":"Catalyst","floor":23.0},{"not_picked":["Outmaneuver+1","Bane"],"picked":"Sucker Punch+1","floor":24.0},{"not_picked":["Dagger Throw","Dagger Spray"],"picked":"Backstab","floor":27.0},{"not_picked":["Blur","Dagger Spray"],"picked":"Adrenaline","floor":28.0},{"not_picked":["Blade Dance","Venomology"],"picked":"Poisoned Stab","floor":30.0},{"not_picked":["Dagger Throw","Slice","Eviscerate"],"picked":"SKIP","floor":31.0}],"player_experience":283256,"relics_obtained":[{"floor":6.0,"key":"Boot"},{"floor":8.0,"key":"Bronze Scales"},{"floor":9.0,"key":"Dream Catcher"},{"floor":13.0,"key":"Bag of Preparation"},{"floor":23.0,"key":"Kunai"},{"floor":26.0,"key":"Bag of Marbles"},{"floor":28.0,"key":"Strawberry"},{"floor":30.0,"key":"Shuriken"}],"event_choices":[{"damage_healed":0.0,"max_hp_gain":0.0,"max_hp_loss":0.0,"gold_gain":75.0,"event_name":"World of Goop","player_choice":"Gather Gold","floor":2.0,"gold_loss":0.0,"damage_taken":11.0},{"damage_healed":0.0,"max_hp_gain":0.0,"max_hp_loss":0.0,"gold_gain":0.0,"event_name":"The Cleric","player_choice":"Leave","floor":3.0,"gold_loss":0.0,"damage_taken":0.0},{"damage_healed":0.0,"max_hp_gain":0.0,"max_hp_loss":0.0,"gold_gain":0.0,"event_name":"Living Wall","player_choice":"Grow","floor":4.0,"gold_loss":0.0,"damage_taken":0.0,"cards_upgraded":["Neutralize"]},{"damage_healed":0.0,"max_hp_gain":0.0,"max_hp_loss":0.0,"gold_gain":0.0,"event_name":"Addict","player_choice":"Obtained Relic","floor":19.0,"gold_loss":85.0,"damage_taken":0.0,"relics_obtained":["The Courier"]},{"damage_healed":0.0,"max_hp_gain":0.0,"max_hp_loss":0.0,"gold_gain":0.0,"event_name":"Drug Dealer","player_choice":"Inject Mutagens","floor":20.0,"gold_loss":0.0,"damage_taken":0.0,"relics_obtained":["MutagenicStrength"]}],"is_beta":false,"boss_relics":[{"not_picked":["Empty Cage","WristBlade"],"picked":"Sozu"}],"items_purged_floors":[],"is_endless":false,"potions_floor_spawned":[8,16,21,23,24,30],"killed_by":"Collector","ascension_level":9}