{"gold_per_floor":[109,34,34,109,85,85,118,118,118,151,151,151,151,178,178,178],"floor_reached":16,"playtime":589,"items_purged":["Strike_G"],"score":117,"play_id":"14d67c5c-c339-4744-8d63-ef5fe61f2f91","local_time":"20180827005311","is_ascension_mode":true,"campfire_choices":[{"data":"Neutralize","floor":6,"key":"SMITH"},{"floor":8,"key":"REST"},{"floor":11,"key":"REST"},{"floor":15,"key":"REST"}],"neow_cost":"NONE","seed_source_timestamp":922635780913569,"circlet_count":0,"master_deck":["Defend_G","Defend_G","Defend_G","Defend_G","Defend_G","Strike_G","Strike_G","Survivor","Neutralize+1","Backflip","Dagger Spray","Escape Plan","Cloak And Dagger","Deflect","Cloak And Dagger"],"relics":["Ring of the Snake","Oddly Smooth Stone","Dream Catcher","Vajra","Bag of Marbles"],"potions_floor_usage":[10,16],"damage_taken":[{"damage":14,"enemies":"Cultist","floor":1,"turns":6},{"damage":31,"enemies":"3 Sentries","floor":7,"turns":10},{"damage":18,"enemies":"Lagavulin","floor":10,"turns":9},{"damage":56,"enemies":"Hexaghost","floor":16,"turns":18}],"seed_played":"-2945071734593800092","potions_obtained":[{"floor":7,"key":"Strength Potion"},{"floor":10,"key":"AttackPotion"}],"is_trial":false,"path_per_floor":["M","$","?","?","$","R","E","R","T","E","R","?","$","T","R"],"character_chosen":"THE_SILENT","items_purchased":["Dagger Spray"],"campfire_rested":3,"item_purchase_floors":[5],"current_hp_per_floor":[56,56,56,49,49,49,18,39,39,21,42,35,35,35,56,0],"gold":178,"neow_bonus":"REMOVE_CARD","is_prod":false,"is_daily":false,"chose_seed":false,"campfire_upgraded":1,"win_rate":0,"timestamp":1535302391,"path_taken":["M","?","?","?","$","R","E","R","T","E","R","?","$","?","R","BOSS"],"build_version":"2018-08-23v2","purchased_purges":1,"victory":false,"max_hp_per_floor":[70,70,70,70,70,70,70,70,70,70,70,70,70,70,70,70],"card_choices":[{"not_picked":["Riddle With Holes","Underhanded Strike"],"picked":"Backflip","floor":1},{"not_picked":["Outmaneuver","PiercingWail"],"picked":"Escape Plan","floor":7},{"not_picked":["Tools of the Trade","Noxious Fumes"],"picked":"Cloak And Dagger","floor":10},{"not_picked":["Heel Hook","Dagger Throw"],"picked":"Deflect","floor":11},{"not_picked":["Blade Dance","Heel Hook"],"picked":"Cloak And Dagger","floor":15}],"player_experience":293172,"relics_obtained":[{"floor":7,"key":"Oddly Smooth Stone"},{"floor":9,"key":"Dream Catcher"},{"floor":10,"key":"Vajra"},{"floor":14,"key":"Bag of Marbles"}],"event_choices":[{"event_name":"The Cleric","player_choice":"Leave","floor":3,"damage_taken":0},{"event_name":"FaceTrader","player_choice":"Touch","floor":4,"damage_taken":0},{"event_name":"Golden Wing","player_choice":"Card Removal","floor":12,"damage_taken":0}],"is_beta":false,"boss_relics":[],"items_purged_floors":[2],"is_endless":false,"potions_floor_spawned":[7,10],"killed_by":"Hexaghost","ascension_level":3}