{"gold_per_floor":[164,229,29,29,85,85,235,300,300,300,149,107,107,107,107,427,427,472,537,462,507,207,207,317,362,387,472,571,486,595,595,595,895,895,960,960,1025,900,945,945,761,761,761,806,806,806,806,806,806,806],"floor_reached":51,"playtime":2201,"items_purged":[],"score":759,"play_id":"e8ee168a-b6f4-43eb-b975-e1f9802f409e","local_time":"20190101161851","daily_mods":["Allstar","Hoarder","Midas"],"is_ascension_mode":false,"campfire_choices":[{"floor":6,"key":"REST"},{"floor":13,"key":"REST"},{"floor":15,"key":"REST"},{"floor":23,"key":"REST"},{"floor":32,"key":"REST"},{"floor":40,"key":"REST"},{"floor":42,"key":"REST"},{"floor":45,"key":"REST"},{"floor":49,"key":"REST"}],"neow_cost":"","seed_source_timestamp":0,"circlet_count":0,"master_deck":["Strike_R+1","Strike_R+1","Strike_R+1","Strike_R+1","Strike_R+1","Defend_R+1","Defend_R+1","Defend_R+1","Defend_R+1","Bash+1","Bandage Up+1","Bandage Up+1","Bandage Up+1","Jack Of All Trades+1","Jack Of All Trades+1","Jack Of All Trades+1","HandOfGreed+1","HandOfGreed+1","HandOfGreed+1","Chrysalis+1","Chrysalis+1","Chrysalis+1","Finesse+1","Finesse+1","Impervious+1","Impervious+1","Impervious+1","Fiend Fire+1","Fiend Fire+1","Dark Shackles+1","Dark Shackles+1","Dark Shackles+1","Bludgeon+1","Bludgeon+1","Bludgeon+1","Demon Form+1","Demon Form+1","Demon Form+1","Metallicize+1","Metallicize+1","Metallicize+1"],"special_seed":17897,"relics":["Burning Blood","Membership Card","Happy Flower","Kunai","Dodecahedron","Juzu Bracelet","Blood Vial","Sozu","Lantern","ClockworkSouvenir","Molten Egg 2","Bag of Marbles","Paper Frog","Red Skull","Ancient Tea Set","Red Mask","Bottled Flame","Omamori","Centennial Puzzle","The Courier","Mark of the Bloom","Potion Belt"],"potions_floor_usage":[18],"damage_taken":[{"damage":14,"enemies":"Small Slimes","floor":1,"turns":3},{"damage":5,"enemies":"2 Louse","floor":2,"turns":2},{"damage":39,"enemies":"3 Sentries","floor":7,"turns":9},{"damage":0,"enemies":"Jaw Worm","floor":8,"turns":3},{"damage":42,"enemies":"Slime Boss","floor":16,"turns":10},{"damage":23,"enemies":"2 Thieves","floor":18,"turns":5},{"damage":19,"enemies":"3 Byrds","floor":19,"turns":6},{"damage":0,"enemies":"Snecko","floor":21,"turns":6},{"damage":34,"enemies":"Gremlin Leader","floor":24,"turns":9},{"damage":0,"enemies":"Snake Plant","floor":25,"turns":3},{"damage":23,"enemies":"Centurion and Healer","floor":27,"turns":6},{"damage":10,"enemies":"Masked Bandits","floor":30,"turns":3},{"damage":70,"enemies":"Collector","floor":33,"turns":11},{"damage":0,"enemies":"3 Darklings","floor":35,"turns":6},{"damage":0,"enemies":"3 Shapes","floor":37,"turns":4},{"damage":0,"enemies":"Jaw Worm Horde","floor":39,"turns":4},{"damage":51,"enemies":"Transient","floor":44,"turns":5},{"damage":40,"enemies":"Donu and Deca","floor":50,"turns":8}],"seed_played":"2052676809091822558","potions_obtained":[{"floor":2,"key":"SpeedPotion"},{"floor":7,"key":"BloodPotion"},{"floor":8,"key":"FearPotion"}],"is_trial":false,"path_per_floor":["M","M","$","?","?","R","E","M","T","T","$","$","R","?","R","B",null,"M","M","$","M","$","R","E","M","T","M","?","?","?","?","R","B",null,"M","?","M","$","M","R","$","R","T","M","R","?","?","T","R","B",null],"character_chosen":"IRONCLAD","items_purchased":["Membership Card","Fiend Fire","Blood Vial","Dark Shackles","Lantern","ClockworkSouvenir","Molten Egg 2","Bag of Marbles","Bottled Flame","Omamori","Centennial Puzzle","Metallicize"],"campfire_rested":9,"item_purchase_floors":[3,11,11,12,20,22,22,22,38,41,41,41],"current_hp_per_floor":[80,80,80,73,73,80,55,69,69,69,69,69,80,85,85,61,85,72,72,72,84,84,85,65,81,81,78,78,78,76,76,85,29,85,85,95,95,95,95,95,95,95,95,58,86,86,86,86,86,46],"gold":806,"neow_bonus":"","is_prod":false,"is_daily":true,"chose_seed":false,"campfire_upgraded":0,"win_rate":0,"timestamp":1546355931,"path_taken":["M","M","$","?","?","R","E","M","T","?","?","$","R","?","R","BOSS","M","M","$","M","$","R","E","M","T","M","?","?","?","?","R","BOSS","M","?","M","$","M","R","?","R","T","M","R","?","?","?","R","BOSS"],"build_version":"2018-12-20","purchased_purges":0,"victory":true,"max_hp_per_floor":[80,80,80,80,80,80,80,80,80,80,80,80,80,85,85,85,85,85,85,85,85,85,85,85,85,85,85,85,85,85,85,85,85,85,85,95,95,95,95,95,95,95,95,95,95,95,95,95,95,95],"card_choices":[{"not_picked":["Battle Trance","Cleave","Warcry"],"picked":"SKIP","floor":1},{"not_picked":["Havoc","Bloodletting","Warcry"],"picked":"SKIP","floor":2},{"not_picked":["Clash","Second Wind"],"picked":"Impervious","floor":7},{"not_picked":["Havoc","Twin Strike","Body Slam"],"picked":"SKIP","floor":8},{"not_picked":["Shrug It Off+1","Sever Soul","Clash+1"],"picked":"SKIP","floor":18},{"not_picked":["Seeing Red","Combust+1","Feel No Pain"],"picked":"SKIP","floor":19},{"not_picked":["Searing Blow+1","Headbutt+1","Feel No Pain"],"picked":"SKIP","floor":21},{"not_picked":["Pommel Strike+1","Cleave+1","True Grit"],"picked":"SKIP","floor":24},{"not_picked":["Twin Strike+1","Blood for Blood+1"],"picked":"Bludgeon+1","floor":25},{"not_picked":["Twin Strike+1","Cleave+1","Pummel+1"],"picked":"SKIP","floor":27},{"not_picked":["Immolate+1","Brutality"],"picked":"Demon Form","floor":33},{"not_picked":["Shrug It Off","Clothesline+1","Searing Blow+1"],"picked":"SKIP","floor":35},{"not_picked":["Wild Strike+1","Armaments+1","Fire Breathing+1"],"picked":"SKIP","floor":37},{"not_picked":["Clothesline+1","Flex+1","Pommel Strike+1"],"picked":"SKIP","floor":39},{"not_picked":["Rampage+1","Headbutt+1","Flex"],"picked":"SKIP","floor":44}],"player_experience":249995,"relics_obtained":[{"floor":7,"key":"Kunai"},{"floor":9,"key":"Dodecahedron"},{"floor":10,"key":"Juzu Bracelet"},{"floor":24,"key":"Paper Frog"},{"floor":26,"key":"Red Skull"},{"floor":30,"key":"Red Mask"},{"floor":43,"key":"The Courier"},{"floor":48,"key":"Potion Belt"}],"event_choices":[{"damage_healed":0,"gold_gain":0,"player_choice":"Success","damage_taken":7,"relics_obtained":["Happy Flower"],"max_hp_gain":0,"max_hp_loss":0,"event_name":"Scrap Ooze","floor":4,"gold_loss":0},{"damage_healed":0,"gold_gain":56,"player_choice":"Gained Gold","damage_taken":0,"max_hp_gain":0,"max_hp_loss":0,"event_name":"Golden Wing","floor":5,"gold_loss":0},{"damage_healed":0,"gold_gain":0,"player_choice":"Donut","damage_taken":0,"max_hp_gain":5,"max_hp_loss":0,"event_name":"Big Fish","floor":14,"gold_loss":0},{"damage_healed":0,"gold_gain":99,"player_choice":"Stole From Cult","damage_taken":0,"max_hp_gain":0,"max_hp_loss":0,"event_name":"Nest","floor":28,"gold_loss":0},{"damage_healed":0,"gold_gain":0,"player_choice":"Obtained Relic","damage_taken":0,"relics_obtained":["Ancient Tea Set"],"max_hp_gain":0,"max_hp_loss":0,"event_name":"Addict","floor":29,"gold_loss":85},{"damage_healed":0,"gold_gain":0,"player_choice":"Fought Bandits","damage_taken":0,"max_hp_gain":0,"max_hp_loss":0,"event_name":"Masked Bandits","floor":30,"gold_loss":0},{"damage_healed":0,"gold_gain":0,"player_choice":"Ignored","damage_taken":0,"max_hp_gain":0,"max_hp_loss":0,"event_name":"Purifier","floor":31,"gold_loss":0},{"cards_removed":["Fiend Fire"],"damage_healed":0,"gold_gain":0,"player_choice":"Offered Rare","damage_taken":0,"max_hp_gain":10,"max_hp_loss":0,"event_name":"Bonfire Elementals","floor":36,"gold_loss":0},{"damage_healed":0,"gold_gain":0,"player_choice":"Upgrade","damage_taken":0,"relics_obtained":["Mark of the Bloom"],"max_hp_gain":0,"max_hp_loss":0,"event_name":"MindBloom","floor":46,"gold_loss":0,"cards_upgraded":["Strike_R","Strike_R","Strike_R","Strike_R","Strike_R","Defend_R","Defend_R","Defend_R","Defend_R","Bash","Bandage Up","Bandage Up","Bandage Up","Jack Of All Trades","Jack Of All Trades","Jack Of All Trades","HandOfGreed","HandOfGreed","HandOfGreed","Chrysalis","Chrysalis","Chrysalis","Finesse","Finesse","Finesse","Impervious","Impervious","Impervious","Fiend Fire","Fiend Fire","Dark Shackles","Dark Shackles","Dark Shackles","Demon Form","Demon Form","Demon Form","Metallicize","Metallicize","Metallicize"]},{"cards_removed":["Finesse"],"damage_healed":0,"gold_gain":0,"player_choice":"Removed Skill","damage_taken":0,"max_hp_gain":0,"max_hp_loss":0,"event_name":"Falling","floor":47,"gold_loss":0}],"is_beta":false,"boss_relics":[{"not_picked":["Astrolabe","Tiny House"],"picked":"Sozu"},{"not_picked":["Coffee Dripper","Runic Pyramid","Empty Cage"]}],"items_purged_floors":[],"is_endless":false,"potions_floor_spawned":[2,7,8,19,24,25,35,44],"ascension_level":0}