{"gold_per_floor":[119,69,69,87,102,102,136,148,148,176,186,216,216,226,226,323,323,341,341,356,367,59,59,134,154,154,182,182,216,234,253,253,350,350,369,30,45,145,0,26,26,55,55,55,55,55,55,72,72,72],"floor_reached":51,"playtime":1817,"items_purged":["Strike_R"],"score":963,"play_id":"70568a67-bece-4aa5-909a-434c772eecbe","local_time":"20190201223526","is_ascension_mode":true,"campfire_choices":[{"data":"Inflame","floor":6.0,"key":"SMITH"},{"floor":13.0,"key":"REST"},{"data":"Heavy Blade","floor":15.0,"key":"SMITH"},{"data":"Shrug It Off","floor":23.0,"key":"SMITH"},{"floor":28.0,"key":"REST"},{"data":"Power Through","floor":32.0,"key":"SMITH"},{"data":"Barricade","floor":41.0,"key":"SMITH"},{"data":"Discovery","floor":46.0,"key":"SMITH"},{"data":"Demon Form","floor":49,"key":"SMITH"}],"neow_cost":"NONE","seed_source_timestamp":43172289498136,"circlet_count":0,"master_deck":["Strike_R","Strike_R","Defend_R","Defend_R","Defend_R","Defend_R","Bash","Twin Strike","Spot Weakness","Inflame+1","Power Through+1","Heavy Blade+1","Demon Form+1","Shrug It Off+1","Thunderclap","Reaper","Cleave+1","Barricade+1","Armaments+1","Shrug It Off","Iron Wave+1","Discovery+1"],"special_seed":0,"relics":["Burning Blood","Blood Vial","Singing Bowl","Bottled Flame","Bottled Tornado","Oddly Smooth Stone","Busted Crown","FossilizedHelix","Red Skull","Anchor","Champion Belt","Coffee Dripper","Ornamental Fan","Du-Vu Doll","Red Mask","Letter Opener","Ancient Tea Set","Centennial Puzzle"],"potions_floor_usage":[50],"damage_taken":[{"damage":5.0,"enemies":"2 Louse","floor":1.0,"turns":3.0},{"damage":1.0,"enemies":"Cultist","floor":4.0,"turns":3.0},{"damage":0.0,"enemies":"Small Slimes","floor":5.0,"turns":2.0},{"damage":30.0,"enemies":"3 Sentries","floor":7.0,"turns":8.0},{"damage":4.0,"enemies":"2 Fungi Beasts","floor":8.0,"turns":4.0},{"damage":20.0,"enemies":"Lagavulin","floor":10.0,"turns":7.0},{"damage":13.0,"enemies":"Exordium Thugs","floor":11.0,"turns":6.0},{"damage":20.0,"enemies":"3 Sentries","floor":12.0,"turns":7.0},{"damage":12.0,"enemies":"Large Slime","floor":14.0,"turns":4.0},{"damage":10.0,"enemies":"Slime Boss","floor":16.0,"turns":9.0},{"damage":9.0,"enemies":"3 Byrds","floor":18.0,"turns":5.0},{"damage":6.0,"enemies":"Chosen","floor":20.0,"turns":3.0},{"damage":23.0,"enemies":"Centurion and Healer","floor":21.0,"turns":4.0},{"damage":13.0,"enemies":"Shelled Parasite and Fungi","floor":25.0,"turns":5.0},{"damage":47.0,"enemies":"Slavers","floor":27.0,"turns":7.0},{"damage":20.0,"enemies":"Gremlin Leader","floor":29.0,"turns":5.0},{"damage":0.0,"enemies":"Cultist and Chosen","floor":30.0,"turns":4.0},{"damage":16.0,"enemies":"Snake Plant","floor":31.0,"turns":3.0},{"damage":78.0,"enemies":"Automaton","floor":33.0,"turns":7.0},{"damage":12.0,"enemies":"3 Darklings","floor":35.0,"turns":5.0},{"damage":0.0,"enemies":"Orb Walker","floor":37.0,"turns":4.0},{"damage":0.0,"enemies":"Mind Bloom Boss Battle","floor":38.0,"turns":7.0},{"damage":69.0,"enemies":"Giant Head","floor":40.0,"turns":9.0},{"damage":57.0,"enemies":"Reptomancer","floor":42.0,"turns":5.0},{"damage":0,"enemies":"Maw","floor":48,"turns":6},{"damage":43,"enemies":"Time Eater","floor":50,"turns":9}],"seed_played":"6575635853499535058","potions_obtained":[{"floor":7.0,"key":"LiquidBronze"},{"floor":8.0,"key":"Fire Potion"},{"floor":10.0,"key":"FearPotion"},{"floor":31.0,"key":"Regen Potion"},{"floor":37.0,"key":"Weak Potion"},{"floor":42.0,"key":"Strength Potion"}],"is_trial":false,"path_per_floor":["M","?","?","M","M","R","E","M","T","E","M","E","R","M","R","B",null,"M","?","M","M","$","R","?","M","T","E","R","E","M","M","R","B",null,"M","$","M","?","?","E","R","E","T","$","?","R","$","M","R","B",null],"character_chosen":"IRONCLAD","items_purchased":["FossilizedHelix","Shrug It Off","Ornamental Fan"],"campfire_rested":2,"item_purchase_floors":[22,36,36],"current_hp_per_floor":[80,80,80,80,80,80,56,60,60,48,43,33,57,55,55,53,84,86,86,88,71,71,71,63,60,60,49,76,80,90,84,84,37,98,98,98,98,100,100,79,79,46,46,46,46,46,46,72,72,37],"gold":72,"neow_bonus":"RANDOM_COMMON_RELIC","is_prod":false,"is_daily":false,"chose_seed":false,"campfire_upgraded":7,"win_rate":0,"timestamp":1549056926,"path_taken":["M","?","?","M","M","R","E","?","T","E","M","E","R","M","R","BOSS","M","?","M","M","$","R","?","?","T","E","R","E","M","M","R","BOSS","M","$","M","?","?","E","R","E","T","?","?","R","$","M","R","BOSS"],"build_version":"2019-01-23","purchased_purges":1,"victory":true,"max_hp_per_floor":[80,80,80,80,80,80,80,80,80,80,80,82,82,84,84,84,84,86,86,88,88,88,88,88,90,90,92,92,94,96,98,98,98,98,98,98,98,100,100,102,102,104,104,104,104,104,104,106,106,106],"card_choices":[{"not_picked":["True Grit","Havoc"],"picked":"Twin Strike","floor":1.0},{"not_picked":["Twin Strike","Pommel Strike"],"picked":"Inflame","floor":4.0},{"not_picked":["Warcry","Flex"],"picked":"Power Through","floor":5.0},{"not_picked":["Clothesline","Fire Breathing"],"picked":"Heavy Blade","floor":7.0},{"not_picked":["Anger","Flex"],"picked":"Demon Form","floor":8.0},{"not_picked":["Anger","Limit Break"],"picked":"Shrug It Off","floor":10.0},{"not_picked":["Clash","Flex"],"picked":"Thunderclap","floor":11.0},{"not_picked":["Twin Strike","Headbutt","Dropkick"],"picked":"Singing Bowl","floor":12.0},{"not_picked":["Rupture","Anger","Bloodletting"],"picked":"Singing Bowl","floor":14.0},{"not_picked":["Demon Form","Fiend Fire"],"picked":"Reaper","floor":16.0},{"not_picked":["Warcry"],"picked":"Singing Bowl","floor":18.0},{"not_picked":["Warcry"],"picked":"Singing Bowl","floor":20.0},{"not_picked":[],"picked":"Cleave+1","floor":21.0},{"not_picked":["Sword Boomerang"],"picked":"Singing Bowl","floor":25.0},{"not_picked":["Anger"],"picked":"Singing Bowl","floor":27.0},{"not_picked":["Havoc+1"],"picked":"Singing Bowl","floor":29.0},{"not_picked":["Clash"],"picked":"Singing Bowl","floor":30.0},{"not_picked":["Headbutt"],"picked":"Singing Bowl","floor":31.0},{"not_picked":[],"picked":"Barricade","floor":33.0},{"not_picked":[],"picked":"Armaments+1","floor":35.0},{"not_picked":[],"picked":"Iron Wave+1","floor":37.0},{"not_picked":["Sever Soul+1"],"picked":"Singing Bowl","floor":38.0},{"not_picked":["Wild Strike"],"picked":"Singing Bowl","floor":40.0},{"not_picked":["Havoc"],"picked":"Singing Bowl","floor":42.0},{"not_picked":[],"picked":"Discovery","floor":45.0},{"not_picked":["Warcry"],"picked":"Singing Bowl","floor":48}],"player_experience":251394,"relics_obtained":[{"floor":7.0,"key":"Singing Bowl"},{"floor":9.0,"key":"Bottled Flame"},{"floor":10.0,"key":"Bottled Tornado"},{"floor":12.0,"key":"Oddly Smooth Stone"},{"floor":26.0,"key":"Red Skull"},{"floor":27.0,"key":"Anchor"},{"floor":29.0,"key":"Champion Belt"},{"floor":38.0,"key":"Du-Vu Doll"},{"floor":40.0,"key":"Letter Opener"},{"floor":42.0,"key":"Ancient Tea Set"},{"floor":43.0,"key":"Centennial Puzzle"}],"event_choices":[{"cards_removed":["Strike_R"],"damage_healed":0.0,"max_hp_gain":0.0,"max_hp_loss":0.0,"gold_gain":0.0,"event_name":"The Cleric","player_choice":"Card Removal","floor":2.0,"gold_loss":50.0,"damage_taken":0.0},{"damage_healed":0.0,"max_hp_gain":0.0,"max_hp_loss":0.0,"gold_gain":0.0,"cards_transformed":["Strike_R"],"event_name":"Transmorgrifier","player_choice":"Transformed","floor":3.0,"gold_loss":0.0,"damage_taken":0.0,"cards_obtained":["Spot Weakness"]},{"damage_healed":0.0,"max_hp_gain":0.0,"max_hp_loss":0.0,"gold_gain":0.0,"event_name":"The Mausoleum","player_choice":"Ignored","floor":19.0,"gold_loss":0.0,"damage_taken":0.0},{"damage_healed":0.0,"max_hp_gain":0.0,"max_hp_loss":0.0,"gold_gain":75.0,"event_name":"FaceTrader","player_choice":"Touch","floor":24.0,"gold_loss":0.0,"damage_taken":8.0},{"damage_healed":0.0,"max_hp_gain":0.0,"max_hp_loss":0.0,"gold_gain":0.0,"event_name":"MindBloom","player_choice":"Fight","floor":38.0,"gold_loss":0.0,"damage_taken":0.0},{"damage_healed":0.0,"max_hp_gain":0.0,"max_hp_loss":0.0,"gold_gain":0.0,"event_name":"Tomb of Lord Red Mask","player_choice":"Paid","floor":39.0,"gold_loss":145.0,"damage_taken":0.0,"relics_obtained":["Red Mask"]},{"damage_healed":0.0,"max_hp_gain":0.0,"max_hp_loss":0.0,"gold_gain":0.0,"event_name":"SensoryStone","player_choice":"Memory 1","floor":45.0,"gold_loss":0.0,"damage_taken":0.0}],"is_beta":false,"boss_relics":[{"not_picked":["Calling Bell","Astrolabe"],"picked":"Busted Crown"},{"not_picked":["White Beast Statue","Black Blood"],"picked":"Coffee Dripper"}],"items_purged_floors":[36],"is_endless":false,"potions_floor_spawned":[7,8,10,12,18,27,31,33,37,38,42],"ascension_level":4}