{"gold_per_floor":[113,128,128,13,33,64,64,97,144,144,176,194,194,209,209,209],"floor_reached":16,"playtime":680,"items_purged":["Strike_R"],"score":145,"play_id":"1bb8d967-8d5b-4cff-aad5-cdd8a0c6d263","local_time":"20181229210623","is_ascension_mode":false,"campfire_choices":[{"data":"Flame Barrier","floor":7,"key":"SMITH"},{"floor":10,"key":"REST"},{"data":"Flex","floor":15,"key":"SMITH"}],"neow_cost":"NONE","seed_source_timestamp":36534151684547,"circlet_count":0,"master_deck":["Strike_R","Strike_R","Strike_R","Strike_R","Defend_R","Defend_R","Defend_R","Defend_R","Bash","Seeing Red","Sword Boomerang","Flame Barrier+1","Shrug It Off","Immolate","Ghostly Armor","Impervious","Flex+1","Armaments"],"relics":["Burning Blood","Pear","Art of War","Bronze Scales","Dodecahedron"],"potions_floor_usage":[11],"damage_taken":[{"damage":5,"enemies":"Jaw Worm","floor":1,"turns":4},{"damage":1,"enemies":"Cultist","floor":2,"turns":3},{"damage":5,"enemies":"Small Slimes","floor":5,"turns":3},{"damage":60,"enemies":"3 Sentries","floor":6,"turns":14},{"damage":28,"enemies":"Gremlin Nob","floor":8,"turns":4},{"damage":4,"enemies":"3 Sentries","floor":11,"turns":6},{"damage":2,"enemies":"Blue Slaver","floor":12,"turns":4},{"damage":2,"enemies":"Exordium Thugs","floor":14,"turns":4},{"damage":64,"enemies":"The Guardian","floor":16,"turns":10}],"seed_played":"-6546456668749238419","potions_obtained":[{"floor":2,"key":"AttackPotion"},{"floor":8,"key":"PowerPotion"},{"floor":14,"key":"SpeedPotion"}],"is_trial":false,"path_per_floor":["M","M","?","$","M","E","R","E","T","R","E","M","?","M","R","B"],"character_chosen":"IRONCLAD","items_purchased":["Flame Barrier"],"campfire_rested":1,"item_purchase_floors":[4],"current_hp_per_floor":[88,88,88,88,88,44,44,22,22,51,53,57,57,61,61,0],"gold":209,"neow_bonus":"TEN_PERCENT_HP_BONUS","is_prod":false,"is_daily":false,"chose_seed":false,"campfire_upgraded":2,"win_rate":0,"timestamp":1546113983,"path_taken":["M","M","?","$","M","E","R","E","T","R","E","M","?","M","R","BOSS"],"build_version":"2018-12-20","purchased_purges":1,"victory":false,"max_hp_per_floor":[88,88,88,88,88,98,98,98,98,98,98,98,98,98,98,98],"card_choices":[{"not_picked":["True Grit","Warcry"],"picked":"Seeing Red","floor":1},{"not_picked":["Wild Strike","Reckless Charge"],"picked":"Sword Boomerang","floor":2},{"not_picked":["Dual Wield","Heavy Blade"],"picked":"Shrug It Off","floor":5},{"not_picked":["Feel No Pain","Metallicize"],"picked":"Immolate","floor":6},{"not_picked":["Clash","Pommel Strike"],"picked":"Ghostly Armor","floor":8},{"not_picked":["Corruption","Flex"],"picked":"Impervious","floor":11},{"not_picked":["Dropkick","Seeing Red"],"picked":"Flex","floor":12},{"not_picked":["Cleave","Pommel Strike"],"picked":"Armaments","floor":14}],"player_experience":76381,"relics_obtained":[{"floor":6,"key":"Pear"},{"floor":8,"key":"Art of War"},{"floor":9,"key":"Bronze Scales"},{"floor":11,"key":"Dodecahedron"}],"event_choices":[{"damage_healed":0,"gold_gain":0,"player_choice":"Ignored","damage_taken":0,"max_hp_gain":0,"max_hp_loss":0,"event_name":"Liars Game","floor":3,"gold_loss":0},{"damage_healed":0,"gold_gain":0,"player_choice":"Ignored","damage_taken":0,"max_hp_gain":0,"max_hp_loss":0,"event_name":"NoteForYourself","floor":13,"gold_loss":0}],"is_beta":false,"boss_relics":[],"items_purged_floors":[4],"is_endless":false,"potions_floor_spawned":[2,8,14],"killed_by":"The Guardian","ascension_level":0}