{"gold_per_floor":[119,394,412,337,350,379,379,28,28,38,48,76,76,88,88,88],"floor_reached":16,"playtime":809,"items_purged":["Regret"],"score":218,"play_id":"fe68fade-8b47-4185-a0d3-b8171b729d60","local_time":"20190123033444","is_ascension_mode":true,"campfire_choices":[{"data":"Perfected Strike","floor":7,"key":"SMITH"},{"data":"Perfected Strike","floor":15,"key":"SMITH"}],"neow_cost":"NONE","seed_source_timestamp":3988326985521621,"circlet_count":0,"master_deck":["AscendersBane","Strike_R","Strike_R","Strike_R","Strike_R","Strike_R","Defend_R","Defend_R","Defend_R","Defend_R","Bash","Perfected Strike+1","Whirlwind","Reaper","Wild Strike","Wild Strike","Perfected Strike+1","Pommel Strike"],"relics":["Burning Blood","Bag of Preparation","Mummified Hand","Meat on the Bone","Art of War","Matryoshka"],"potions_floor_usage":[],"damage_taken":[{"damage":1,"enemies":"Cultist","floor":1,"turns":3},{"damage":4,"enemies":"2 Louse","floor":3,"turns":4},{"damage":7,"enemies":"Small Slimes","floor":5,"turns":3},{"damage":48,"enemies":"Gremlin Nob","floor":6,"turns":5},{"damage":10,"enemies":"Looter","floor":10,"turns":3},{"damage":10,"enemies":"3 Louse","floor":11,"turns":2},{"damage":35,"enemies":"3 Sentries","floor":12,"turns":9},{"damage":11,"enemies":"Exordium Thugs","floor":14,"turns":2},{"damage":75,"enemies":"Hexaghost","floor":16,"turns":8}],"seed_played":"-5505979393016269632","potions_obtained":[{"floor":1,"key":"SpeedPotion"},{"floor":6,"key":"GamblersBrew"},{"floor":14,"key":"FearPotion"}],"is_trial":false,"path_per_floor":["M","?","M","$","M","E","R","$","T","M","M","E","?","M","R","B"],"character_chosen":"IRONCLAD","items_purchased":["Meat on the Bone","Reaper"],"campfire_rested":0,"item_purchase_floors":[8,8],"current_hp_per_floor":[73,73,75,75,74,32,32,32,32,40,48,41,75,70,70,0],"gold":88,"neow_bonus":"RANDOM_COMMON_RELIC","is_prod":false,"is_daily":false,"chose_seed":false,"campfire_upgraded":2,"win_rate":0,"timestamp":1548210884,"path_taken":["M","?","M","$","M","E","R","$","T","M","?","E","?","?","R","BOSS"],"build_version":"2019-01-17v2","purchased_purges":1,"victory":false,"max_hp_per_floor":[75,75,75,75,75,75,75,75,75,75,75,75,75,75,75,75],"card_choices":[{"not_picked":["Entrench","Heavy Blade"],"picked":"Disarm","floor":1},{"not_picked":["Rupture","Combust"],"picked":"Perfected Strike","floor":3},{"not_picked":["Feel No Pain","Shrug It Off"],"picked":"Whirlwind","floor":5},{"not_picked":["Shrug It Off","Intimidate","Dropkick"],"picked":"SKIP","floor":6},{"not_picked":["Hemokinesis","Infernal Blade"],"picked":"Wild Strike","floor":10},{"not_picked":["Havoc","Immolate"],"picked":"Wild Strike","floor":11},{"not_picked":["Clash","Sever Soul"],"picked":"Perfected Strike","floor":12},{"not_picked":["Flex","Headbutt"],"picked":"Pommel Strike","floor":14}],"player_experience":756311,"relics_obtained":[{"floor":6,"key":"Mummified Hand"},{"floor":9,"key":"Art of War"},{"floor":12,"key":"Matryoshka"}],"event_choices":[{"damage_healed":0,"gold_gain":275,"player_choice":"Desecrate","damage_taken":0,"max_hp_gain":0,"max_hp_loss":0,"event_name":"Golden Shrine","floor":2,"gold_loss":0,"cards_obtained":["Regret"]},{"cards_removed":["Disarm"],"damage_healed":34,"gold_gain":0,"player_choice":"Offered Uncommon","damage_taken":0,"max_hp_gain":0,"max_hp_loss":0,"event_name":"Bonfire Elementals","floor":13,"gold_loss":0}],"is_beta":false,"boss_relics":[],"items_purged_floors":[4],"is_endless":false,"potions_floor_spawned":[1,6,10,14],"killed_by":"Hexaghost","ascension_level":19}