{"gold_per_floor":[115,38,113,125,143,178,190,190,190,35,48,48,67,67,67,170,170,190,205,221,43,55,55,3,3,3,3,22,22,35,53,53,53],"floor_reached":33,"playtime":2523,"items_purged":[],"score":301,"play_id":"b31f57ed-3469-4832-993b-d3c31b43d0b3","local_time":"20181121005610","is_ascension_mode":false,"campfire_choices":[{"floor":8,"key":"DIG"},{"floor":15,"key":"DIG"},{"floor":23,"key":"DIG"},{"floor":25,"key":"DIG"},{"floor":27,"key":"DIG"},{"floor":29,"key":"DIG"},{"floor":32,"key":"DIG"}],"neow_cost":"NONE","seed_source_timestamp":1158096624995669,"circlet_count":0,"master_deck":["Strike_R+1","Strike_R","Strike_R","Strike_R","Defend_R","Defend_R","Defend_R+1","Defend_R","Bash","Fire Breathing","Iron Wave","Clothesline","Uppercut+1","Rage+1","Shrug It Off","Iron Wave","Clash","Feed","Warcry","Cleave+1","Iron Wave","Corruption","Shrug It Off","Hemokinesis+1","Clash+1","Shockwave"],"relics":["Burning Blood","Shovel","Magic Flower","Nunchaku","Oddly Smooth Stone","Anchor","Regal Pillow","Runic Cube","Ancient Tea Set","Pear","Gremlin Horn","War Paint","Whetstone","Strawberry","Dream Catcher","Dodecahedron"],"potions_floor_usage":[7,16,16,18,19,22,33,33],"damage_taken":[{"damage":7,"enemies":"Cultist","floor":1,"turns":6},{"damage":0,"enemies":"2 Louse","floor":4,"turns":3},{"damage":6,"enemies":"Jaw Worm","floor":5,"turns":6},{"damage":37,"enemies":"3 Sentries","floor":6,"turns":11},{"damage":9,"enemies":"Blue Slaver","floor":7,"turns":5},{"damage":5,"enemies":"Red Slaver","floor":11,"turns":5},{"damage":0,"enemies":"3 Louse","floor":13,"turns":3},{"damage":22,"enemies":"Slime Boss","floor":16,"turns":11},{"damage":24,"enemies":"Spheric Guardian","floor":18,"turns":7},{"damage":6,"enemies":"Chosen","floor":19,"turns":6},{"damage":26,"enemies":"Snecko","floor":20,"turns":6},{"damage":14,"enemies":"Centurion and Healer","floor":22,"turns":10},{"damage":41,"enemies":"Sentry and Sphere","floor":28,"turns":10},{"damage":2,"enemies":"Cultist and Chosen","floor":30,"turns":6},{"damage":5,"enemies":"Chosen and Byrds","floor":31,"turns":8},{"damage":72,"enemies":"Champ","floor":33,"turns":13}],"seed_played":"8699694981519554505","potions_obtained":[{"floor":1,"key":"Swift Potion"},{"floor":6,"key":"PowerPotion"},{"floor":13,"key":"Explosive Potion"},{"floor":18,"key":"AttackPotion"},{"floor":19,"key":"Strength Potion"},{"floor":30,"key":"Block Potion"},{"floor":31,"key":"Fire Potion"}],"is_trial":false,"path_per_floor":["M","$","?","M","M","E","M","R","T","$","M","?","M","?","R","B",null,"M","M","M","$","M","R","?","R","T","R","M","R","M","M","R","B"],"character_chosen":"IRONCLAD","items_purchased":["Regen Potion","Oddly Smooth Stone","Corruption","Ancient Tea Set"],"campfire_rested":0,"item_purchase_floors":[2,10,21,21],"current_hp_per_floor":[87,87,76,82,82,51,60,60,60,60,64,64,73,73,73,60,88,78,81,64,64,59,69,69,69,69,76,49,49,61,70,70,0],"gold":53,"neow_bonus":"TEN_PERCENT_HP_BONUS","is_prod":false,"is_daily":false,"chose_seed":false,"campfire_upgraded":0,"win_rate":0.0,"timestamp":1542790570,"path_taken":["M","?","?","M","M","E","M","R","T","$","?","?","?","?","R","BOSS","M","M","M","$","?","R","?","R","T","R","M","R","M","?","R","BOSS"],"build_version":"2018-11-15","purchased_purges":0,"victory":false,"max_hp_per_floor":[88,88,88,88,88,88,88,88,88,88,88,88,88,88,88,88,88,91,91,91,91,91,101,101,101,101,108,111,111,114,117,117,117],"card_choices":[{"not_picked":["Bloodletting","Seeing Red"],"picked":"Fire Breathing","floor":1},{"not_picked":["Flame Barrier","Clash"],"picked":"Iron Wave","floor":4},{"not_picked":["Blood for Blood","Wild Strike"],"picked":"Clothesline","floor":5},{"not_picked":["Dual Wield","Searing Blow"],"picked":"Uppercut","floor":6},{"not_picked":["Iron Wave","Spot Weakness"],"picked":"Rage","floor":7},{"not_picked":["Flex","Thunderclap"],"picked":"Shrug It Off","floor":11},{"not_picked":["Armaments","Sword Boomerang"],"picked":"Clash","floor":13},{"not_picked":["Barricade","Offering"],"picked":"Feed","floor":16},{"not_picked":["Searing Blow","Flex"],"picked":"Warcry","floor":18},{"not_picked":["Heavy Blade","Limit Break"],"picked":"Cleave+1","floor":19},{"not_picked":["Blood for Blood","Wild Strike"],"picked":"Iron Wave","floor":20},{"not_picked":["True Grit+1","Reaper"],"picked":"Shrug It Off","floor":22},{"not_picked":["Twin Strike","Rampage"],"picked":"Hemokinesis+1","floor":28},{"not_picked":["True Grit","Anger+1"],"picked":"Clash+1","floor":30},{"not_picked":["Power Through","Anger+1"],"picked":"Shockwave","floor":31}],"player_experience":96582,"relics_obtained":[{"floor":6,"key":"Shovel"},{"floor":8,"key":"Magic Flower"},{"floor":9,"key":"Nunchaku"},{"floor":14,"key":"Anchor"},{"floor":15,"key":"Regal Pillow"},{"floor":23,"key":"Pear"},{"floor":25,"key":"War Paint"},{"floor":26,"key":"Whetstone"},{"floor":27,"key":"Strawberry"},{"floor":29,"key":"Dream Catcher"},{"floor":32,"key":"Dodecahedron"}],"event_choices":[{"damage_healed":0,"gold_gain":75,"player_choice":"Gather Gold","damage_taken":11,"max_hp_gain":0,"max_hp_loss":0,"event_name":"World of Goop","floor":3,"gold_loss":0},{"cards_removed":["Strike_R"],"damage_healed":0,"gold_gain":0,"player_choice":"Took Card","damage_taken":0,"max_hp_gain":0,"max_hp_loss":0,"event_name":"NoteForYourself","floor":12,"gold_loss":0,"cards_obtained":["Iron Wave"]},{"damage_healed":0,"gold_gain":0,"player_choice":"Relic","damage_taken":0,"max_hp_gain":0,"max_hp_loss":0,"event_name":"Wheel of Change","floor":14,"gold_loss":0},{"damage_healed":0,"gold_gain":0,"player_choice":"Paid Gold","damage_taken":0,"relics_obtained":["Gremlin Horn"],"max_hp_gain":0,"max_hp_loss":0,"event_name":"WeMeetAgain","floor":24,"gold_loss":52}],"is_beta":false,"boss_relics":[{"not_picked":["Runic Dome","Empty Cage"],"picked":"Runic Cube"}],"items_purged_floors":[],"is_endless":false,"potions_floor_spawned":[1,6,13,18,19,30,31],"killed_by":"Champ","ascension_level":0}