{"gold_per_floor":[116,116,116,126,145,145,178,178,178,2,2,28,48,48,48,48],"floor_reached":16,"playtime":363,"items_purged":["Bash"],"score":205,"play_id":"7b7d4fb9-0c6f-4024-b942-9da03c3ba85c","local_time":"20190104050935","is_ascension_mode":true,"campfire_choices":[{"data":"Bludgeon","floor":6,"key":"SMITH"},{"data":"Bash","floor":11,"key":"SMITH"},{"floor":15,"key":"REST"}],"neow_cost":"NONE","seed_source_timestamp":2352884643532549,"circlet_count":0,"master_deck":["AscendersBane","Strike_R","Strike_R","Strike_R","Strike_R","Strike_R","Defend_R","Defend_R","Defend_R","Defend_R","Bash+1","Twin Strike+1","Bludgeon+1","Panacea","Flame Barrier"],"relics":["Burning Blood","NeowsBlessing","Ice Cream","Calipers","Singing Bowl"],"potions_floor_usage":[],"damage_taken":[{"damage":0,"enemies":"Jaw Worm","floor":1,"turns":1},{"damage":0,"enemies":"Small Slimes","floor":4,"turns":1},{"damage":0,"enemies":"Cultist","floor":5,"turns":1},{"damage":45,"enemies":"3 Sentries","floor":7,"turns":8},{"damage":11,"enemies":"Gremlin Nob","floor":12,"turns":3},{"damage":12,"enemies":"Large Slime","floor":13,"turns":3},{"damage":52,"enemies":"Hexaghost","floor":16,"turns":7}],"seed_played":"8956194061112796460","potions_obtained":[{"floor":4,"key":"Dexterity Potion"},{"floor":12,"key":"SteroidPotion"}],"is_trial":false,"path_per_floor":["M","?","?","M","M","R","E","?","T","$","R","E","M","$","R","B"],"character_chosen":"IRONCLAD","items_purchased":["Panacea"],"campfire_rested":1,"item_purchase_floors":[10],"current_hp_per_floor":[74,74,74,75,75,75,36,36,36,36,36,33,29,29,52,0],"gold":48,"neow_bonus":"THREE_ENEMY_KILL","is_prod":false,"is_daily":false,"chose_seed":false,"campfire_upgraded":2,"win_rate":0,"timestamp":1546574975,"path_taken":["M","?","?","M","?","R","E","?","T","$","R","E","M","$","R","BOSS"],"build_version":"2019-01-03v2","purchased_purges":1,"victory":false,"max_hp_per_floor":[75,75,75,75,75,75,75,75,75,75,75,77,79,79,79,79],"card_choices":[{"not_picked":["Armaments","Iron Wave"],"picked":"Twin Strike","floor":1},{"not_picked":["Headbutt","Feel No Pain","Carnage"],"picked":"SKIP","floor":4},{"not_picked":["Thunderclap","Cleave","Clothesline"],"picked":"SKIP","floor":5},{"not_picked":["Rampage","Sever Soul","Evolve"],"picked":"SKIP","floor":7},{"not_picked":["Body Slam","Headbutt","Havoc"],"picked":"Singing Bowl","floor":12},{"not_picked":["Cleave","Clash"],"picked":"Flame Barrier","floor":13},{"not_picked":["Flame Barrier","Cleave","Clash"],"picked":"Singing Bowl","floor":13}],"player_experience":673180,"relics_obtained":[{"floor":7,"key":"Ice Cream"},{"floor":9,"key":"Calipers"},{"floor":12,"key":"Singing Bowl"}],"event_choices":[{"damage_healed":0,"gold_gain":0,"player_choice":"Grow","damage_taken":0,"max_hp_gain":0,"max_hp_loss":0,"event_name":"Living Wall","floor":2,"gold_loss":0,"cards_upgraded":["Twin Strike"]},{"damage_healed":0,"gold_gain":0,"player_choice":"2 cards matched","damage_taken":0,"max_hp_gain":0,"max_hp_loss":0,"event_name":"Match and Keep!","floor":3,"gold_loss":0,"cards_obtained":["Bash","Bludgeon"]},{"damage_healed":0,"gold_gain":0,"player_choice":"Ignored","damage_taken":0,"max_hp_gain":0,"max_hp_loss":0,"event_name":"Golden Idol","floor":8,"gold_loss":0}],"is_beta":false,"boss_relics":[],"items_purged_floors":[10],"is_endless":false,"potions_floor_spawned":[4,12],"killed_by":"Hexaghost","ascension_level":18}