{"gold_per_floor":[116,129,54,4,19,19,44,44,44,56,85,108,140,172,184,299,311,334,360,382,394],"floor_reached":21,"playtime":940,"items_purged":["Strike_R"],"score":204,"play_id":"397e7950-8b5a-4224-9057-e866b6460cd3","local_time":"20180809133534","is_ascension_mode":true,"campfire_choices":[{"data":"Iron Wave","floor":6,"key":"SMITH"},{"floor":10,"key":"REST"},{"data":"Bash","floor":15,"key":"SMITH"}],"neow_cost":"NONE","seed_source_timestamp":875800542290328,"circlet_count":0,"master_deck":["Defend_R","Defend_R","Defend_R","Bash+1","Iron Wave+1","Body Slam","Cleave","Barricade","Immolate+1","Corruption+1","True Grit+1"],"relics":["Burning Blood","Pear","MawBank","Astrolabe"],"potions_floor_usage":[7,16,16],"damage_taken":[{"damage":12,"enemies":"Small Slimes","floor":1,"turns":3},{"damage":11,"enemies":"Jaw Worm","floor":2,"turns":4},{"damage":10,"enemies":"Cultist","floor":5,"turns":4},{"damage":59,"enemies":"Lagavulin","floor":7,"turns":11},{"damage":14,"enemies":"Blue Slaver","floor":11,"turns":4},{"damage":1,"enemies":"Exordium Wildlife","floor":12,"turns":3},{"damage":5,"enemies":"2 Fungi Beasts","floor":13,"turns":4},{"damage":6,"enemies":"Looter","floor":14,"turns":4},{"damage":42,"enemies":"The Guardian","floor":16,"turns":14},{"damage":5,"enemies":"Chosen","floor":18,"turns":4},{"damage":23,"enemies":"3 Byrds","floor":19,"turns":4},{"damage":52,"enemies":"Centurion and Healer","floor":20,"turns":13},{"damage":32,"enemies":"Snake Plant","floor":21,"turns":3}],"seed_played":"629421487739104245","potions_obtained":[{"floor":1,"key":"Regen Potion"},{"floor":11,"key":"Dexterity Potion"},{"floor":13,"key":"SkillPotion"},{"floor":14,"key":"BloodPotion"},{"floor":18,"key":"Poison Potion"}],"is_trial":false,"path_per_floor":["M","M","$","?","M","R","E","$","T","R","M","M","M","M","R","B",null,"M","M","M"],"character_chosen":"IRONCLAD","items_purchased":[],"campfire_rested":1,"item_purchase_floors":[],"current_hp_per_floor":[74,69,69,69,65,65,37,37,37,64,56,61,62,62,62,35,90,90,73,27,0],"gold":394,"neow_bonus":"REMOVE_CARD","is_prod":false,"is_daily":false,"chose_seed":false,"campfire_upgraded":2,"win_rate":0,"timestamp":1533792934,"path_taken":["M","M","$","?","M","R","E","$","T","R","M","M","M","M","R","BOSS","M","M","M","M"],"build_version":"2018-08-02","purchased_purges":1,"victory":false,"max_hp_per_floor":[80,80,80,80,80,80,90,90,90,90,90,90,90,90,90,90,90,90,90,90,90],"card_choices":[{"not_picked":["Power Through","Clothesline","Sever Soul"],"picked":"SKIP","floor":1},{"not_picked":["Clash","Feel No Pain"],"picked":"Iron Wave","floor":2},{"not_picked":["Clothesline","Clash","Power Through"],"picked":"SKIP","floor":5},{"not_picked":["Heavy Blade","Havoc"],"picked":"Body Slam","floor":7},{"not_picked":["Pommel Strike","Clothesline"],"picked":"Cleave","floor":11},{"not_picked":["Wild Strike","Bloodletting","Corruption"],"picked":"SKIP","floor":12},{"not_picked":["Feel No Pain","Sentinel","Twin Strike"],"picked":"SKIP","floor":13},{"not_picked":["Flex","Dark Embrace","Clash"],"picked":"SKIP","floor":14},{"not_picked":["Offering","Demon Form"],"picked":"Barricade","floor":16},{"not_picked":["Clash","Flex","Seeing Red"],"picked":"SKIP","floor":18},{"not_picked":["Flex+1","Twin Strike","Burning Pact"],"picked":"SKIP","floor":19},{"not_picked":["Anger","Sword Boomerang","Body Slam"],"picked":"SKIP","floor":20}],"player_experience":217730,"relics_obtained":[{"floor":7,"key":"Pear"},{"floor":9,"key":"MawBank"}],"event_choices":[{"event_name":"The Cleric","player_choice":"Card Removal","floor":4,"damage_taken":0}],"is_beta":false,"boss_relics":[{"not_picked":["Runic Cube","Sozu"],"picked":"Astrolabe"}],"items_purged_floors":[3],"is_endless":false,"potions_floor_spawned":[1,11,13,14,18],"killed_by":"Snake Plant","ascension_level":2}