{"gold_per_floor":[109,121,138,213,226,251,27,202,202,202,228,245,245,245,245,371,371,394,394,394,147,147,172,172],"floor_reached":24,"playtime":695,"items_purged":[],"score":235,"play_id":"79ff202b-cc20-4fc5-8178-08ccc3389084","local_time":"20190202133958","is_ascension_mode":true,"campfire_choices":[{"floor":10,"key":"REST"},{"floor":13,"key":"REST"},{"data":"Capacitor","floor":15,"key":"SMITH"}],"neow_cost":"NONE","seed_source_timestamp":158999653376295,"circlet_count":0,"master_deck":["Strike_B","Strike_B","Strike_B","Strike_B","Defend_B+1","Defend_B","Defend_B","Defend_B","Zap+1","Dualcast","Ball Lightning","Auto Shields","Leap","Ball Lightning","Lockon","Capacitor+1","Conserve Battery","Seek","Consume+1","Writhe","Apotheosis","Defragment","Capacitor"],"relics":["Cracked Core","Dream Catcher","Bag of Preparation","War Paint","Singing Bowl","Question Card","Golden Idol","Empty Cage","Pen Nib"],"potions_floor_usage":[3,6,6,6,23],"damage_taken":[{"damage":0,"enemies":"Cultist","floor":1,"turns":3},{"damage":2,"enemies":"2 Louse","floor":2,"turns":2},{"damage":7,"enemies":"Small Slimes","floor":3,"turns":3},{"damage":1,"enemies":"2 Fungi Beasts","floor":5,"turns":3},{"damage":20,"enemies":"Lagavulin","floor":6,"turns":7},{"damage":20,"enemies":"3 Sentries","floor":11,"turns":6},{"damage":7,"enemies":"Large Slime","floor":12,"turns":5},{"damage":33,"enemies":"The Guardian","floor":16,"turns":9},{"damage":24,"enemies":"Spheric Guardian","floor":18,"turns":5},{"damage":27,"enemies":"3 Byrds","floor":23,"turns":4},{"damage":32,"enemies":"Snake Plant","floor":24,"turns":4}],"seed_played":"1840030322778868761","potions_obtained":[{"floor":2,"key":"EntropicBrew"},{"floor":11,"key":"Explosive Potion"},{"floor":16,"key":"PowerPotion"}],"is_trial":false,"path_per_floor":["M","M","M","?","M","E","$","?","T","R","E","M","R","?","R","B",null,"M","?","?","$","T","M","M"],"character_chosen":"DEFECT","items_purchased":["Lockon","War Paint","Apotheosis","Defragment"],"campfire_rested":2,"item_purchase_floors":[7,7,21,21],"current_hp_per_floor":[75,73,66,55,54,34,34,34,34,56,36,31,56,56,56,23,79,55,55,55,55,55,28,0],"gold":172,"neow_bonus":"RANDOM_COMMON_RELIC","is_prod":false,"is_daily":false,"chose_seed":false,"campfire_upgraded":1,"win_rate":0,"timestamp":1549111198,"path_taken":["M","?","M","?","M","E","$","?","T","R","E","M","R","?","R","BOSS","M","?","?","$","?","?","M"],"build_version":"2019-01-23","purchased_purges":0,"victory":false,"max_hp_per_floor":[75,75,75,75,75,75,75,75,75,75,75,77,79,79,79,79,79,79,79,79,79,79,79,79],"card_choices":[{"not_picked":["Compile Driver","Conserve Battery"],"picked":"Ball Lightning","floor":1},{"not_picked":["Sweeping Beam","Storm"],"picked":"Auto Shields","floor":2},{"not_picked":["Coolheaded","Skim","Sweeping Beam"],"picked":"SKIP","floor":3},{"not_picked":["Streamline","White Noise"],"picked":"Leap","floor":5},{"not_picked":["Seek","Reprogram"],"picked":"Ball Lightning","floor":6},{"not_picked":["Reinforced Body","Self Repair"],"picked":"Capacitor","floor":10},{"not_picked":["Cold Snap","Chaos"],"picked":"Conserve Battery","floor":11},{"not_picked":["BootSequence","Turbo","Streamline","Rebound"],"picked":"Singing Bowl","floor":12},{"not_picked":["Redo","Fission","Compile Driver","Storm"],"picked":"Singing Bowl","floor":13},{"not_picked":["Meteor Strike","Amplify","Buffer"],"picked":"Seek","floor":16},{"not_picked":["Go for the Eyes","Force Field+1","Compile Driver+1"],"picked":"Consume+1","floor":18},{"not_picked":["Stack+1","Tempest","Streamline"],"picked":"Capacitor","floor":23}],"player_experience":438119,"relics_obtained":[{"floor":6,"key":"Bag of Preparation"},{"floor":9,"key":"Singing Bowl"},{"floor":11,"key":"Question Card"}],"event_choices":[{"damage_healed":0,"gold_gain":75,"player_choice":"Gather Gold","damage_taken":11,"max_hp_gain":0,"max_hp_loss":0,"event_name":"World of Goop","floor":4,"gold_loss":0},{"damage_healed":0,"gold_gain":175,"player_choice":"AGREE","damage_taken":0,"max_hp_gain":0,"max_hp_loss":0,"event_name":"Liars Game","floor":8,"gold_loss":0,"cards_obtained":["Doubt"]},{"damage_healed":0,"gold_gain":0,"player_choice":"Take Wound","damage_taken":0,"relics_obtained":["Golden Idol"],"max_hp_gain":0,"max_hp_loss":0,"event_name":"Golden Idol","floor":14,"gold_loss":0,"cards_obtained":["Injury"]},{"damage_healed":0,"gold_gain":0,"player_choice":"Ignored","damage_taken":0,"max_hp_gain":0,"max_hp_loss":0,"event_name":"Vampires","floor":19,"gold_loss":0},{"damage_healed":0,"gold_gain":0,"player_choice":"Opened","damage_taken":0,"relics_obtained":["Pen Nib"],"max_hp_gain":0,"max_hp_loss":0,"event_name":"The Mausoleum","floor":20,"gold_loss":0,"cards_obtained":["Writhe"]}],"is_beta":false,"boss_relics":[{"not_picked":["Coffee Dripper","Runic Dome"],"picked":"Empty Cage"}],"items_purged_floors":[],"is_endless":false,"potions_floor_spawned":[2,3,11,16],"killed_by":"Snake Plant","ascension_level":3}