{"gold_per_floor":[115,126,140,140,315,315,117,148,175,75,109,23,58,73,73,168,168,184,37,37,47,61,95,95,95,95,129,129,145,145,155,155,155],"floor_reached":33,"playtime":1264,"items_purged":["Doubt","Defend_R","Defend_R"],"score":303,"play_id":"20b57604-13e8-49fc-8399-704ee4f3d41f","local_time":"20190128215033","is_ascension_mode":false,"campfire_choices":[{"data":"Disarm","floor":6,"key":"SMITH"},{"floor":15,"key":"REST"},{"data":"Limit Break","floor":25,"key":"SMITH"},{"data":"Demon Form","floor":32,"key":"SMITH"}],"neow_cost":"NONE","seed_source_timestamp":791657673570499,"circlet_count":0,"master_deck":["Strike_R","Strike_R","Strike_R","Strike_R","Defend_R","Bash","Disarm+1","Disarm+1","Whirlwind","Metallicize","Demon Form+1","Shrug It Off+1","Limit Break+1","Sword Boomerang","Twin Strike+1","Sword Boomerang+1"],"relics":["Burning Blood","Tiny Chest","Regal Pillow","Orichalcum","Anchor","Letter Opener","Black Star","Mummified Hand","War Paint","Dream Catcher","Magic Flower","Blood Vial"],"potions_floor_usage":[8,27,27,33,33],"damage_taken":[{"damage":1,"enemies":"Cultist","floor":1,"turns":3},{"damage":6,"enemies":"2 Louse","floor":2,"turns":3},{"damage":1,"enemies":"Jaw Worm","floor":3,"turns":5},{"damage":36,"enemies":"Lagavulin","floor":8,"turns":8},{"damage":30,"enemies":"3 Sentries","floor":11,"turns":11},{"damage":14,"enemies":"Gremlin Nob","floor":13,"turns":5},{"damage":0,"enemies":"Blue Slaver","floor":14,"turns":4},{"damage":37,"enemies":"The Guardian","floor":16,"turns":15},{"damage":23,"enemies":"Spheric Guardian","floor":18,"turns":6},{"damage":0,"enemies":"3 Byrds","floor":21,"turns":5},{"damage":2,"enemies":"Snake Plant","floor":22,"turns":7},{"damage":18,"enemies":"Gremlin Leader","floor":23,"turns":7},{"damage":48,"enemies":"Slavers","floor":27,"turns":9},{"damage":7,"enemies":"Cultist and Chosen","floor":29,"turns":7},{"damage":13,"enemies":"Centurion and Healer","floor":31,"turns":6},{"damage":39,"enemies":"Collector","floor":33,"turns":5}],"seed_played":"-7508873067723892324","potions_obtained":[{"floor":3,"key":"Block Potion"},{"floor":13,"key":"Block Potion"},{"floor":14,"key":"BloodPotion"},{"floor":28,"key":"Swift Potion"},{"floor":28,"key":"SneckoOil"},{"floor":29,"key":"Fire Potion"},{"floor":31,"key":"Strength Potion"}],"is_trial":false,"path_per_floor":["M","M","M","?","?","R","$","E","T","$","E","$","E","M","R","B",null,"M","$","?","M","M","E","$","R","T","E","?","M","$","M","R","B"],"character_chosen":"IRONCLAD","items_purchased":["Tiny Chest","Whirlwind","Explosive Potion","Shrug It Off"],"campfire_rested":1,"item_purchase_floors":[7,12,12,19],"current_hp_per_floor":[80,80,80,73,73,73,73,43,43,43,19,19,11,17,56,25,80,63,63,63,69,73,61,61,61,61,27,27,32,32,31,31,0],"gold":155,"neow_bonus":"REMOVE_CARD","is_prod":false,"is_daily":false,"chose_seed":false,"campfire_upgraded":3,"win_rate":0,"timestamp":1548724833,"path_taken":["M","M","?","?","?","R","?","E","T","$","E","?","E","M","R","BOSS","M","$","?","M","M","E","$","R","T","E","?","M","$","?","R","BOSS"],"build_version":"2019-01-23","purchased_purges":3,"victory":false,"max_hp_per_floor":[80,80,80,80,80,80,80,80,80,80,80,80,80,80,80,80,80,80,80,80,80,80,80,80,80,80,80,80,80,80,80,80,80],"card_choices":[{"not_picked":["Havoc","Dual Wield","Sentinel"],"picked":"SKIP","floor":1},{"not_picked":["Bloodletting","Wild Strike"],"picked":"Disarm","floor":2},{"not_picked":["Power Through","Sword Boomerang","Clothesline"],"picked":"SKIP","floor":3},{"not_picked":["Shrug It Off","Entrench"],"picked":"Disarm","floor":8},{"not_picked":["Warcry","Rage","Anger"],"picked":"SKIP","floor":11},{"not_picked":["Pommel Strike","Flame Barrier"],"picked":"Metallicize","floor":13},{"not_picked":["Bloodletting","Feel No Pain","Seeing Red"],"picked":"SKIP","floor":14},{"not_picked":["Offering","Limit Break"],"picked":"Demon Form","floor":16},{"not_picked":["Clothesline","Sentinel","Flex"],"picked":"SKIP","floor":18},{"not_picked":["Warcry","Wild Strike"],"picked":"Limit Break","floor":21},{"not_picked":["Anger","Rage"],"picked":"Sword Boomerang","floor":22},{"not_picked":["Entrench","Warcry","Exhume"],"picked":"SKIP","floor":23},{"not_picked":["Headbutt","Infernal Blade","Clothesline"],"picked":"SKIP","floor":27},{"not_picked":["Burning Pact","Evolve"],"picked":"Twin Strike+1","floor":29},{"not_picked":["Thunderclap+1","Second Wind+1"],"picked":"Sword Boomerang+1","floor":31}],"player_experience":254118,"relics_obtained":[{"floor":8,"key":"Regal Pillow"},{"floor":9,"key":"Orichalcum"},{"floor":11,"key":"Anchor"},{"floor":13,"key":"Letter Opener"},{"floor":23,"key":"Mummified Hand"},{"floor":23,"key":"War Paint"},{"floor":26,"key":"Dream Catcher"},{"floor":27,"key":"Magic Flower"},{"floor":27,"key":"Blood Vial"}],"event_choices":[{"cards_removed":["Defend_R"],"damage_healed":0,"gold_gain":0,"player_choice":"Card Removal","damage_taken":7,"max_hp_gain":0,"max_hp_loss":0,"event_name":"Golden Wing","floor":4,"gold_loss":0},{"damage_healed":0,"gold_gain":175,"player_choice":"AGREE","damage_taken":0,"max_hp_gain":0,"max_hp_loss":0,"event_name":"Liars Game","floor":5,"gold_loss":0,"cards_obtained":["Doubt"]},{"damage_healed":0,"gold_gain":0,"player_choice":"Ignored","damage_taken":0,"max_hp_gain":0,"max_hp_loss":0,"event_name":"Vampires","floor":20,"gold_loss":0},{"damage_healed":0,"gold_gain":0,"player_choice":"Got Potions","damage_taken":0,"max_hp_gain":0,"max_hp_loss":0,"event_name":"Lab","floor":28,"gold_loss":0}],"is_beta":false,"boss_relics":[{"not_picked":["Orrery","Mark of Pain"],"picked":"Black Star"}],"items_purged_floors":[7,10,19],"is_endless":false,"potions_floor_spawned":[3,13,14,21,29,31],"killed_by":"Collector","ascension_level":0}