{"gold_per_floor":[116,116,46,62,80,80,110,110,162,162,172,172,172,185,185,289,289,299,315,25,25,45,45,63,63,63,63,74,74,102,115,115,115],"floor_reached":33,"playtime":1193,"items_purged":[],"score":267,"play_id":"4bd61803-c582-48a0-9fbf-a092feee5311","local_time":"20190106010818","is_ascension_mode":false,"campfire_choices":[{"floor":6,"key":"REST"},{"data":"Defragment","floor":8,"key":"SMITH"},{"floor":12,"key":"REST"},{"data":"Zap","floor":15,"key":"SMITH"},{"floor":23,"key":"REST"},{"floor":27,"key":"REST"},{"floor":29,"key":"REST"},{"floor":32,"key":"REST"}],"neow_cost":"PERCENT_DAMAGE","seed_source_timestamp":866884640031149,"circlet_count":0,"master_deck":["Strike_B+1","Strike_B+1","Strike_B+1","Strike_B+1","Defend_B+1","Defend_B+1","Defend_B+1","Defend_B+1","Zap+1","Core Surge","Ball Lightning","Defragment+1","Auto Shields","Leap","Steam Power","Redo","Multi-Cast","Capacitor","Creative AI","Ball Lightning","Loop","Steam Power+1","Rip and Tear","Leap","Barrage+1"],"relics":["Cracked Core","Orichalcum","Ancient Tea Set","The Courier","Sozu","Blood Vial","Molten Egg 2","Meat on the Bone"],"potions_floor_usage":[21,33,33],"damage_taken":[{"damage":1,"enemies":"Cultist","floor":1,"turns":4},{"damage":7,"enemies":"2 Louse","floor":4,"turns":3},{"damage":0,"enemies":"Jaw Worm","floor":5,"turns":3},{"damage":12,"enemies":"Lagavulin","floor":7,"turns":6},{"damage":2,"enemies":"Blue Slaver","floor":11,"turns":3},{"damage":1,"enemies":"Exordium Wildlife","floor":14,"turns":4},{"damage":51,"enemies":"Hexaghost","floor":16,"turns":10},{"damage":21,"enemies":"Shell Parasite","floor":18,"turns":6},{"damage":4,"enemies":"Chosen","floor":19,"turns":4},{"damage":21,"enemies":"Colosseum Slavers","floor":21,"turns":3},{"damage":31,"enemies":"Snake Plant","floor":22,"turns":4},{"damage":18,"enemies":"Centurion and Healer","floor":24,"turns":7},{"damage":8,"enemies":"Sentry and Sphere","floor":28,"turns":4},{"damage":35,"enemies":"Gremlin Leader","floor":30,"turns":7},{"damage":17,"enemies":"Cultist and Chosen","floor":31,"turns":5},{"damage":64,"enemies":"Collector","floor":33,"turns":6}],"seed_played":"1325827972357133484","potions_obtained":[{"floor":4,"key":"Swift Potion"},{"floor":5,"key":"Dexterity Potion"},{"floor":11,"key":"Swift Potion"},{"floor":14,"key":"Regen Potion"}],"is_trial":false,"path_per_floor":["M","?","$","M","M","R","E","R","T","?","M","R","T","M","R","B",null,"M","M","$","?","M","R","M","?","T","R","M","R","E","M","R","B"],"character_chosen":"DEFECT","items_purchased":["Defragment","Blood Vial","Creative AI","Ball Lightning","Loop"],"campfire_rested":6,"item_purchase_floors":[3,20,20,20,20],"current_hp_per_floor":[53,53,53,46,46,68,56,56,56,56,54,75,75,74,74,23,75,54,50,50,40,11,33,17,17,17,39,33,55,22,19,41,0],"gold":115,"neow_bonus":"THREE_RARE_CARDS","is_prod":false,"is_daily":false,"chose_seed":false,"campfire_upgraded":2,"win_rate":0.0,"timestamp":1546733298,"path_taken":["M","?","?","M","M","R","E","R","T","?","?","R","?","M","R","BOSS","M","M","$","?","M","R","M","?","T","R","?","R","E","M","R","BOSS"],"build_version":"2019-01-03v4","purchased_purges":0,"victory":false,"max_hp_per_floor":[75,75,75,75,75,75,75,75,75,75,75,75,75,75,75,75,75,75,75,75,75,75,75,75,75,75,75,75,75,75,75,75,75],"card_choices":[{"not_picked":["Machine Learning","Reboot"],"picked":"Core Surge","floor":0},{"not_picked":["Sweeping Beam","Lockon"],"picked":"Ball Lightning","floor":1},{"not_picked":["Ball Lightning","Darkness"],"picked":"Auto Shields","floor":4},{"not_picked":["Rebound","Compile Driver","Gash"],"picked":"SKIP","floor":5},{"not_picked":["Rebound","Gash"],"picked":"Leap","floor":7},{"not_picked":["Cold Snap","Rebound"],"picked":"Steam Power","floor":11},{"not_picked":["Cold Snap","Consume"],"picked":"Redo","floor":14},{"not_picked":["Amplify","Machine Learning"],"picked":"Multi-Cast","floor":16},{"not_picked":["Coolheaded","Conserve Battery"],"picked":"Capacitor","floor":18},{"not_picked":["Doom and Gloom","Compile Driver","Rebound+1"],"picked":"SKIP","floor":19},{"not_picked":["Streamline","Hologram"],"picked":"Steam Power+1","floor":22},{"not_picked":["Undo+1","Redo"],"picked":"Rip and Tear","floor":24},{"not_picked":["Sweeping Beam+1","Hyperbeam+1"],"picked":"Leap","floor":28},{"not_picked":["Compile Driver+1","Multi-Cast"],"picked":"Barrage+1","floor":30},{"not_picked":["Force Field+1","Chaos+1","Undo+1"],"picked":"SKIP","floor":31}],"player_experience":383888,"relics_obtained":[{"floor":7,"key":"Orichalcum"},{"floor":9,"key":"Ancient Tea Set"},{"floor":13,"key":"The Courier"},{"floor":26,"key":"Molten Egg 2"},{"floor":30,"key":"Meat on the Bone"}],"event_choices":[{"cards_removed":["Dualcast"],"damage_healed":0,"gold_gain":0,"player_choice":"Offered Basic","damage_taken":0,"max_hp_gain":0,"max_hp_loss":0,"event_name":"Bonfire Elementals","floor":2,"gold_loss":0},{"damage_healed":0,"gold_gain":0,"player_choice":"Bought 0 Potions","damage_taken":0,"max_hp_gain":0,"max_hp_loss":0,"event_name":"The Woman in Blue","floor":10,"gold_loss":0},{"damage_healed":0,"gold_gain":0,"player_choice":"Fight","damage_taken":0,"max_hp_gain":0,"max_hp_loss":0,"event_name":"Colosseum","floor":21,"gold_loss":0},{"damage_healed":0,"gold_gain":0,"player_choice":"Fled From Nobs","damage_taken":0,"max_hp_gain":0,"max_hp_loss":0,"event_name":"Colosseum","floor":21,"gold_loss":0},{"damage_healed":0,"gold_gain":0,"player_choice":"Simplicity","damage_taken":0,"max_hp_gain":0,"max_hp_loss":0,"event_name":"Back to Basics","floor":25,"gold_loss":0,"cards_upgraded":["Strike_B","Strike_B","Strike_B","Strike_B","Defend_B","Defend_B","Defend_B","Defend_B"]}],"is_beta":false,"boss_relics":[{"not_picked":["Eternal Feather","Tiny House"],"picked":"Sozu"}],"items_purged_floors":[],"is_endless":false,"potions_floor_spawned":[4,5,11,14,21,22,24,28],"killed_by":"Collector","ascension_level":0}