{"gold_per_floor":[110,110,122,122,122,122,122,122,122,139,152,184,86,98,98,193,193,204,204,233,247,102,135,135,169,247,247,278,278,292,292,292,292],"floor_reached":33,"playtime":1186,"items_purged":["True Grit"],"score":326,"play_id":"19ae3fd2-cd49-4fbd-ac33-7651660943a7","local_time":"20180623114019","is_ascension_mode":false,"campfire_choices":[{"data":"Iron Wave","floor":6,"key":"SMITH"},{"data":"Bash","floor":8,"key":"SMITH"},{"floor":15,"key":"REST"},{"floor":24,"key":"REST"},{"floor":29,"key":"REST"},{"data":"Rage","floor":32,"key":"SMITH"}],"neow_cost":"NONE","seed_source_timestamp":3213934949845,"circlet_count":0,"master_deck":["Strike_R+1","Strike_R+1","Strike_R+1","Strike_R+1","Strike_R+1","Defend_R+1","Defend_R+1","Defend_R+1","Defend_R+1","Bash+1","Iron Wave+1","Perfected Strike+1","Dropkick+1","Perfected Strike+1","Thunderclap+1","Pommel Strike+1","Clash+1","Feed+1","Clash+1","Perfected Strike+1","Perfected Strike+1","Rage+1","Flex","Armaments+1","Pommel Strike+1","Perfected Strike+1","Impervious","RitualDagger+1","Twin Strike+1","Anger+1"],"relics":["Burning Blood","Molten Egg 2","Darkstone Periapt","Gremlin Horn","Orrery","Red Mask","Regal Pillow","Pantograph","Ginger","Pear","Lantern"],"potions_floor_usage":[14,23,23],"damage_taken":[{"damage":5,"enemies":"Cultist","floor":1,"turns":5},{"damage":3,"enemies":"Small Slimes","floor":3,"turns":4},{"damage":0,"enemies":"2 Louse","floor":10,"turns":2},{"damage":19,"enemies":"2 Fungi Beasts","floor":11,"turns":4},{"damage":23,"enemies":"Lagavulin","floor":12,"turns":4},{"damage":7,"enemies":"Exordium Wildlife","floor":14,"turns":2},{"damage":14,"enemies":"Slime Boss","floor":16,"turns":7},{"damage":3,"enemies":"Chosen","floor":18,"turns":4},{"damage":2,"floor":20,"turns":2},{"damage":0,"enemies":"2 Thieves","floor":21,"turns":2},{"damage":44,"enemies":"Book of Stabbing","floor":23,"turns":6},{"damage":25,"enemies":"Slavers","floor":25,"turns":4},{"damage":18,"enemies":"Book of Stabbing","floor":28,"turns":3},{"damage":0,"enemies":"Snake Plant","floor":30,"turns":2},{"damage":101,"enemies":"Automaton","floor":33,"turns":8}],"seed_played":"-2325162750958316959","potions_obtained":[{"floor":4,"key":"Dexterity Potion"},{"floor":4,"key":"SmokeBomb"},{"floor":4,"key":"SneckoOil"},{"floor":11,"key":"EssenceOfSteel"},{"floor":16,"key":"BloodPotion"},{"floor":18,"key":"AttackPotion"},{"floor":25,"key":"AttackPotion"}],"is_trial":false,"path_per_floor":["M","T","M","?","?","R","?","R","T","M","M","E","$","M","R","B",null,"M","?","?","M","$","E","R","E","T","?","E","R","M","?","R"],"character_chosen":"IRONCLAD","items_purchased":["Pommel Strike+1","Regal Pillow"],"campfire_rested":3,"item_purchase_floors":[13,22],"current_hp_per_floor":[80,80,80,80,64,64,64,64,64,70,57,40,40,39,63,55,80,80,80,80,80,80,50,80,65,75,69,57,94,94,94,94,0],"gold":292,"neow_bonus":"THREE_CARDS","is_prod":false,"is_daily":false,"chose_seed":false,"campfire_upgraded":3,"win_rate":0.0,"timestamp":1529746819,"path_taken":["M","?","?","?","?","R","?","R","T","M","M","E","$","?","R","BOSS","M","?","?","M","$","E","R","E","T","?","E","R","?","?","R","BOSS"],"build_version":"2018-06-21v2","purchased_purges":1,"victory":false,"max_hp_per_floor":[80,80,80,80,80,80,80,80,80,80,80,80,80,80,80,80,80,80,80,80,80,80,80,80,84,94,94,94,94,94,94,94,94],"card_choices":[{"not_picked":["Flex","Clash"],"picked":"True Grit","floor":0},{"not_picked":["Pummel","True Grit"],"picked":"Iron Wave","floor":1},{"not_picked":["Warcry","Uppercut+1"],"picked":"Perfected Strike+1","floor":3},{"not_picked":["Flex","Rage"],"picked":"Dropkick+1","floor":10},{"not_picked":["Headbutt+1","Warcry"],"picked":"Perfected Strike+1","floor":11},{"not_picked":["Combust","Warcry"],"picked":"Thunderclap+1","floor":12},{"not_picked":["Whirlwind+1","Heavy Blade+1"],"picked":"Clash+1","floor":14},{"not_picked":["Barricade","Fiend Fire+1"],"picked":"Feed+1","floor":16},{"not_picked":["Clothesline+1","Battle Trance"],"picked":"Clash+1","floor":17},{"not_picked":["Searing Blow+1","Cleave+1"],"picked":"Perfected Strike+1","floor":17},{"not_picked":["Clothesline+1","Twin Strike+1"],"picked":"Perfected Strike+1","floor":17},{"not_picked":["Warcry","Uppercut+1"],"picked":"Rage","floor":17},{"not_picked":["Pommel Strike+1","Carnage+1"],"picked":"Flex","floor":17},{"not_picked":["Warcry","Armaments","Limit Break"],"picked":"SKIP","floor":18},{"not_picked":["Feel No Pain","Shrug It Off+1"],"picked":"Armaments+1","floor":20},{"not_picked":["Pummel+1","Clash+1"],"picked":"Pommel Strike+1","floor":21},{"not_picked":["Inflame","Feel No Pain"],"picked":"Perfected Strike+1","floor":23},{"not_picked":["Sword Boomerang+1","Flex+1"],"picked":"Impervious","floor":25},{"not_picked":["Clothesline+1","Dual Wield"],"picked":"Twin Strike+1","floor":28},{"not_picked":["Cleave+1","Headbutt+1"],"picked":"Anger+1","floor":30}],"player_experience":19083,"relics_obtained":[{"floor":2,"key":"Molten Egg 2"},{"floor":9,"key":"Darkstone Periapt"},{"floor":12,"key":"Gremlin Horn"},{"floor":20,"key":"Red Mask"},{"floor":23,"key":"Pantograph"},{"floor":25,"key":"Ginger"},{"floor":26,"key":"Pear"},{"floor":28,"key":"Lantern"}],"event_choices":[{"event_name":"The Lab","player_choice":"Got Potions","floor":4,"damage_taken":0},{"event_name":"Shining Light","player_choice":"Entered Light","floor":5,"damage_taken":0},{"event_name":"Liars Game","player_choice":"disagreed","floor":7,"damage_taken":0},{"event_name":"Back to Basics","player_choice":"Simplicity","floor":19,"damage_taken":0},{"event_name":"Masked Bandits","player_choice":"Fought over 204 gold","floor":20,"damage_taken":0},{"event_name":"Nest","player_choice":"Joined the Cult","floor":27,"damage_taken":0},{"event_name":"Accursed Blacksmith","player_choice":"Ignore","floor":31,"damage_taken":0}],"boss_relics":[{"not_picked":["Calling Bell","Coffee Dripper"],"picked":"Orrery"}],"items_purged_floors":[13],"is_endless":false,"potions_floor_spawned":[11,16,18,20,21,25],"killed_by":"Automaton","ascension_level":0}