{"gold_per_floor":[117,117,130,145,155,155,180,194,242,242,242,258,258,284,284,284],"floor_reached":16,"playtime":836,"items_purged":[],"score":123,"play_id":"e2b4ad92-af7b-496e-9108-572056e48683","local_time":"20190120123549","is_ascension_mode":true,"campfire_choices":[{"data":"Neutralize","floor":6.0,"key":"SMITH"},{"floor":10,"key":"REST"},{"data":"Leg Sweep","floor":13,"key":"SMITH"},{"floor":15,"key":"REST"}],"neow_cost":"NONE","seed_source_timestamp":0,"circlet_count":0,"master_deck":["Defend_G","Defend_G","Defend_G","Defend_G","Defend_G","Strike_G","Strike_G","Strike_G","Strike_G","Survivor","Neutralize+1","Calculated Gamble","Deadly Poison","Leg Sweep+1","After Image","Deflect","Blur"],"special_seed":0,"relics":["Philosopher\u0027s Stone","Orichalcum","Omamori","Dodecahedron"],"potions_floor_usage":[],"damage_taken":[{"damage":0.0,"enemies":"Jaw Worm","floor":1.0,"turns":6.0},{"damage":0.0,"enemies":"Cultist","floor":3.0,"turns":5.0},{"damage":0.0,"enemies":"Small Slimes","floor":4.0,"turns":4.0},{"damage":10.0,"enemies":"2 Fungi Beasts","floor":5.0,"turns":4.0},{"damage":54.0,"enemies":"3 Sentries","floor":7.0,"turns":21.0},{"damage":11.0,"enemies":"3 Louse","floor":8.0,"turns":5.0},{"damage":0,"enemies":"Large Slime","floor":12,"turns":6},{"damage":2,"enemies":"Lagavulin","floor":14,"turns":10},{"damage":71,"enemies":"Hexaghost","floor":16,"turns":16}],"seed_played":"9073666330899595546","potions_obtained":[{"floor":3.0,"key":"FairyPotion"},{"floor":5.0,"key":"GamblersBrew"}],"is_trial":false,"path_per_floor":["M","?","M","M","M","R","E","M","T","R","?","M","R","E","R","B"],"character_chosen":"THE_SILENT","items_purchased":[],"campfire_rested":2,"item_purchase_floors":[],"current_hp_per_floor":[70,70,70,70,60,60,6,7,7,28,51,51,51,49,70,0],"gold":284,"neow_bonus":"BOSS_RELIC","is_prod":false,"is_daily":false,"chose_seed":false,"campfire_upgraded":2,"win_rate":0,"timestamp":1548005749,"path_taken":["M","?","M","M","M","R","E","?","T","R","?","M","R","E","R","BOSS"],"build_version":"2019-01-17v2","purchased_purges":0,"victory":false,"max_hp_per_floor":[70,70,70,70,70,70,70,70,70,70,70,70,70,70,70,70],"card_choices":[{"not_picked":["Dodge and Roll","Slice","Dagger Spray"],"picked":"SKIP","floor":1.0},{"not_picked":["Acrobatics","Backflip"],"picked":"Calculated Gamble","floor":3.0},{"not_picked":["Deflect","PiercingWail"],"picked":"Deadly Poison","floor":4.0},{"not_picked":["Predator","Dagger Spray","Dagger Throw"],"picked":"SKIP","floor":5.0},{"not_picked":["Caltrops","Poisoned Stab"],"picked":"Leg Sweep","floor":7.0},{"not_picked":["Quick Slash","Poisoned Stab"],"picked":"After Image","floor":8.0},{"not_picked":["Expertise","Dagger Throw"],"picked":"Deflect","floor":12},{"not_picked":["Endless Agony","Riddle With Holes"],"picked":"Blur","floor":14}],"player_experience":84138,"relics_obtained":[{"floor":7.0,"key":"Orichalcum"},{"floor":9.0,"key":"Omamori"},{"floor":14,"key":"Dodecahedron"}],"event_choices":[{"cards_removed":["Strike_G"],"damage_healed":0.0,"max_hp_gain":0.0,"max_hp_loss":0.0,"gold_gain":0.0,"event_name":"Purifier","player_choice":"Purged","floor":2.0,"gold_loss":0.0,"damage_taken":0.0},{"damage_healed":23,"gold_gain":0,"player_choice":"Banana","damage_taken":0,"max_hp_gain":0,"max_hp_loss":0,"event_name":"Big Fish","floor":11,"gold_loss":0}],"is_beta":false,"boss_relics":[],"items_purged_floors":[],"is_endless":false,"potions_floor_spawned":[3,5],"killed_by":"Hexaghost","ascension_level":2}