{"path_per_floor":["M","?","M","M","?","E","R","M","T","?","R","E","?","M","R","B",null,"M","?","M","$","?"],"character_chosen":"IRONCLAD","items_purchased":["Apotheosis","Whetstone","Flex"],"gold_per_floor":[111,111,123,136,136,170,170,180,204,264,264,291,368,378,378,475,475,493,493,508,97,97,97],"floor_reached":23,"campfire_rested":1,"playtime":1049,"item_purchase_floors":[21,21,21],"current_hp_per_floor":[80,64,61,68,50,55,55,53,53,29,68,73,73,81,81,35,94,87,68,55,55,39,0],"items_purged":[],"gold":97,"score":224,"play_id":"ddaeb409-f4a8-4566-8743-a1d732259795","local_time":"20180615214358","is_prod":false,"is_daily":false,"chose_seed":false,"is_ascension_mode":false,"campfire_upgraded":2,"win_rate":0,"timestamp":1529091838,"campfire_choices":[{"data":"Inflame","floor":7.0,"key":"SMITH"},{"floor":11.0,"key":"REST"},{"data":"Bludgeon","floor":15.0,"key":"SMITH"}],"path_taken":["M","?","M","M","?","E","R","M","T","?","R","E","?","M","R","BOSS","M","?","M","$","?","E"],"build_version":"2018-06-14v2","seed_source_timestamp":0,"purchased_purges":0,"victory":false,"master_deck":["Strike_R+1","Strike_R","Strike_R","Strike_R+1","Strike_R","Defend_R","Defend_R","Defend_R","Defend_R","Bash+1","Inflame+1","Flex","Iron Wave","Iron Wave","Perfected Strike","Twin Strike+1","Bludgeon+1","Burning Pact","Barricade","Heavy Blade","Sword Boomerang","Apotheosis","Flex"],"max_hp_per_floor":[80,80,80,80,80,80,80,80,80,80,80,94,94,94,94,94,94,94,99,99,99,99,99],"special_seed":0,"relics":["Black Blood","Blood Vial","Ancient Tea Set","Bronze Scales","Regal Pillow","Letter Opener","Mango","Whetstone","Enchiridion"],"card_choices":[{"not_picked":["Twin Strike","Headbutt"],"picked":"Inflame","floor":1.0},{"not_picked":["Reckless Charge","Bloodletting"],"picked":"Flex","floor":3.0},{"not_picked":["Perfected Strike","Sword Boomerang"],"picked":"Iron Wave","floor":4.0},{"not_picked":["Corruption","Disarm"],"picked":"Iron Wave","floor":6.0},{"not_picked":["Wild Strike","Burning Pact"],"picked":"Perfected Strike","floor":8.0},{"not_picked":["Blood for Blood","Armaments"],"picked":"Twin Strike","floor":10.0},{"not_picked":["Shockwave","Shrug It Off"],"picked":"Bludgeon","floor":12.0},{"not_picked":["Reckless Charge","Feel No Pain"],"picked":"Burning Pact","floor":14.0},{"not_picked":["Offering","Bludgeon"],"picked":"Barricade","floor":16.0},{"not_picked":["Entrench","Wild Strike"],"picked":"Heavy Blade","floor":18.0},{"not_picked":["Thunderclap","Headbutt+1"],"picked":"Sword Boomerang","floor":20}],"player_experience":23136,"potions_floor_usage":[23,23],"damage_taken":[{"damage":0.0,"enemies":"Small Slimes","floor":1.0,"turns":3.0},{"damage":11.0,"enemies":"2 Louse","floor":3.0,"turns":3.0},{"damage":1.0,"enemies":"Cultist","floor":4.0,"turns":3.0},{"damage":3.0,"enemies":"Gremlin Nob","floor":6.0,"turns":3.0},{"damage":10.0,"enemies":"Looter","floor":8.0,"turns":2.0},{"damage":32.0,"enemies":"Lagavulin Event","floor":10.0,"turns":4.0},{"damage":17.0,"enemies":"3 Sentries","floor":12.0,"turns":6.0},{"damage":0.0,"enemies":"Exordium Wildlife","floor":14.0,"turns":2.0},{"damage":54.0,"enemies":"Hexaghost","floor":16.0,"turns":6.0},{"damage":17.0,"enemies":"Chosen","floor":18.0,"turns":6.0},{"damage":25,"enemies":"Spheric Guardian","floor":20,"turns":4},{"damage":58,"enemies":"Gremlin Leader","floor":23,"turns":5}],"relics_obtained":[{"floor":6.0,"key":"Bronze Scales"},{"floor":9.0,"key":"Regal Pillow"},{"floor":12.0,"key":"Mango"},{"floor":22,"key":"Enchiridion"}],"event_choices":[{"event_name":"Shining Light","player_choice":"Entered Light","floor":2.0,"damage_taken":0.0},{"event_name":"Scrap Ooze","player_choice":"success","floor":5.0,"damage_taken":18.0},{"event_name":"Dead Adventurer","player_choice":"Searched \u00272\u0027 times","floor":10.0,"damage_taken":0.0},{"event_name":"Golden Wing","player_choice":"Gained Gold","floor":13.0,"damage_taken":0.0},{"event_name":"Forgotten Altar","player_choice":"Shed Blood","floor":19,"damage_taken":0},{"event_name":"Cursed Tome","player_choice":"Obtained Book","floor":22,"damage_taken":0}],"boss_relics":[{"not_picked":["Philosopher\u0027s Stone","Coffee Dripper"],"picked":"Black Blood"}],"items_purged_floors":[],"is_endless":false,"potions_floor_spawned":[1,4,10,16,18,20],"seed_played":"8264315587054824688","killed_by":"Gremlin Leader","ascension_level":0,"potions_obtained":[{"floor":1.0,"key":"Energy Potion"},{"floor":4.0,"key":"AttackPotion"},{"floor":10.0,"key":"Strength Potion"},{"floor":16.0,"key":"Weak Potion"},{"floor":18.0,"key":"Regen Potion"}],"is_trial":false}