{"gold_per_floor":[114,189,207,40,55,55,75,94,148,148,148,148,189,205,205,328,328,353,278,298,313,189,189,189,216,271,271],"floor_reached":27,"playtime":1896,"items_purged":["Defend_B","Defend_B"],"score":238,"play_id":"9d9b5fff-bd87-4399-8169-6b7bd340166a","local_time":"20181122201440","is_ascension_mode":false,"campfire_choices":[{"data":"Loop","floor":6,"key":"SMITH"},{"floor":15,"key":"REST"},{"floor":23,"key":"REST"}],"neow_cost":"NONE","seed_source_timestamp":686678183930618,"circlet_count":0,"master_deck":["Strike_B","Strike_B","Strike_B","Strike_B","Defend_B","Zap","Dualcast","Redo","Go for the Eyes","Loop+1","Leap","Leap","Coolheaded","Injury","Chaos","Creative AI","Leap","Capacitor","Force Field","Leap"],"relics":["Cracked Core","Strawberry","Tiny Chest","Bloody Idol","Bag of Preparation","Philosopher\u0027s Stone","Ancient Tea Set","Potion Belt"],"potions_floor_usage":[16,16,20,27],"damage_taken":[{"damage":0,"enemies":"Small Slimes","floor":1,"turns":3},{"damage":0,"enemies":"2 Louse","floor":3,"turns":2},{"damage":6,"enemies":"Jaw Worm","floor":5,"turns":2},{"damage":4,"enemies":"Exordium Wildlife","floor":7,"turns":4},{"damage":7,"enemies":"Exordium Thugs","floor":8,"turns":5},{"damage":15,"enemies":"3 Sentries","floor":13,"turns":8},{"damage":1,"enemies":"Looter","floor":14,"turns":3},{"damage":15,"enemies":"The Guardian","floor":16,"turns":8},{"damage":0,"enemies":"Chosen","floor":18,"turns":4},{"damage":10,"enemies":"Spheric Guardian","floor":20,"turns":5},{"damage":69,"enemies":"3 Cultists","floor":21,"turns":8},{"damage":44,"enemies":"Snake Plant","floor":27,"turns":4}],"seed_played":"-8781586824976945190","potions_obtained":[{"floor":5,"key":"SkillPotion"},{"floor":7,"key":"AttackPotion"},{"floor":8,"key":"SkillPotion"},{"floor":21,"key":"FearPotion"}],"is_trial":false,"path_per_floor":["M","?","M","$","M","R","M","M","T","?","?","?","E","M","R","B",null,"M","?","M","M","$","R","?","T","T","M"],"character_chosen":"DEFECT","items_purchased":["Loop","Leap","Leap"],"campfire_rested":2,"item_purchase_floors":[4,4,22],"current_hp_per_floor":[82,71,71,71,65,65,61,54,54,54,54,59,44,43,69,54,87,87,87,77,8,8,34,34,39,44,0],"gold":271,"neow_bonus":"RANDOM_COMMON_RELIC","is_prod":false,"is_daily":false,"chose_seed":false,"campfire_upgraded":1,"win_rate":0.0,"timestamp":1542914080,"path_taken":["M","?","M","$","M","R","M","M","T","?","?","?","E","M","R","BOSS","M","?","M","M","$","R","?","?","T","M"],"build_version":"2018-11-15","purchased_purges":2,"victory":false,"max_hp_per_floor":[82,82,82,82,82,82,82,82,82,82,82,87,87,87,87,87,87,87,87,87,87,87,87,87,87,87,87],"card_choices":[{"not_picked":["Doom and Gloom","Consume"],"picked":"Redo","floor":1},{"not_picked":["Sweeping Beam","Barrage"],"picked":"Go for the Eyes","floor":3},{"not_picked":["Coolheaded","Go for the Eyes"],"picked":"Leap","floor":5},{"not_picked":["Reprogram","Steam"],"picked":"Coolheaded","floor":7},{"not_picked":["Sweeping Beam","Thunder Strike","Force Field"],"picked":"SKIP","floor":8},{"not_picked":["Steam","Rip and Tear"],"picked":"Chaos","floor":13},{"not_picked":["Blizzard","Fusion","Stack"],"picked":"SKIP","floor":14},{"not_picked":["Amplify","Machine Learning"],"picked":"Creative AI","floor":16},{"not_picked":["Go for the Eyes","Double Energy"],"picked":"Leap","floor":18},{"not_picked":["Stack","Aggregate+1"],"picked":"Capacitor","floor":20},{"not_picked":["Redo","Beam Cell"],"picked":"Force Field","floor":21}],"player_experience":69375,"relics_obtained":[{"floor":9,"key":"Tiny Chest"},{"floor":13,"key":"Bag of Preparation"},{"floor":25,"key":"Ancient Tea Set"},{"floor":26,"key":"Potion Belt"}],"event_choices":[{"damage_healed":0,"gold_gain":75,"player_choice":"Gather Gold","damage_taken":11,"max_hp_gain":0,"max_hp_loss":0,"event_name":"World of Goop","floor":2,"gold_loss":0},{"damage_healed":0,"gold_gain":0,"player_choice":"Ignored","damage_taken":0,"max_hp_gain":0,"max_hp_loss":0,"event_name":"Liars Game","floor":10,"gold_loss":0},{"damage_healed":0,"gold_gain":0,"player_choice":"Take Wound","damage_taken":0,"relics_obtained":["Golden Idol"],"max_hp_gain":0,"max_hp_loss":0,"event_name":"Golden Idol","floor":11,"gold_loss":0,"cards_obtained":["Injury"]},{"damage_healed":0,"gold_gain":0,"player_choice":"Donut","damage_taken":0,"max_hp_gain":5,"max_hp_loss":0,"event_name":"Big Fish","floor":12,"gold_loss":0},{"cards_removed":["Defend_B"],"damage_healed":0,"gold_gain":0,"player_choice":"Gave Gold","damage_taken":0,"max_hp_gain":0,"max_hp_loss":0,"event_name":"Beggar","floor":19,"gold_loss":75},{"damage_healed":0,"gold_gain":0,"player_choice":"Gave Idol","damage_taken":0,"relics_obtained":["Bloody Idol"],"max_hp_gain":0,"max_hp_loss":0,"event_name":"Forgotten Altar","floor":24,"relics_lost":["Golden Idol"],"gold_loss":0}],"is_beta":false,"boss_relics":[{"not_picked":["Velvet Choker","Fusion Hammer"],"picked":"Philosopher\u0027s Stone"}],"items_purged_floors":[4,22],"is_endless":false,"potions_floor_spawned":[5,7,8,21],"killed_by":"Snake Plant","ascension_level":0}