{"gold_per_floor":[118,132,132,148,148,148,176,176,176,206,225,8,8],"floor_reached":13,"playtime":513,"items_purged":[],"score":172,"play_id":"843edecb-4e95-4530-b876-95f14ece3bff","local_time":"20190102191810","is_ascension_mode":true,"campfire_choices":[{"data":"Bash","floor":6.0,"key":"SMITH"},{"floor":8.0,"key":"REST"}],"neow_cost":"NONE","seed_source_timestamp":2230728603663588,"circlet_count":0,"master_deck":["AscendersBane","Strike_R","Strike_R","Strike_R","Strike_R","Strike_R","Defend_R","Defend_R","Defend_R","Defend_R","Bash+1","Forethought+1","Combust","Twin Strike"],"special_seed":0,"relics":["Burning Blood","Nunchaku","Mango","Incense Burner","PrismaticShard"],"potions_floor_usage":[13,13],"damage_taken":[{"damage":9.0,"enemies":"2 Louse","floor":1.0,"turns":4.0},{"damage":7.0,"enemies":"Cultist","floor":2.0,"turns":4.0},{"damage":23.0,"enemies":"Jaw Worm","floor":4.0,"turns":7.0},{"damage":24.0,"enemies":"Gremlin Nob","floor":7.0,"turns":4.0},{"damage":35.0,"enemies":"Lagavulin","floor":10.0,"turns":6.0},{"damage":20.0,"enemies":"Exordium Wildlife","floor":11.0,"turns":5.0},{"damage":28,"enemies":"3 Sentries","floor":13,"turns":6}],"seed_played":"-343981145358577898","potions_obtained":[{"floor":1.0,"key":"Fire Potion"},{"floor":3.0,"key":"Fire Potion"},{"floor":7.0,"key":"Poison Potion"}],"is_trial":false,"path_per_floor":["M","M","?","M","?","R","E","R","T","E","M","$","E"],"character_chosen":"IRONCLAD","items_purchased":["PrismaticShard"],"campfire_rested":1,"item_purchase_floors":[12],"current_hp_per_floor":[65,64,64,47,47,47,29,51,65,36,22,22,0],"gold":8,"neow_bonus":"RANDOM_COLORLESS","is_prod":false,"is_daily":false,"chose_seed":false,"campfire_upgraded":1,"win_rate":0,"timestamp":1546453090,"path_taken":["M","M","?","?","?","R","E","R","T","E","M","?","E"],"build_version":"2018-12-20","purchased_purges":0,"victory":false,"max_hp_per_floor":[75,75,75,75,75,75,75,75,89,89,89,89,89],"card_choices":[{"not_picked":["Armaments","Thunderclap","Clash"],"picked":"SKIP","floor":1.0},{"not_picked":["Body Slam","Armaments","Reckless Charge"],"picked":"SKIP","floor":2.0},{"not_picked":["Thunderclap","Perfected Strike","Dark Embrace"],"picked":"SKIP","floor":7.0},{"not_picked":["True Grit","Sword Boomerang"],"picked":"Combust","floor":10.0},{"not_picked":["Anger","Armaments"],"picked":"Twin Strike","floor":11.0}],"player_experience":660944,"relics_obtained":[{"floor":7.0,"key":"Nunchaku"},{"floor":9.0,"key":"Mango"},{"floor":10.0,"key":"Incense Burner"}],"event_choices":[{"damage_healed":0.0,"max_hp_gain":0.0,"max_hp_loss":0.0,"gold_gain":0.0,"event_name":"Lab","player_choice":"Got Potions","floor":3.0,"gold_loss":0.0,"damage_taken":0.0},{"damage_healed":0.0,"max_hp_gain":0.0,"max_hp_loss":0.0,"gold_gain":0.0,"event_name":"Living Wall","player_choice":"Grow","floor":5.0,"gold_loss":0.0,"damage_taken":0.0,"cards_upgraded":["Forethought"]}],"is_beta":false,"boss_relics":[],"items_purged_floors":[],"is_endless":false,"potions_floor_spawned":[1,7,11],"killed_by":"3 Sentries","ascension_level":17}