{"gold_per_floor":[215,229,229,239,12,38,38,71,96,112,112,112,112,132,132,234,234,251,223,241,260,187,187,215,215,215,215,233,333,346,378,378,474,474,486,586,586,601,601,633,633,665,665,676,626,626,644,661,661,661],"floor_reached":51,"playtime":2108,"items_purged":["Strike_B"],"score":856,"play_id":"08c96149-18c0-4eb5-a5bf-b1c15d31f618","local_time":"20190131051430","is_ascension_mode":true,"campfire_choices":[{"floor":7,"key":"REST"},{"data":"Apotheosis","floor":12,"key":"SMITH"},{"data":"Self Repair","floor":15,"key":"SMITH"},{"data":"Self Repair","floor":23,"key":"SMITH"},{"data":"Loop","floor":25,"key":"SMITH"},{"floor":32,"key":"REST"},{"floor":41,"key":"RECALL"},{"floor":46,"key":"REST"},{"floor":49,"key":"REST"}],"neow_cost":"NONE","seed_source_timestamp":812748791426097,"circlet_count":0,"master_deck":["Strike_B","Strike_B","Strike_B","Defend_B","Defend_B","Defend_B","Defend_B","Zap","Ball Lightning+1","Capacitor","Leap","Apotheosis+1","Conserve Battery+1","Self Repair+1","Thunder Strike","Steam","Conserve Battery","All For One","Leap","Leap","Ball Lightning","Self Repair+1","Loop+1","Leap","Go for the Eyes+1","Barrage+1","Leap+1","Leap+1","BootSequence+1","Zap","Sweeping Beam","Self Repair+1","Static Discharge"],"relics":["Cracked Core","Boot","Smiling Mask","Pen Nib","Velvet Choker","Shuriken","Strawberry","Ice Cream","Bottled Lightning","Red Mask","Inserter","Dead Branch","Orichalcum","Peace Pipe","Lantern"],"potions_floor_usage":[19,20,24,29,29,33,33,37,50,50,50],"damage_taken":[{"damage":9,"enemies":"Jaw Worm","floor":1,"turns":4},{"damage":1,"enemies":"2 Louse","floor":2,"turns":3},{"damage":1,"enemies":"Cultist","floor":4,"turns":3},{"damage":26,"enemies":"Gremlin Nob","floor":6,"turns":5},{"damage":21,"enemies":"Lagavulin","floor":8,"turns":6},{"damage":0,"enemies":"Large Slime","floor":10,"turns":5},{"damage":6,"enemies":"Looter","floor":14,"turns":3},{"damage":32,"enemies":"Slime Boss","floor":16,"turns":10},{"damage":2,"enemies":"Shell Parasite","floor":18,"turns":7},{"damage":15,"enemies":"2 Thieves","floor":19,"turns":5},{"damage":15,"enemies":"Snecko","floor":20,"turns":7},{"damage":8,"enemies":"Snake Plant","floor":21,"turns":4},{"damage":25,"enemies":"Book of Stabbing","floor":24,"turns":6},{"damage":15,"enemies":"3 Cultists","floor":28,"turns":6},{"damage":29,"enemies":"Colosseum Slavers","floor":29,"turns":5},{"damage":39,"enemies":"Colosseum Nobs","floor":29,"turns":7},{"damage":10,"enemies":"Shelled Parasite and Fungi","floor":30,"turns":6},{"damage":20,"enemies":"Masked Bandits","floor":31,"turns":5},{"damage":25,"enemies":"Automaton","floor":33,"turns":9},{"damage":8,"enemies":"Orb Walker","floor":35,"turns":4},{"damage":3,"enemies":"Mind Bloom Boss Battle","floor":36,"turns":6},{"damage":22,"enemies":"3 Darklings","floor":38,"turns":6},{"damage":5,"enemies":"Nemesis","floor":40,"turns":7},{"damage":50,"enemies":"Reptomancer","floor":42,"turns":8},{"damage":36,"enemies":"Sphere and 2 Shapes","floor":44,"turns":6},{"damage":23,"enemies":"Transient","floor":47,"turns":5},{"damage":39,"enemies":"Maw","floor":48,"turns":8},{"damage":38,"enemies":"Donu and Deca","floor":50,"turns":6}],"seed_played":"-7789065587677881547","potions_obtained":[{"floor":8,"key":"SteroidPotion"},{"floor":16,"key":"GamblersBrew"},{"floor":18,"key":"Regen Potion"},{"floor":19,"key":"Ancient Potion"},{"floor":20,"key":"Poison Potion"},{"floor":29,"key":"Dexterity Potion"},{"floor":31,"key":"AttackPotion"},{"floor":33,"key":"Regen Potion"},{"floor":35,"key":"Dexterity Potion"},{"floor":37,"key":"FocusPotion"},{"floor":37,"key":"Fruit Juice"},{"floor":37,"key":"GamblersBrew"},{"floor":38,"key":"SpeedPotion"},{"floor":44,"key":"FocusPotion"}],"is_trial":false,"path_per_floor":["M","M","$","M","$","E","R","E","T","M","?","R","?","M","R","B",null,"M","M","M","M","$","R","E","R","T","?","M","?","M","?","R","B",null,"M","?","?","M","?","E","R","E","T","M","$","R","M","M","R","B",null],"character_chosen":"DEFECT","items_purchased":["Apotheosis","Conserve Battery","Self Repair"],"campfire_rested":4,"item_purchase_floors":[5,5,22],"current_hp_per_floor":[66,65,65,64,64,38,60,49,49,59,75,75,60,61,61,39,75,75,70,75,75,75,75,70,70,77,77,82,54,64,64,82,67,82,82,82,87,85,85,87,87,47,47,41,41,67,64,55,81,73],"gold":661,"neow_bonus":"HUNDRED_GOLD","is_prod":false,"is_daily":false,"chose_seed":false,"campfire_upgraded":4,"win_rate":0,"timestamp":1548908070,"path_taken":["M","M","$","M","$","E","R","E","T","M","?","R","?","M","R","BOSS","M","M","M","M","$","R","E","R","T","?","?","?","M","?","R","BOSS","M","?","?","?","?","E","R","E","T","M","$","R","M","M","R","BOSS"],"build_version":"2019-01-23","purchased_purges":1,"victory":true,"max_hp_per_floor":[75,75,75,75,75,75,75,75,75,75,75,75,75,75,75,75,75,75,75,75,75,75,75,75,75,82,82,82,82,82,82,82,82,82,82,82,87,87,87,87,87,87,87,87,87,87,87,87,87,87],"card_choices":[{"not_picked":["Barrage","Doom and Gloom"],"picked":"Ball Lightning","floor":1},{"not_picked":["Gash","Rebound"],"picked":"Capacitor","floor":2},{"not_picked":["Streamline","Beam Cell"],"picked":"Leap","floor":4},{"not_picked":["Sweeping Beam","Steam Power"],"picked":"Self Repair","floor":6},{"not_picked":["Recycle","Steam"],"picked":"Thunder Strike","floor":8},{"not_picked":["Cold Snap","Hello World"],"picked":"Steam","floor":10},{"not_picked":["Go for the Eyes","Compile Driver"],"picked":"Conserve Battery","floor":14},{"not_picked":["Fission","Biased Cognition"],"picked":"All For One","floor":16},{"not_picked":["Compile Driver","Blizzard"],"picked":"Leap","floor":18},{"not_picked":["Darkness+1","Redo"],"picked":"Leap","floor":19},{"not_picked":["Reinforced Body","Streamline","Redo"],"picked":"SKIP","floor":20},{"not_picked":["Coolheaded","Rebound"],"picked":"Ball Lightning","floor":21},{"not_picked":["Cold Snap+1","Redo"],"picked":"Loop","floor":24},{"not_picked":["Turbo","Coolheaded+1"],"picked":"Leap","floor":28},{"not_picked":["Sunder","Fission"],"picked":"Go for the Eyes+1","floor":30},{"not_picked":["Turbo","Steam"],"picked":"Barrage+1","floor":31},{"not_picked":["Capacitor","Ball Lightning"],"picked":"Leap+1","floor":35},{"not_picked":["Streamline","Hologram+1"],"picked":"Leap+1","floor":36},{"not_picked":["Lockon+1","Redo+1"],"picked":"BootSequence+1","floor":38},{"not_picked":["Go for the Eyes","Streamline+1"],"picked":"Self Repair+1","floor":40},{"not_picked":["Compile Driver","Sweeping Beam","Hyperbeam"],"picked":"SKIP","floor":42},{"not_picked":["Coolheaded","Conserve Battery"],"picked":"Static Discharge","floor":44},{"not_picked":["Streamline","Beam Cell","Aggregate"],"picked":"SKIP","floor":47},{"not_picked":["Stack","Melter","Compile Driver"],"picked":"SKIP","floor":48}],"player_experience":429100,"relics_obtained":[{"floor":6,"key":"Boot"},{"floor":8,"key":"Smiling Mask"},{"floor":9,"key":"Pen Nib"},{"floor":24,"key":"Shuriken"},{"floor":26,"key":"Strawberry"},{"floor":29,"key":"Ice Cream"},{"floor":29,"key":"Bottled Lightning"},{"floor":31,"key":"Red Mask"},{"floor":36,"key":"Dead Branch"},{"floor":40,"key":"Orichalcum"},{"floor":42,"key":"Peace Pipe"},{"floor":43,"key":"Lantern"}],"event_choices":[{"damage_healed":25,"gold_gain":0,"player_choice":"Banana","damage_taken":0,"max_hp_gain":0,"max_hp_loss":0,"event_name":"Big Fish","floor":11,"gold_loss":0},{"damage_healed":0,"gold_gain":0,"player_choice":"Entered Light","damage_taken":15,"max_hp_gain":0,"max_hp_loss":0,"event_name":"Shining Light","floor":13,"gold_loss":0,"cards_upgraded":["Ball Lightning","Conserve Battery"]},{"cards_removed":["Dualcast"],"damage_healed":0,"gold_gain":0,"player_choice":"Offered Basic","damage_taken":0,"max_hp_gain":0,"max_hp_loss":0,"event_name":"Bonfire Elementals","floor":27,"gold_loss":0},{"damage_healed":0,"gold_gain":0,"player_choice":"Fight","damage_taken":0,"max_hp_gain":0,"max_hp_loss":0,"event_name":"Colosseum","floor":29,"gold_loss":0},{"damage_healed":0,"gold_gain":0,"player_choice":"Fought Nobs","damage_taken":0,"max_hp_gain":0,"max_hp_loss":0,"event_name":"Colosseum","floor":29,"gold_loss":0},{"damage_healed":0,"gold_gain":0,"player_choice":"Fought Bandits","damage_taken":0,"max_hp_gain":0,"max_hp_loss":0,"event_name":"Masked Bandits","floor":31,"gold_loss":0},{"damage_healed":0,"gold_gain":0,"player_choice":"Fight","damage_taken":0,"max_hp_gain":0,"max_hp_loss":0,"event_name":"MindBloom","floor":36,"gold_loss":0},{"damage_healed":0,"gold_gain":0,"player_choice":"Got Potions","damage_taken":0,"max_hp_gain":0,"max_hp_loss":0,"event_name":"Lab","floor":37,"gold_loss":0},{"damage_healed":0,"gold_gain":0,"player_choice":"2 cards matched","damage_taken":0,"max_hp_gain":0,"max_hp_loss":0,"event_name":"Match and Keep!","floor":39,"gold_loss":0,"cards_obtained":["Zap","Sweeping Beam"]}],"is_beta":false,"boss_relics":[{"not_picked":["Busted Crown","Runic Pyramid"],"picked":"Velvet Choker"},{"not_picked":["Cursed Key","Runic Dome"],"picked":"Inserter"}],"items_purged_floors":[45],"is_endless":false,"potions_floor_spawned":[8,16,18,19,20,29,31,33,35,38,44,47],"ascension_level":2}