{"gold_per_floor":[115,115,135,150,161,161,178,178,201,227,240,260,278,278,278,383,383,393,405,284,301,301,301,332,332,332,349,349,0,14,14,14,116,116,134,134],"floor_reached":36,"playtime":2008,"items_purged":["Strike_R"],"score":407,"play_id":"36f31c5d-0b46-4ecd-98f9-e47bf5dad9b2","local_time":"20180804224552","is_ascension_mode":true,"campfire_choices":[{"data":"Searing Blow","floor":6,"key":"SMITH"},{"data":"Searing Blow+1","floor":8,"key":"SMITH"},{"data":"Searing Blow+2","floor":15,"key":"SMITH"},{"data":"Searing Blow+3","floor":23,"key":"SMITH"},{"data":"Searing Blow+4","floor":25,"key":"SMITH"},{"data":"Searing Blow+5","floor":28,"key":"SMITH"},{"floor":32,"key":"REST"}],"neow_cost":"NONE","seed_source_timestamp":475768595918422,"circlet_count":0,"master_deck":["Strike_R","Defend_R","Defend_R","Defend_R","Defend_R","Bash+1","Iron Wave+1","Cleave","Searing Blow+6","Shockwave","True Grit","Warcry","Berserk","Double Tap","Armaments","Disarm","Headbutt+1","Barricade"],"relics":["Burning Blood","Bronze Scales","Whetstone","White Beast Statue","Regal Pillow","Ornamental Fan","Black Star"],"potions_floor_usage":[7,24,24,33,33,36],"damage_taken":[{"damage":2,"enemies":"Small Slimes","floor":1,"turns":4},{"damage":1,"enemies":"Cultist","floor":3,"turns":3},{"damage":8,"enemies":"Jaw Worm","floor":4,"turns":3},{"damage":11,"enemies":"Red Slaver","floor":5,"turns":4},{"damage":19,"enemies":"Exordium Wildlife","floor":7,"turns":4},{"damage":18,"enemies":"Gremlin Nob","floor":10,"turns":4},{"damage":0,"enemies":"3 Louse","floor":11,"turns":3},{"damage":0,"enemies":"Blue Slaver","floor":12,"turns":2},{"damage":5,"enemies":"Gremlin Gang","floor":13,"turns":5},{"damage":26,"enemies":"The Guardian","floor":16,"turns":9},{"damage":12,"enemies":"Spheric Guardian","floor":18,"turns":4},{"damage":16,"enemies":"3 Byrds","floor":19,"turns":4},{"damage":7,"enemies":"Snecko","floor":21,"turns":5},{"damage":26,"enemies":"Slavers","floor":24,"turns":7},{"damage":13,"enemies":"Snake Plant","floor":27,"turns":4},{"damage":11,"enemies":"Centurion and Healer","floor":30,"turns":5},{"damage":29,"enemies":"Champ","floor":33,"turns":5},{"damage":64,"enemies":"Flame Bruiser 1 Orb","floor":35,"turns":10},{"damage":33,"enemies":"3 Darklings","floor":36,"turns":9}],"seed_played":"7043560348172577765","potions_obtained":[{"floor":4,"key":"FairyPotion"},{"floor":5,"key":"GamblersBrew"},{"floor":10,"key":"LiquidBronze"},{"floor":12,"key":"Fire Potion"},{"floor":16,"key":"Poison Potion"},{"floor":21,"key":"Regen Potion"},{"floor":24,"key":"SteroidPotion"},{"floor":27,"key":"Strength Potion"},{"floor":30,"key":"Strength Potion"},{"floor":33,"key":"SkillPotion"},{"floor":35,"key":"Explosive Potion"}],"is_trial":false,"path_per_floor":["M","?","M","M","M","R","M","R","T","E","M","M","M","?","R","B",null,"M","M","$","M","?","R","E","R","T","M","R","?","M","?","R","B",null,"M"],"character_chosen":"IRONCLAD","items_purchased":["Armaments"],"campfire_rested":1,"item_purchase_floors":[20],"current_hp_per_floor":[80,73,78,76,71,71,58,58,58,46,52,58,59,59,59,39,80,74,64,64,63,63,63,58,58,58,51,51,51,46,46,80,57,80,22,0],"gold":134,"neow_bonus":"TRANSFORM_CARD","is_prod":false,"is_daily":false,"chose_seed":false,"campfire_upgraded":6,"win_rate":0,"timestamp":1533393952,"path_taken":["M","?","M","M","M","R","?","R","T","E","M","M","?","?","R","BOSS","M","M","$","M","?","R","E","R","T","M","R","?","?","?","R","BOSS","M","M"],"build_version":"2018-08-02","purchased_purges":1,"victory":false,"max_hp_per_floor":[80,80,80,80,80,80,80,80,80,80,80,80,80,80,80,80,80,80,80,80,80,80,80,80,80,80,80,80,80,80,80,80,80,80,80,80],"card_choices":[{"not_picked":["Wild Strike","True Grit"],"picked":"Cleave","floor":1},{"not_picked":["Perfected Strike","Armaments","Reaper"],"picked":"SKIP","floor":3},{"not_picked":["Clothesline","Havoc"],"picked":"Searing Blow","floor":4},{"not_picked":["Hemokinesis","Body Slam","Twin Strike"],"picked":"SKIP","floor":5},{"not_picked":["True Grit","Seeing Red"],"picked":"Shockwave","floor":7},{"not_picked":["Flex","Brutality"],"picked":"True Grit","floor":10},{"not_picked":["Pommel Strike","Carnage"],"picked":"Warcry","floor":11},{"not_picked":["Pommel Strike","Wild Strike","Bloodletting"],"picked":"SKIP","floor":12},{"not_picked":["Sentinel","Pommel Strike","Body Slam"],"picked":"SKIP","floor":13},{"not_picked":["Exhume","Bludgeon"],"picked":"Double Tap","floor":16},{"not_picked":["Wild Strike","Searing Blow","Shockwave+1"],"picked":"SKIP","floor":18},{"not_picked":["Burning Pact+1","Wild Strike","Twin Strike"],"picked":"SKIP","floor":19},{"not_picked":["Blood for Blood","Heavy Blade"],"picked":"Disarm","floor":21},{"not_picked":["Perfected Strike","True Grit"],"picked":"Headbutt+1","floor":24},{"not_picked":["Flex","Warcry","Perfected Strike"],"picked":"SKIP","floor":27},{"not_picked":["Clash","Reaper","Disarm"],"picked":"SKIP","floor":30},{"not_picked":["Exhume","Bludgeon"],"picked":"Barricade","floor":33},{"not_picked":["Carnage+1","Combust+1","Anger"],"picked":"SKIP","floor":35}],"player_experience":188900,"relics_obtained":[{"floor":9,"key":"Bronze Scales"},{"floor":10,"key":"Whetstone"},{"floor":24,"key":"Regal Pillow"},{"floor":26,"key":"Ornamental Fan"}],"event_choices":[{"event_name":"Golden Wing","player_choice":"Card Removal","floor":2,"damage_taken":0},{"event_name":"Transmorgrifier","player_choice":"Transform","floor":14,"damage_taken":0},{"event_name":"The Mausoleum","player_choice":"No","floor":22,"damage_taken":0},{"event_name":"Masked Bandits","player_choice":"Paid Bandits 349 gold","floor":29,"damage_taken":0},{"event_name":"Beggar","player_choice":"Ignored","floor":31,"damage_taken":0}],"is_beta":false,"boss_relics":[{"not_picked":["Fusion Hammer","Coffee Dripper"],"picked":"White Beast Statue"},{"not_picked":["Runic Pyramid","Cursed Key"],"picked":"Black Star"}],"items_purged_floors":[20],"is_endless":false,"potions_floor_spawned":[4,5,10,12,16,18,19,21,24,27,30,33,35],"killed_by":"3 Darklings","ascension_level":1}