{"gold_per_floor":[111,36,55,67,67,102,113,113,113,127,143,170,183,208,208,309,309,322,67,67,87,98,98],"floor_reached":23,"playtime":943,"items_purged":["Strike_B"],"score":237,"play_id":"7bf42351-1566-45ca-8ea0-de3c6ae325ef","local_time":"20190112141604","is_ascension_mode":true,"campfire_choices":[{"floor":8,"key":"REST"},{"floor":15,"key":"REST"}],"neow_cost":"NONE","seed_source_timestamp":141231812820642,"circlet_count":0,"master_deck":["Strike_B","Strike_B","Strike_B","Defend_B","Defend_B","Defend_B","Defend_B","Zap+1","Dualcast","Gash","Sunder","Beam Cell","Capacitor","Conserve Battery","Reboot","Gash"],"relics":["FrozenCore","Bronze Scales","Singing Bowl","Bottled Flame","Matryoshka","Nloth\u0027s Gift"],"potions_floor_usage":[11,13,14,22,23,23],"damage_taken":[{"damage":4,"enemies":"Small Slimes","floor":1,"turns":3},{"damage":0,"enemies":"Cultist","floor":3,"turns":2},{"damage":0,"enemies":"2 Louse","floor":4,"turns":2},{"damage":37,"enemies":"Gremlin Nob","floor":6,"turns":4},{"damage":9,"enemies":"Exordium Wildlife","floor":7,"turns":4},{"damage":4,"enemies":"Red Slaver","floor":10,"turns":2},{"damage":0,"enemies":"2 Fungi Beasts","floor":11,"turns":2},{"damage":11,"enemies":"Lagavulin","floor":12,"turns":5},{"damage":3,"enemies":"Exordium Wildlife","floor":13,"turns":4},{"damage":16,"enemies":"Gremlin Nob","floor":14,"turns":3},{"damage":49,"enemies":"Slime Boss","floor":16,"turns":9},{"damage":6,"enemies":"3 Byrds","floor":18,"turns":3},{"damage":22,"enemies":"Chosen","floor":21,"turns":6},{"damage":23,"enemies":"Centurion and Healer","floor":22,"turns":8},{"damage":33,"enemies":"Slavers","floor":23,"turns":2}],"seed_played":"4433647416867634810","potions_obtained":[{"floor":10,"key":"FearPotion"},{"floor":11,"key":"Explosive Potion"},{"floor":12,"key":"Swift Potion"},{"floor":13,"key":"Ancient Potion"},{"floor":16,"key":"Dexterity Potion"},{"floor":21,"key":"FocusPotion"}],"is_trial":false,"path_per_floor":["M","$","M","M","?","E","M","R","T","M","M","E","M","E","R","B",null,"M","$","?","M","M","E"],"character_chosen":"DEFECT","items_purchased":["Matryoshka"],"campfire_rested":2,"item_purchase_floors":[19],"current_hp_per_floor":[71,71,71,71,75,38,29,66,66,62,62,51,50,36,74,25,79,75,75,75,53,32,0],"gold":98,"neow_bonus":"UPGRADE_CARD","is_prod":false,"is_daily":false,"chose_seed":false,"campfire_upgraded":0,"win_rate":0,"timestamp":1547315164,"path_taken":["M","$","M","M","?","E","?","R","T","M","?","E","?","E","R","BOSS","M","$","?","M","M","E"],"build_version":"2019-01-10","purchased_purges":1,"victory":false,"max_hp_per_floor":[75,75,75,75,75,75,75,75,75,75,75,75,77,79,79,79,79,81,81,81,81,83,83],"card_choices":[{"not_picked":["Barrage","Turbo","Melter"],"picked":"SKIP","floor":1},{"not_picked":["Compile Driver","Leap","Steam"],"picked":"SKIP","floor":3},{"not_picked":["Compile Driver","Sweeping Beam"],"picked":"Gash","floor":4},{"not_picked":["Barrage","Consume"],"picked":"Sunder","floor":6},{"not_picked":["Doom and Gloom","Rebound","Melter"],"picked":"SKIP","floor":7},{"not_picked":["Sweeping Beam","Tempest"],"picked":"Beam Cell","floor":10},{"not_picked":["Melter","Undo"],"picked":"Capacitor","floor":11},{"not_picked":["BootSequence","Recycle"],"picked":"Conserve Battery","floor":12},{"not_picked":["Hologram","Leap","Steam Power"],"picked":"Singing Bowl","floor":13},{"not_picked":["All For One","Core Surge","Recycle"],"picked":"Singing Bowl","floor":14},{"not_picked":["Creative AI","Hyperbeam"],"picked":"Reboot","floor":16},{"not_picked":["Compile Driver+1","Conserve Battery+1","Sweeping Beam"],"picked":"Singing Bowl","floor":18},{"not_picked":["BootSequence","Compile Driver"],"picked":"Gash","floor":21},{"not_picked":["Coolheaded","Stack","Hyperbeam"],"picked":"Singing Bowl","floor":22}],"player_experience":162735,"relics_obtained":[{"floor":6,"key":"Regal Pillow"},{"floor":9,"key":"Bronze Scales"},{"floor":12,"key":"Singing Bowl"},{"floor":14,"key":"Bottled Flame"}],"event_choices":[{"damage_healed":4,"gold_gain":0,"player_choice":"Full Heal","damage_taken":0,"max_hp_gain":0,"max_hp_loss":0,"event_name":"Wheel of Change","floor":5,"gold_loss":0},{"damage_healed":0,"gold_gain":0,"player_choice":"Traded Relic","damage_taken":0,"relics_obtained":["Nloth\u0027s Gift"],"max_hp_gain":0,"max_hp_loss":0,"event_name":"N\u0027loth","floor":20,"relics_lost":["Regal Pillow"],"gold_loss":0}],"is_beta":false,"boss_relics":[{"not_picked":["Inserter","Fusion Hammer"],"picked":"FrozenCore"}],"items_purged_floors":[2],"is_endless":false,"potions_floor_spawned":[10,11,12,13,16,21],"killed_by":"Slavers","ascension_level":2}