{"gold_per_floor":[113,21,40,115,115,149,168,193,193,204,204,204,204,231,231,231],"floor_reached":16,"playtime":474,"items_purged":[],"score":253,"play_id":"0ba5f6b8-1cc6-470d-a945-3357a0cb0717","local_time":"20190112093027","is_ascension_mode":true,"campfire_choices":[{"data":"Uppercut","floor":13,"key":"SMITH"},{"data":"Bash","floor":15,"key":"SMITH"}],"neow_cost":"NONE","seed_source_timestamp":3059609181654344,"circlet_count":0,"master_deck":["AscendersBane","Strike_R","Strike_R","Strike_R","Strike_R","Strike_R","Defend_R","Defend_R","Defend_R","Defend_R+1","Bash+1","Flash of Steel+1","Battle Trance","Dark Embrace","Shrug It Off+1","Reaper+1","Uppercut+1","Injury"],"relics":["Burning Blood","NeowsBlessing","Toxic Egg 2","Gremlin Horn","Pantograph","Golden Idol","Strawberry"],"potions_floor_usage":[8,10,16,16],"damage_taken":[{"damage":0,"enemies":"Small Slimes","floor":1,"turns":1},{"damage":0,"enemies":"Jaw Worm","floor":3,"turns":1},{"damage":0,"enemies":"Lagavulin","floor":6,"turns":1},{"damage":5,"enemies":"2 Louse","floor":7,"turns":4},{"damage":32,"enemies":"Gremlin Nob","floor":8,"turns":4},{"damage":6,"enemies":"Looter","floor":10,"turns":3},{"damage":66,"enemies":"Slime Boss","floor":16,"turns":10}],"seed_played":"-6336826990890083971","potions_obtained":[{"floor":3,"key":"Energy Potion"},{"floor":7,"key":"Poison Potion"},{"floor":8,"key":"LiquidBronze"},{"floor":10,"key":"SneckoOil"}],"is_trial":false,"path_per_floor":["M","$","M","?","?","E","M","E","T","M","?","?","R","T","R","B"],"character_chosen":"IRONCLAD","items_purchased":["Flash of Steel"],"campfire_rested":0,"item_purchase_floors":[2],"current_hp_per_floor":[74,74,75,64,64,70,71,45,45,51,28,28,28,35,35,0],"gold":231,"neow_bonus":"THREE_ENEMY_KILL","is_prod":false,"is_daily":false,"chose_seed":false,"campfire_upgraded":2,"win_rate":0,"timestamp":1547281827,"path_taken":["M","$","M","?","?","E","M","E","T","M","?","?","R","?","R","BOSS"],"build_version":"2019-01-10","purchased_purges":0,"victory":false,"max_hp_per_floor":[75,75,75,75,75,75,75,75,75,75,75,75,75,82,82,82],"card_choices":[{"not_picked":["Heavy Blade","True Grit","Wild Strike"],"picked":"SKIP","floor":1},{"not_picked":["Iron Wave","Rupture"],"picked":"Battle Trance","floor":3},{"not_picked":["Iron Wave","Wild Strike"],"picked":"Dark Embrace","floor":6},{"not_picked":["Headbutt","Pommel Strike"],"picked":"Shrug It Off+1","floor":7},{"not_picked":["Cleave","Reckless Charge"],"picked":"Reaper","floor":8},{"not_picked":["Clash","Clothesline"],"picked":"Uppercut","floor":10}],"player_experience":715878,"relics_obtained":[{"floor":6,"key":"Toxic Egg 2"},{"floor":8,"key":"Gremlin Horn"},{"floor":9,"key":"Pantograph"},{"floor":14,"key":"Strawberry"}],"event_choices":[{"damage_healed":0,"gold_gain":75,"player_choice":"Gather Gold","damage_taken":11,"max_hp_gain":0,"max_hp_loss":0,"event_name":"World of Goop","floor":4,"gold_loss":0},{"damage_healed":0,"gold_gain":0,"player_choice":"Grow","damage_taken":0,"max_hp_gain":0,"max_hp_loss":0,"event_name":"Living Wall","floor":5,"gold_loss":0,"cards_upgraded":["Flash of Steel"]},{"damage_healed":0,"gold_gain":0,"player_choice":"Entered Light","damage_taken":23,"max_hp_gain":0,"max_hp_loss":0,"event_name":"Shining Light","floor":11,"gold_loss":0,"cards_upgraded":["Defend_R","Reaper"]},{"damage_healed":0,"gold_gain":0,"player_choice":"Take Wound","damage_taken":0,"relics_obtained":["Golden Idol"],"max_hp_gain":0,"max_hp_loss":0,"event_name":"Golden Idol","floor":12,"gold_loss":0,"cards_obtained":["Injury"]}],"is_beta":false,"boss_relics":[],"items_purged_floors":[],"is_endless":false,"potions_floor_spawned":[3,7,8,10],"killed_by":"Slime Boss","ascension_level":18}