{"gold_per_floor":[112,124,139,151,166,166,220,253,278,278,298,309,328,118,118,221,221,233,253,268,168,179,179,179,208,208,242,257,257],"floor_reached":29,"playtime":1875,"items_purged":["Regret","Strike_R"],"score":251,"play_id":"df16013a-bb60-49e8-b8f2-07d21bc4523b","local_time":"20190128191607","is_ascension_mode":false,"campfire_choices":[{"floor":6,"key":"RECALL"},{"data":"Rampage","floor":10,"key":"SMITH"},{"data":"Flame Barrier","floor":15,"key":"SMITH"},{"data":"Inflame","floor":23,"key":"SMITH"}],"neow_cost":"CURSE","seed_source_timestamp":7872951884147,"circlet_count":0,"master_deck":["Strike_R","Strike_R","Strike_R","Strike_R","Defend_R","Defend_R","Defend_R","Defend_R","Bash","Rampage+1","Armaments","Cleave","Inflame+1","Heavy Blade","Burning Pact","Metallicize","Flame Barrier+1","Impervious","Exhume","Headbutt","Wild Strike+1","Cleave","Shrug It Off+1"],"relics":["Burning Blood","FossilizedHelix","Dream Catcher","Matryoshka","Happy Flower","Bronze Scales","Mark of Pain","Peace Pipe","Toxic Egg 2","Orichalcum","Red Mask"],"potions_floor_usage":[8,22,25,27,29],"damage_taken":[{"damage":1,"enemies":"Cultist","floor":1,"turns":3},{"damage":14,"enemies":"Jaw Worm","floor":2,"turns":4},{"damage":1,"enemies":"2 Louse","floor":3,"turns":2},{"damage":5,"enemies":"2 Fungi Beasts","floor":4,"turns":4},{"damage":14,"enemies":"Exordium Wildlife","floor":5,"turns":3},{"damage":21,"enemies":"3 Sentries","floor":8,"turns":6},{"damage":5,"enemies":"Looter","floor":11,"turns":3},{"damage":0,"enemies":"2 Fungi Beasts","floor":12,"turns":4},{"damage":0,"enemies":"Blue Slaver","floor":13,"turns":3},{"damage":16,"enemies":"The Guardian","floor":16,"turns":12},{"damage":20,"enemies":"2 Thieves","floor":18,"turns":4},{"damage":0,"enemies":"3 Byrds","floor":19,"turns":3},{"damage":14,"enemies":"Snake Plant","floor":20,"turns":4},{"damage":0,"enemies":"Snecko","floor":22,"turns":5},{"damage":0,"enemies":"Colosseum Slavers","floor":24,"turns":6},{"damage":68,"enemies":"Gremlin Leader","floor":25,"turns":10},{"damage":13,"enemies":"Masked Bandits","floor":27,"turns":5},{"damage":5,"enemies":"Sentry and Sphere","floor":28,"turns":6},{"damage":9,"enemies":"Centurion and Healer","floor":29,"turns":2}],"seed_played":"2310581598015396400","potions_obtained":[{"floor":2,"key":"BloodPotion"},{"floor":3,"key":"Dexterity Potion"},{"floor":5,"key":"Fire Potion"},{"floor":12,"key":"SkillPotion"},{"floor":27,"key":"FearPotion"}],"is_trial":false,"path_per_floor":["M","M","M","M","M","R","T","E","T","R","M","M","M","$","R","B",null,"M","M","M","$","M","R","?","E","T","?","M","M"],"character_chosen":"IRONCLAD","items_purchased":["Impervious"],"campfire_rested":0,"item_purchase_floors":[14],"current_hp_per_floor":[80,72,77,78,70,70,70,63,63,63,64,70,76,76,76,66,80,66,72,64,64,70,70,76,14,14,7,8,0],"gold":257,"neow_bonus":"ONE_RARE_RELIC","is_prod":false,"is_daily":false,"chose_seed":false,"campfire_upgraded":3,"win_rate":0,"timestamp":1548724567,"path_taken":["M","M","?","M","?","R","?","E","T","R","?","M","M","?","R","BOSS","M","M","M","$","M","R","?","E","T","?","M","M"],"build_version":"2019-01-23","purchased_purges":2,"victory":false,"max_hp_per_floor":[80,80,80,80,80,80,80,80,80,80,80,80,80,80,80,80,80,80,80,80,80,80,80,80,80,80,80,80,80],"card_choices":[{"not_picked":["Intimidate","Wild Strike"],"picked":"Rampage","floor":1},{"not_picked":["Iron Wave","Headbutt"],"picked":"Armaments","floor":2},{"not_picked":["Clash","Warcry"],"picked":"Cleave","floor":3},{"not_picked":["Uppercut","Clash"],"picked":"Inflame","floor":4},{"not_picked":["Clash","Body Slam"],"picked":"Heavy Blade","floor":5},{"not_picked":["Anger","Cleave"],"picked":"Burning Pact","floor":8},{"not_picked":["Seeing Red","Clothesline"],"picked":"Metallicize","floor":11},{"not_picked":["Anger","Body Slam","Sword Boomerang"],"picked":"SKIP","floor":12},{"not_picked":["Headbutt","Battle Trance"],"picked":"Flame Barrier","floor":13},{"not_picked":["Berserk","Offering"],"picked":"Exhume","floor":16},{"not_picked":["Warcry","Heavy Blade","Perfected Strike"],"picked":"SKIP","floor":18},{"not_picked":["Armaments","Clothesline"],"picked":"Headbutt","floor":19},{"not_picked":["Clothesline","Bloodletting","Dropkick"],"picked":"SKIP","floor":20},{"not_picked":["Rage","Offering"],"picked":"Wild Strike+1","floor":22},{"not_picked":["Havoc","Sentinel"],"picked":"Cleave","floor":25},{"not_picked":["Thunderclap","Sword Boomerang"],"picked":"Shrug It Off+1","floor":27},{"not_picked":["Iron Wave","Intimidate+1","Havoc+1"],"picked":"SKIP","floor":28}],"player_experience":337354,"relics_obtained":[{"floor":7,"key":"Dream Catcher"},{"floor":8,"key":"Matryoshka"},{"floor":9,"key":"Happy Flower"},{"floor":9,"key":"Bronze Scales"},{"floor":25,"key":"Peace Pipe"},{"floor":26,"key":"Toxic Egg 2"},{"floor":26,"key":"Orichalcum"},{"floor":27,"key":"Red Mask"}],"event_choices":[{"damage_healed":0,"gold_gain":0,"player_choice":"Fight","damage_taken":0,"max_hp_gain":0,"max_hp_loss":0,"event_name":"Colosseum","floor":24,"gold_loss":0},{"damage_healed":0,"gold_gain":0,"player_choice":"Fled From Nobs","damage_taken":0,"max_hp_gain":0,"max_hp_loss":0,"event_name":"Colosseum","floor":24,"gold_loss":0},{"damage_healed":0,"gold_gain":0,"player_choice":"Fought Bandits","damage_taken":0,"max_hp_gain":0,"max_hp_loss":0,"event_name":"Masked Bandits","floor":27,"gold_loss":0}],"is_beta":false,"boss_relics":[{"not_picked":["Philosopher\u0027s Stone","Eternal Feather"],"picked":"Mark of Pain"}],"items_purged_floors":[14,21],"is_endless":false,"potions_floor_spawned":[2,3,5,12,16,20,24,27],"killed_by":"Centurion and Healer","ascension_level":0}