{"gold_per_floor":[209,227,227,30,42,42,76,76,130,164,164,181,198,214,214,318,318,332,348,361,25,45,74,74,90,90,90],"floor_reached":27,"playtime":1183,"items_purged":["Strike_B"],"score":259,"play_id":"dc7116c8-1ad6-4675-8008-eca22d7b841f","local_time":"20190109213633","is_ascension_mode":true,"campfire_choices":[{"data":"Sunder","floor":6,"key":"SMITH"},{"floor":8,"key":"REST"},{"data":"Auto Shields","floor":11,"key":"SMITH"},{"data":"Go for the Eyes","floor":15,"key":"SMITH"},{"floor":24,"key":"REST"}],"neow_cost":"NONE","seed_source_timestamp":42019411962588,"circlet_count":0,"master_deck":["Strike_B+1","Strike_B+1","Defend_B","Defend_B","Zap","Dualcast","Redo","Beam Cell","Double Energy","Beam Cell","Sunder+1","Auto Shields+1","Cold Snap","Steam","Go for the Eyes+1","Amplify","Darkness+1","Go for the Eyes+1","Self Repair+1","Leap+1","Streamline+1","Coolheaded+1","Stack","Coolheaded+1","Consume+1","Genetic Algorithm"],"relics":["Cracked Core","Frozen Eye","Dream Catcher","Tiny Chest","Whetstone","Astrolabe","Gremlin Horn","Pen Nib","Blue Candle"],"potions_floor_usage":[16,16,23,23,23],"damage_taken":[{"damage":0,"enemies":"Small Slimes","floor":1,"turns":4},{"damage":6,"enemies":"Cultist","floor":2,"turns":3},{"damage":8,"enemies":"2 Louse","floor":5,"turns":2},{"damage":16,"enemies":"Lagavulin","floor":7,"turns":5},{"damage":10,"enemies":"Gremlin Nob","floor":10,"turns":4},{"damage":1,"enemies":"Large Slime","floor":12,"turns":5},{"damage":0,"enemies":"Red Slaver","floor":13,"turns":1},{"damage":1,"enemies":"Exordium Wildlife","floor":14,"turns":4},{"damage":13,"enemies":"Hexaghost","floor":16,"turns":11},{"damage":1,"enemies":"Chosen","floor":18,"turns":5},{"damage":22,"enemies":"2 Thieves","floor":19,"turns":4},{"damage":28,"enemies":"3 Cultists","floor":20,"turns":6},{"damage":11,"enemies":"Snake Plant","floor":22,"turns":5},{"damage":51,"enemies":"Slavers","floor":23,"turns":8},{"damage":17,"enemies":"Centurion and Healer","floor":25,"turns":7},{"damage":22,"enemies":"Chosen and Byrds","floor":27,"turns":7}],"seed_played":"8191232274894011325","potions_obtained":[{"floor":2,"key":"Weak Potion"},{"floor":7,"key":"FocusPotion"},{"floor":13,"key":"EssenceOfSteel"},{"floor":18,"key":"Explosive Potion"},{"floor":22,"key":"Swift Potion"}],"is_trial":false,"path_per_floor":["M","M","?","$","M","R","E","R","T","E","R","M","M","M","R","B",null,"M","M","M","$","M","E","R","M","T","M"],"character_chosen":"DEFECT","items_purchased":["Frozen Eye","Gremlin Horn"],"campfire_rested":2,"item_purchase_floors":[4,21],"current_hp_per_floor":[75,69,69,69,61,61,45,67,67,57,57,56,56,55,55,42,75,75,63,55,55,54,13,35,28,28,6],"gold":90,"neow_bonus":"HUNDRED_GOLD","is_prod":false,"is_daily":false,"chose_seed":false,"campfire_upgraded":3,"win_rate":0,"timestamp":1547066193,"path_taken":["M","M","?","$","M","R","E","R","T","E","R","M","M","M","R","BOSS","M","M","?","$","M","E","R","M","T","M"],"build_version":"2019-01-03v4","purchased_purges":1,"victory":false,"max_hp_per_floor":[75,75,75,75,75,75,75,75,75,75,75,75,75,75,75,75,75,75,75,75,75,75,75,75,75,75,75],"card_choices":[{"not_picked":["Darkness","FTL"],"picked":"Redo","floor":1},{"not_picked":["Redo","Consume"],"picked":"Beam Cell","floor":2},{"not_picked":["Fusion","Compile Driver"],"picked":"Sunder","floor":5},{"not_picked":["Cold Snap","Hologram"],"picked":"Auto Shields","floor":7},{"not_picked":["Hello World","Capacitor"],"picked":"Cold Snap","floor":8},{"not_picked":["Streamline","White Noise"],"picked":"Steam","floor":10},{"not_picked":["Rebound","Barrage","Ball Lightning"],"picked":"SKIP","floor":12},{"not_picked":["Undo","Seek"],"picked":"Go for the Eyes","floor":13},{"not_picked":["Go for the Eyes","Compile Driver","Skim"],"picked":"SKIP","floor":14},{"not_picked":["Multi-Cast","Core Surge"],"picked":"Amplify","floor":16},{"not_picked":["Barrage","Sweeping Beam"],"picked":"Leap+1","floor":18},{"not_picked":["Sweeping Beam+1","Ball Lightning"],"picked":"Streamline+1","floor":19},{"not_picked":["Beam Cell","Streamline"],"picked":"Coolheaded+1","floor":20},{"not_picked":["Darkness","Skim"],"picked":"Stack","floor":22},{"not_picked":["Hologram","Leap"],"picked":"Coolheaded+1","floor":23},{"not_picked":["Static Discharge","Conserve Battery"],"picked":"Consume+1","floor":24},{"not_picked":["Steam Power","Multi-Cast"],"picked":"Genetic Algorithm","floor":25}],"player_experience":160734,"relics_obtained":[{"floor":7,"key":"Dream Catcher"},{"floor":9,"key":"Tiny Chest"},{"floor":10,"key":"Whetstone"},{"floor":23,"key":"Pen Nib"},{"floor":26,"key":"Blue Candle"}],"event_choices":[{"damage_healed":0,"gold_gain":0,"player_choice":"2 cards matched","damage_taken":0,"max_hp_gain":0,"max_hp_loss":0,"event_name":"Match and Keep!","floor":3,"gold_loss":0,"cards_obtained":["Double Energy","Beam Cell"]}],"is_beta":false,"boss_relics":[{"not_picked":["Orrery","Runic Dome"],"picked":"Astrolabe"}],"items_purged_floors":[21],"is_endless":false,"potions_floor_spawned":[2,7,13,18,22],"killed_by":"Chosen and Byrds","ascension_level":1}