{"gold_per_floor":[115,133,104,29,204,204,234,253,253,272,291,11,31,42,42,146,146,157,86,98,116,116],"floor_reached":22,"playtime":2165,"items_purged":["Strike_G"],"score":180,"play_id":"739ddeae-8048-4e3c-b6bd-b7ced8f534de","local_time":"20180715132425","is_ascension_mode":false,"campfire_choices":[{"floor":6,"key":"REST"},{"floor":15,"key":"REST"}],"neow_cost":"NONE","seed_source_timestamp":4183253439547,"circlet_count":0,"master_deck":["Defend_G","Defend_G","Defend_G","Defend_G","Defend_G","Strike_G","Strike_G","Strike_G","Strike_G","Survivor","Neutralize","Distraction","Choke","Doubt","Prepared","Dagger Throw","Backstab","Enlightenment","Finisher","Crippling Poison","Outmaneuver","Glass Knife","PiercingWail+1","Endless Agony","Dodge and Roll","Dagger Throw"],"special_seed":17727,"relics":["Ring of the Serpent","Bag of Marbles","Matryoshka"],"potions_floor_usage":[16,16,16],"damage_taken":[{"damage":5,"enemies":"Small Slimes","floor":1,"turns":5},{"damage":12,"enemies":"Jaw Worm","floor":2,"turns":7},{"damage":0,"enemies":"2 Louse","floor":8,"turns":4},{"damage":6,"enemies":"Large Slime","floor":10,"turns":10},{"damage":5,"enemies":"2 Fungi Beasts","floor":11,"turns":5},{"damage":5,"enemies":"Gremlin Gang","floor":13,"turns":5},{"damage":9,"enemies":"Exordium Thugs","floor":14,"turns":7},{"damage":63,"enemies":"Slime Boss","floor":16,"turns":23},{"damage":10,"enemies":"Shell Parasite","floor":18,"turns":3},{"damage":0,"enemies":"Chosen","floor":20,"turns":3},{"damage":42,"enemies":"Snecko","floor":21,"turns":9},{"damage":28,"enemies":"3 Cultists","floor":22,"turns":7}],"seed_played":"-3267651053854438972","potions_obtained":[{"floor":1,"key":"Swift Potion"},{"floor":8,"key":"GhostInAJar"},{"floor":11,"key":"EssenceOfSteel"},{"floor":13,"key":"LiquidBronze"},{"floor":14,"key":"GhostInAJar"},{"floor":18,"key":"Strength Potion"},{"floor":20,"key":"Ancient Potion"}],"is_trial":false,"path_per_floor":["M","M","?","$","?","R","?","M","T","M","M","$","M","M","R","B",null,"M","$","M","M"],"character_chosen":"THE_SILENT","items_purchased":["Enlightenment","Finisher","Endless Agony"],"campfire_rested":2,"item_purchase_floors":[12,12,19],"current_hp_per_floor":[65,53,53,53,53,70,70,70,70,64,59,59,54,45,66,3,70,60,60,60,18,0],"gold":116,"neow_bonus":"RANDOM_COMMON_RELIC","is_prod":false,"is_daily":false,"chose_seed":false,"campfire_upgraded":0,"win_rate":0.0,"timestamp":1531632265,"path_taken":["M","M","?","$","?","R","?","M","T","?","M","$","M","M","R","BOSS","M","$","M","M","M"],"build_version":"2018-07-12","purchased_purges":1,"victory":false,"max_hp_per_floor":[70,70,70,70,70,70,70,70,70,70,70,70,70,70,70,70,70,70,70,70,70,70],"card_choices":[{"not_picked":["Escape Plan","PiercingWail"],"picked":"Distraction","floor":1},{"not_picked":["PiercingWail","Bouncing Flask"],"picked":"Choke","floor":2},{"not_picked":["Dodge and Roll","Flying Knee"],"picked":"Prepared","floor":8},{"not_picked":["Acrobatics","Choke"],"picked":"Dagger Throw","floor":10},{"not_picked":["Quick Slash","Poisoned Stab"],"picked":"Backstab","floor":11},{"not_picked":["Quick Slash","Flying Knee"],"picked":"Crippling Poison","floor":13},{"not_picked":["Eviscerate","Flying Knee"],"picked":"Outmaneuver","floor":14},{"not_picked":["Unload","Phantasmal Killer"],"picked":"Glass Knife","floor":16},{"not_picked":["Expertise","Deflect"],"picked":"PiercingWail+1","floor":18},{"not_picked":["Deflect","Blade Dance"],"picked":"Dodge and Roll","floor":20},{"not_picked":["Choke","Deadly Poison"],"picked":"Dagger Throw","floor":21}],"player_experience":3994,"relics_obtained":[{"floor":9,"key":"Matryoshka"}],"event_choices":[{"event_name":"World of Goop","player_choice":"Left","floor":3,"damage_taken":0},{"event_name":"Liars Game","player_choice":"agreed","floor":5,"damage_taken":0},{"event_name":"Dead Adventurer","player_choice":"Searched \u00271\u0027 times","floor":7,"damage_taken":0}],"boss_relics":[{"not_picked":["Runic Pyramid","Orrery"],"picked":"Ring of the Serpent"}],"items_purged_floors":[4],"is_endless":false,"potions_floor_spawned":[1,8,11,13,14,18,20],"killed_by":"3 Cultists","ascension_level":0}