{"gold_per_floor":[114,129,179,24,39,39,39,39,39,69,84,32,47,77,77,177,177,192,117,117,117,67,67,82,82,107,122,122,137,137,167,167,267,267,282,282,126,141,156,156,171,186,186,186,201,231,231,231,231,231],"floor_reached":50,"playtime":2238,"items_purged":[],"score":625,"play_id":"1f9d9b81-0c6c-4cc1-8df7-bf4b310a883f","local_time":"20181216125028","daily_mods":["Heirloom","Hoarder","DeadlyEvents"],"is_ascension_mode":false,"campfire_choices":[{"data":"Footwork","floor":6,"key":"SMITH"},{"data":"Footwork","floor":8,"key":"SMITH"},{"floor":15,"key":"REST"},{"data":"Deadly Poison","floor":23,"key":"SMITH"},{"data":"Deadly Poison","floor":25,"key":"SMITH"},{"floor":28,"key":"REST"},{"data":"Deadly Poison","floor":30,"key":"SMITH"},{"floor":32,"key":"REST"},{"floor":40,"key":"REST"},{"floor":47,"key":"REST"},{"floor":49,"key":"REST"}],"neow_cost":"","seed_source_timestamp":176095746638161,"circlet_count":0,"master_deck":["Defend_G","Defend_G","Defend_G","Defend_G","Defend_G","Strike_G","Strike_G","Strike_G","Strike_G","Strike_G","Survivor","Neutralize","Footwork+1","Footwork+1","Footwork","Leg Sweep","Leg Sweep","Die Die Die","Die Die Die","Die Die Die","Deadly Poison+1","Deadly Poison+1","Deadly Poison","Deadly Poison","Deadly Poison","Bane","Bane","Bane","Poisoned Stab+1","Poisoned Stab+1","Poisoned Stab+1","Poisoned Stab","Poisoned Stab","Poisoned Stab","Dagger Spray+1","Dagger Spray+1","Dagger Spray+1","Adrenaline","Adrenaline","Adrenaline","Bullet Time","Bullet Time","Bullet Time","Noxious Fumes","Noxious Fumes","Noxious Fumes","Concentrate","Concentrate","Concentrate","Crippling Poison+1","Crippling Poison+1","Crippling Poison+1","Parasite","Parasite","Parasite","Terror+1","Terror+1","Terror+1","Blur+1","Blur+1","Blur+1","Noxious Fumes+1","Noxious Fumes+1","Noxious Fumes+1"],"special_seed":17881,"relics":["Ring of the Snake","Calipers","Bronze Scales","Bag of Preparation","WingedGreaves","Orrery","Nloth\u0027s Gift","Snake Skull","Bottled Lightning","Fusion Hammer","Tingsha","Bird Faced Urn","Mercury Hourglass"],"potions_floor_usage":[24,27,33,33,42,45,46],"damage_taken":[{"damage":0,"enemies":"Cultist","floor":1,"turns":4},{"damage":0,"enemies":"Small Slimes","floor":2,"turns":4},{"damage":2,"enemies":"Jaw Worm","floor":5,"turns":7},{"damage":17,"enemies":"3 Sentries","floor":10,"turns":16},{"damage":0,"enemies":"Large Slime","floor":11,"turns":8},{"damage":3,"enemies":"Red Slaver","floor":13,"turns":3},{"damage":15,"enemies":"Gremlin Nob","floor":14,"turns":5},{"damage":19,"enemies":"Hexaghost","floor":16,"turns":9},{"damage":2,"enemies":"Spheric Guardian","floor":18,"turns":5},{"damage":3,"enemies":"Chosen","floor":24,"turns":4},{"damage":24,"enemies":"Shelled Parasite and Fungi","floor":27,"turns":6},{"damage":1,"enemies":"Snake Plant","floor":29,"turns":3},{"damage":23,"enemies":"Gremlin Leader","floor":31,"turns":4},{"damage":30,"enemies":"Collector","floor":33,"turns":5},{"damage":0,"enemies":"3 Darklings","floor":35,"turns":4},{"damage":0,"enemies":"3 Shapes","floor":38,"turns":4},{"damage":20,"enemies":"Writhing Mass","floor":39,"turns":5},{"damage":23,"enemies":"Maw","floor":41,"turns":6},{"damage":6,"enemies":"Sphere and 2 Shapes","floor":42,"turns":4},{"damage":15,"enemies":"3 Darklings","floor":45,"turns":6},{"damage":7,"enemies":"Reptomancer","floor":46,"turns":4},{"damage":138,"enemies":"Time Eater","floor":50,"turns":11}],"seed_played":"-7637209743615331437","potions_obtained":[{"floor":2,"key":"Dexterity Potion"},{"floor":10,"key":"Swift Potion"},{"floor":11,"key":"Fire Potion"},{"floor":13,"key":"FairyPotion"},{"floor":24,"key":"Weak Potion"},{"floor":29,"key":"Strength Potion"},{"floor":38,"key":"Weak Potion"},{"floor":42,"key":"GhostInAJar"},{"floor":45,"key":"Fire Potion"}],"is_trial":false,"path_per_floor":["M","M","T","$","M","R","?","R","T","E","M","$","M","E","R","B",null,"M","?","$","?","$","R","M","R","T","M","R","M","R","E","R","B",null,"M","?","$","M","M","R","M","M","T","$","M","E","R","?","R","B"],"character_chosen":"THE_SILENT","items_purchased":["Footwork","Leg Sweep","Deadly Poison","Poisoned Stab","Noxious Fumes","Concentrate"],"campfire_rested":6,"item_purchase_floors":[4,4,12,22,37,37],"current_hp_per_floor":[70,70,70,70,68,68,68,68,78,61,61,61,58,43,67,48,80,78,78,78,78,78,78,75,75,75,51,75,74,74,51,75,45,80,80,80,80,80,60,80,57,51,51,51,42,37,61,61,80,0],"gold":231,"neow_bonus":"","is_prod":false,"is_daily":true,"chose_seed":false,"campfire_upgraded":5,"win_rate":0,"timestamp":1544961028,"path_taken":["M","M","?","$","M","R","?","R","T","?","M","?","?","?","R","BOSS","M","?","$","?","$","R","M","R","T","M","R","M","R","?","R","BOSS","M","?","$","M","M","R","M","M","T","$","M","?","R","?","R","BOSS"],"build_version":"2018-12-13","purchased_purges":0,"victory":false,"max_hp_per_floor":[70,70,70,70,70,70,70,70,80,80,80,80,80,80,80,80,80,80,80,80,80,80,80,80,80,80,80,80,80,80,80,80,80,80,80,80,80,80,80,80,80,80,80,80,80,80,80,80,80,80],"card_choices":[{"not_picked":["Dagger Throw","Slice","Eviscerate"],"picked":"SKIP","floor":1},{"not_picked":["Slice","Dodge and Roll","PiercingWail"],"picked":"SKIP","floor":2},{"not_picked":["Quick Slash","PiercingWail","Skewer"],"picked":"SKIP","floor":5},{"not_picked":["Burst","Cloak And Dagger","Dagger Spray"],"picked":"SKIP","floor":10},{"not_picked":["Underhanded Strike","Blade Dance"],"picked":"Die Die Die","floor":11},{"not_picked":["Acrobatics","Prepared","PiercingWail"],"picked":"SKIP","floor":13},{"not_picked":["Envenom","Dagger Throw","Cloak And Dagger"],"picked":"SKIP","floor":14},{"not_picked":["Backflip","Blade Dance"],"picked":"Deadly Poison","floor":17},{"not_picked":["Dodge and Roll","Deflect"],"picked":"Bane","floor":17},{"not_picked":["Backflip+1","Doppelganger"],"picked":"Poisoned Stab+1","floor":18},{"not_picked":["Choke","Die Die Die","Cloak And Dagger"],"picked":"SKIP","floor":24},{"not_picked":["Heel Hook","Deflect"],"picked":"Dagger Spray+1","floor":27},{"not_picked":["Finisher","Leg Sweep+1"],"picked":"Adrenaline","floor":29},{"not_picked":["Blur","Prepared+1"],"picked":"Bullet Time","floor":31},{"not_picked":["Envenom","Flechettes+1","Poisoned Stab+1"],"picked":"SKIP","floor":35},{"not_picked":["Poisoned Stab+1","Blade Dance+1"],"picked":"Crippling Poison+1","floor":38},{"not_picked":["Blade Dance","Outmaneuver","Flying Knee"],"picked":"SKIP","floor":39},{"not_picked":["Dagger Spray","Underhanded Strike"],"picked":"Terror+1","floor":41},{"not_picked":["Calculated Gamble+1","Backflip+1"],"picked":"Blur+1","floor":42},{"not_picked":["Endless Agony+1","Acrobatics+1"],"picked":"Noxious Fumes+1","floor":45},{"not_picked":["Envenom","Poisoned Stab+1","Backflip"],"picked":"SKIP","floor":46}],"player_experience":192521,"relics_obtained":[{"floor":3,"key":"Bronze Scales"},{"floor":9,"key":"Pear"},{"floor":10,"key":"Bag of Preparation"},{"floor":14,"key":"WingedGreaves"},{"floor":26,"key":"Snake Skull"},{"floor":31,"key":"Bottled Lightning"},{"floor":43,"key":"Bird Faced Urn"},{"floor":46,"key":"Mercury Hourglass"}],"event_choices":[{"damage_healed":0,"gold_gain":0,"player_choice":"Leave","damage_taken":0,"max_hp_gain":0,"max_hp_loss":0,"event_name":"The Cleric","floor":7,"gold_loss":0},{"cards_removed":["Leg Sweep"],"damage_healed":0,"gold_gain":0,"player_choice":"Gave Gold","damage_taken":0,"max_hp_gain":0,"max_hp_loss":0,"event_name":"Beggar","floor":19,"gold_loss":75},{"damage_healed":0,"gold_gain":0,"player_choice":"Traded Relic","damage_taken":0,"relics_obtained":["Nloth\u0027s Gift"],"max_hp_gain":0,"max_hp_loss":0,"event_name":"N\u0027loth","floor":21,"relics_lost":["Pear"],"gold_loss":0},{"cards_removed":["Deadly Poison"],"damage_healed":0,"gold_gain":0,"player_choice":"Gave Card","damage_taken":0,"relics_obtained":["Tingsha"],"max_hp_gain":0,"max_hp_loss":0,"event_name":"WeMeetAgain","floor":36,"gold_loss":0},{"damage_healed":0,"gold_gain":0,"player_choice":"Ignored","damage_taken":0,"max_hp_gain":0,"max_hp_loss":0,"event_name":"Mysterious Sphere","floor":48,"gold_loss":0}],"is_beta":false,"boss_relics":[{"not_picked":["Philosopher\u0027s Stone","HoveringKite"],"picked":"Orrery"},{"not_picked":["Black Star","Eternal Feather"],"picked":"Fusion Hammer"}],"items_purged_floors":[],"is_endless":false,"potions_floor_spawned":[2,10,11,13,24,29,38,42,45],"killed_by":"Time Eater","ascension_level":0}