{"gold_per_floor":[111,123,8,24,199,199,215,243,267,277,293,293,0,12,12,108,108,122,122,141,161,71,101,101,131,157,187,209,221,250,262,274,286],"floor_reached":33,"playtime":7556,"items_purged":["Doubt"],"score":291,"play_id":"d4a3e4c9-864d-476f-8b47-8ea71de9fc15","local_time":"20190202023615","is_ascension_mode":false,"campfire_choices":[{"data":"Neutralize","floor":6,"key":"SMITH"},{"data":"Caltrops","floor":15,"key":"SMITH"},{"floor":24,"key":"REST"},{"floor":29,"key":"REST"},{"floor":32,"key":"REST"}],"neow_cost":"NONE","seed_source_timestamp":1665103201937777,"circlet_count":0,"master_deck":["Defend_G","Defend_G","Defend_G","Defend_G","Defend_G","Strike_G","Strike_G","Strike_G+1","Survivor","Neutralize+1","Dash","Infinite Blades","Backstab","All Out Attack","Poisoned Stab","Die Die Die","Outmaneuver","Dagger Throw","Caltrops+1","Sucker Punch","Venomology","Prepared+1","Underhanded Strike","Backflip","Predator+1","Blade Dance","Predator+1","Deadly Poison"],"relics":["Ring of the Snake","Potion Belt","Orichalcum","PreservedInsect","Black Star","Happy Flower","Nunchaku","Mercury Hourglass","Strawberry","MawBank"],"potions_floor_usage":[16,16,23,23,25,25,27,30,30,33,33,33],"damage_taken":[{"damage":0,"enemies":"Small Slimes","floor":1,"turns":5},{"damage":0,"enemies":"2 Louse","floor":2,"turns":3},{"damage":0,"enemies":"Cultist","floor":4,"turns":3},{"damage":0,"enemies":"Looter","floor":7,"turns":4},{"damage":21,"enemies":"Lagavulin","floor":8,"turns":8},{"damage":22,"enemies":"Exordium Thugs","floor":10,"turns":5},{"damage":0,"enemies":"3 Louse","floor":11,"turns":1},{"damage":0,"enemies":"Red Slaver","floor":14,"turns":3},{"damage":30,"enemies":"Slime Boss","floor":16,"turns":7},{"damage":5,"enemies":"Chosen","floor":18,"turns":6},{"damage":0,"enemies":"3 Byrds","floor":20,"turns":4},{"damage":22,"enemies":"Snecko","floor":21,"turns":6},{"damage":13,"enemies":"Slavers","floor":23,"turns":5},{"damage":13,"enemies":"Book of Stabbing","floor":25,"turns":4},{"damage":24,"enemies":"Snake Plant","floor":27,"turns":4},{"damage":15,"enemies":"Centurion and Healer","floor":28,"turns":4},{"damage":5,"enemies":"Snecko","floor":30,"turns":3},{"damage":71,"enemies":"Champ","floor":33,"turns":14}],"seed_played":"75702022833953500","potions_obtained":[{"floor":2,"key":"FairyPotion"},{"floor":10,"key":"SkillPotion"},{"floor":14,"key":"Swift Potion"},{"floor":16,"key":"EssenceOfSteel"},{"floor":27,"key":"GamblersBrew"},{"floor":28,"key":"PowerPotion"}],"is_trial":false,"path_per_floor":["M","M","$","M","?","R","M","E","T","M","M","?","$","M","R","B",null,"M","?","M","M","?","E","R","E","T","M","M","R","M","?","R","B"],"character_chosen":"THE_SILENT","items_purchased":["Infinite Blades","Backstab","Caltrops","PreservedInsect"],"campfire_rested":3,"item_purchase_floors":[3,3,13,13],"current_hp_per_floor":[70,70,70,70,70,70,70,49,49,27,27,50,50,50,50,20,70,65,70,70,48,48,35,56,50,50,26,11,34,29,29,52,0],"gold":286,"neow_bonus":"REMOVE_CARD","is_prod":false,"is_daily":false,"chose_seed":false,"campfire_upgraded":2,"win_rate":0.0,"timestamp":1549071375,"path_taken":["M","M","$","M","?","R","M","E","T","M","M","?","$","M","R","BOSS","M","?","?","M","?","E","R","E","T","M","M","R","?","?","R","BOSS"],"build_version":"2019-01-23","purchased_purges":1,"victory":false,"max_hp_per_floor":[70,70,70,70,70,70,70,70,70,70,70,70,70,70,70,70,70,70,70,70,70,70,70,70,77,77,77,77,77,77,77,77,77],"card_choices":[{"not_picked":["Acrobatics","Dagger Throw"],"picked":"Dash","floor":1},{"not_picked":["Heel Hook","Dagger Spray"],"picked":"Escape Plan","floor":2},{"not_picked":["Bane","PiercingWail"],"picked":"All Out Attack","floor":4},{"not_picked":["Bane","Skewer"],"picked":"Poisoned Stab","floor":7},{"not_picked":["Poisoned Stab","Backstab"],"picked":"Die Die Die","floor":8},{"not_picked":["Acrobatics","Deflect"],"picked":"Outmaneuver","floor":10},{"not_picked":["Prepared","Poisoned Stab"],"picked":"Dagger Throw","floor":11},{"not_picked":["Poisoned Stab","Prepared"],"picked":"Sucker Punch","floor":14},{"not_picked":["After Image","Die Die Die"],"picked":"Venomology","floor":16},{"not_picked":["PiercingWail","Flying Knee","Catalyst"],"picked":"SKIP","floor":18},{"not_picked":["Dodge and Roll","Skewer"],"picked":"Prepared+1","floor":20},{"not_picked":["Blur","Dagger Spray"],"picked":"Underhanded Strike","floor":21},{"not_picked":["Deflect+1","Die Die Die"],"picked":"Backflip","floor":23},{"not_picked":["Backflip","Prepared"],"picked":"Predator+1","floor":25},{"not_picked":["Crippling Poison","Well Laid Plans"],"picked":"Blade Dance","floor":27},{"not_picked":["Slice","Dash"],"picked":"Predator+1","floor":28},{"not_picked":["Well Laid Plans","Dagger Spray"],"picked":"Deadly Poison","floor":30}],"player_experience":64356,"relics_obtained":[{"floor":8,"key":"Potion Belt"},{"floor":9,"key":"Orichalcum"},{"floor":23,"key":"Happy Flower"},{"floor":23,"key":"Nunchaku"},{"floor":25,"key":"Mercury Hourglass"},{"floor":25,"key":"Strawberry"},{"floor":26,"key":"MawBank"}],"event_choices":[{"damage_healed":0,"gold_gain":175,"player_choice":"AGREE","damage_taken":0,"max_hp_gain":0,"max_hp_loss":0,"event_name":"Liars Game","floor":5,"gold_loss":0,"cards_obtained":["Doubt"]},{"damage_healed":23,"gold_gain":0,"player_choice":"Banana","damage_taken":0,"max_hp_gain":0,"max_hp_loss":0,"event_name":"Big Fish","floor":12,"gold_loss":0},{"cards_removed":["Escape Plan"],"damage_healed":5,"gold_gain":0,"player_choice":"Offered Uncommon","damage_taken":0,"max_hp_gain":0,"max_hp_loss":0,"event_name":"Bonfire Elementals","floor":19,"gold_loss":0},{"cards_removed":["Strike_G"],"damage_healed":0,"gold_gain":0,"player_choice":"Upgrade and Remove","damage_taken":0,"max_hp_gain":0,"max_hp_loss":0,"event_name":"Designer","floor":22,"gold_loss":90,"cards_upgraded":["Strike_G"]},{"damage_healed":0,"gold_gain":0,"player_choice":"Ignored","damage_taken":0,"max_hp_gain":0,"max_hp_loss":0,"event_name":"Ghosts","floor":31,"gold_loss":0}],"is_beta":false,"boss_relics":[{"not_picked":["Coffee Dripper","Eternal Feather"],"picked":"Black Star"}],"items_purged_floors":[13],"is_endless":false,"potions_floor_spawned":[2,10,14,16,27,28],"killed_by":"Champ","ascension_level":0}