{"gold_per_floor":[109,122,138,26,43,71,71,81,81,9,9,9,0,0,0,105,105,94,127,140,6,6,35,46,80,80,12,12,112,145,145,145,248,248,265,277,207,237,59,94,94,36,36,48,62,78,78,16,16,16],"floor_reached":51,"playtime":2195,"items_purged":["Strike_G","Strike_G","Strike_G"],"score":1015,"play_id":"f8b06380-a12a-4018-af0b-5e4a3304f368","local_time":"20190201041322","is_ascension_mode":true,"campfire_choices":[{"data":"Catalyst","floor":7.0,"key":"SMITH"},{"data":"Noxious Fumes","floor":12.0,"key":"SMITH"},{"data":"Footwork","floor":15.0,"key":"SMITH"},{"data":"Calculated Gamble","floor":28.0,"key":"SMITH"},{"floor":32.0,"key":"REST"},{"data":"Catalyst","floor":41.0,"key":"SMITH"},{"data":"Noxious Fumes","floor":47,"key":"SMITH"},{"data":"Catalyst","floor":49,"key":"SMITH"}],"neow_cost":"TEN_PERCENT_HP_LOSS","seed_source_timestamp":366458128788073,"circlet_count":0,"master_deck":["Defend_G","Defend_G","Defend_G","Defend_G","Strike_G","Survivor","Neutralize","Noxious Fumes+1","Expertise","Catalyst+1","Noxious Fumes+1","Deflect","Distraction","Footwork+1","Deflect","Adrenaline","Deadly Poison","Calculated Gamble+1","Calculated Gamble+1","Expertise+1","Noxious Fumes+1","Noxious Fumes+1","Catalyst+1","Escape Plan+1","Expertise","Well Laid Plans+1","Well Laid Plans+1","Well Laid Plans+1","Distraction+1","Catalyst+1"],"special_seed":0,"relics":["Ring of the Snake","Oddly Smooth Stone","Meat on the Bone","Sozu","Red Mask","Matryoshka","Frozen Egg 2","Anchor","Orichalcum","The Specimen","The Courier","Pen Nib","Eternal Feather","MawBank","Pantograph","Juzu Bracelet","Shuriken"],"potions_floor_usage":[],"damage_taken":[{"damage":0.0,"enemies":"Cultist","floor":1.0,"turns":4.0},{"damage":0.0,"enemies":"Jaw Worm","floor":2.0,"turns":5.0},{"damage":0.0,"enemies":"2 Louse","floor":3.0,"turns":3.0},{"damage":0.0,"enemies":"Blue Slaver","floor":5.0,"turns":6.0},{"damage":16.0,"enemies":"Lagavulin","floor":6.0,"turns":7.0},{"damage":13.0,"enemies":"2 Fungi Beasts","floor":8.0,"turns":6.0},{"damage":0.0,"enemies":"Looter","floor":13.0,"turns":4.0},{"damage":9.0,"enemies":"Hexaghost","floor":16.0,"turns":9.0},{"damage":7.0,"enemies":"2 Thieves","floor":18.0,"turns":4.0},{"damage":27.0,"enemies":"Masked Bandits","floor":19.0,"turns":5.0},{"damage":0.0,"enemies":"Shell Parasite","floor":20.0,"turns":4.0},{"damage":5.0,"enemies":"Gremlin Leader","floor":23.0,"turns":6.0},{"damage":0.0,"enemies":"Shelled Parasite and Fungi","floor":24.0,"turns":5.0},{"damage":9.0,"enemies":"Slavers","floor":25.0,"turns":5.0},{"damage":3.0,"enemies":"Colosseum Slavers","floor":29.0,"turns":4.0},{"damage":6.0,"enemies":"Colosseum Nobs","floor":29.0,"turns":5.0},{"damage":4.0,"enemies":"Gremlin Leader","floor":30.0,"turns":4.0},{"damage":0.0,"enemies":"Champ","floor":33.0,"turns":2.0},{"damage":0.0,"enemies":"Orb Walker","floor":35.0,"turns":3.0},{"damage":19.0,"enemies":"3 Shapes","floor":36.0,"turns":4.0},{"damage":32.0,"enemies":"Jaw Worm Horde","floor":38.0,"turns":5.0},{"damage":0.0,"enemies":"Giant Head","floor":40.0,"turns":7.0},{"damage":0.0,"enemies":"Maw","floor":44.0,"turns":4.0},{"damage":9,"enemies":"Sphere and 2 Shapes","floor":45,"turns":4},{"damage":13,"enemies":"3 Darklings","floor":46,"turns":4},{"damage":53,"enemies":"Time Eater","floor":50,"turns":5}],"seed_played":"1616493197806716508","potions_obtained":[{"floor":1.0,"key":"AttackPotion"},{"floor":5.0,"key":"Swift Potion"}],"is_trial":false,"path_per_floor":["M","M","M","$","M","E","R","M","T","$","?","R","M","?","R","B",null,"M","?","M","$","?","E","M","E","T","$","R","?","E","?","R","B",null,"M","M","?","M","$","E","R","$","T","M","M","M","R","$","R","B",null],"character_chosen":"THE_SILENT","items_purchased":["Noxious Fumes","Footwork","Calculated Gamble","Noxious Fumes+1","Expertise","Well Laid Plans+1","Well Laid Plans+1","Catalyst"],"campfire_rested":1,"item_purchase_floors":[4,10,21,27,39,39,42,48],"current_hp_per_floor":[63,63,63,63,63,47,47,34,34,34,34,34,34,34,34,37,63,56,41,41,41,41,36,36,39,39,39,39,42,38,27,47,47,68,68,49,49,29,29,41,56,56,56,56,47,46,61,61,68,27],"gold":16,"neow_bonus":"REMOVE_TWO","is_prod":false,"is_daily":false,"chose_seed":false,"campfire_upgraded":7,"win_rate":0,"timestamp":1549016002,"path_taken":["M","M","M","$","M","E","R","M","T","$","?","R","M","?","R","BOSS","M","?","M","$","?","E","M","E","T","$","R","?","E","?","R","BOSS","M","M","?","?","$","E","R","?","T","M","M","M","R","$","R","BOSS"],"build_version":"2019-01-23","purchased_purges":3,"victory":true,"max_hp_per_floor":[63,63,63,63,63,63,63,63,63,63,63,63,63,63,63,63,63,63,63,63,63,63,63,63,63,63,63,63,63,63,68,68,68,68,68,68,68,68,68,68,68,68,68,68,68,68,68,68,68,68],"card_choices":[{"not_picked":["Finisher","Underhanded Strike"],"picked":"Noxious Fumes","floor":1.0},{"not_picked":["Prepared","Bouncing Flask"],"picked":"Expertise","floor":2.0},{"not_picked":["Blade Dance","Deadly Poison"],"picked":"Catalyst","floor":3.0},{"not_picked":["Die Die Die","Blur"],"picked":"Deflect","floor":5.0},{"not_picked":["Dagger Spray","Outmaneuver","Blade Dance"],"picked":"SKIP","floor":6.0},{"not_picked":["Underhanded Strike","Cloak And Dagger"],"picked":"Distraction","floor":8.0},{"not_picked":["Prepared","Finisher"],"picked":"Deflect","floor":13.0},{"not_picked":["Venomology","Doppelganger"],"picked":"Adrenaline","floor":16.0},{"not_picked":["Riddle With Holes+1","Underhanded Strike"],"picked":"Deadly Poison","floor":18.0},{"not_picked":["Outmaneuver+1","Acrobatics"],"picked":"Calculated Gamble+1","floor":19.0},{"not_picked":["Flying Knee","Bane","Leg Sweep+1"],"picked":"SKIP","floor":20.0},{"not_picked":["Underhanded Strike","PiercingWail"],"picked":"Expertise+1","floor":23.0},{"not_picked":["Slice","Crippling Poison+1"],"picked":"Noxious Fumes+1","floor":24.0},{"not_picked":["Tactician+1","Unload","Envenom"],"picked":"SKIP","floor":25.0},{"not_picked":["Blur","All Out Attack"],"picked":"Catalyst","floor":29.0},{"not_picked":["Flying Knee+1","Infinite Blades+1","Quick Slash"],"picked":"SKIP","floor":30.0},{"not_picked":["Sucker Punch","Prepared","Dagger Spray+1"],"picked":"SKIP","floor":35.0},{"not_picked":["Leg Sweep","Poisoned Stab+1"],"picked":"Escape Plan+1","floor":36.0},{"not_picked":["Bouncing Flask+1","Quick Slash","Skewer+1"],"picked":"SKIP","floor":38.0},{"not_picked":["Burst","Accuracy+1","Quick Slash+1"],"picked":"SKIP","floor":40.0},{"not_picked":["PiercingWail+1","Slice"],"picked":"Well Laid Plans+1","floor":44.0},{"not_picked":["Predator","Accuracy+1","Dagger Throw+1"],"picked":"SKIP","floor":45},{"not_picked":["Bouncing Flask","Flying Knee"],"picked":"Distraction+1","floor":46}],"player_experience":279754,"relics_obtained":[{"floor":6.0,"key":"Oddly Smooth Stone"},{"floor":9.0,"key":"Meat on the Bone"},{"floor":19.0,"key":"Red Mask"},{"floor":23.0,"key":"Matryoshka"},{"floor":25.0,"key":"Frozen Egg 2"},{"floor":26.0,"key":"Anchor"},{"floor":26.0,"key":"Orichalcum"},{"floor":29.0,"key":"The Specimen"},{"floor":29.0,"key":"The Courier"},{"floor":30.0,"key":"Pen Nib"},{"floor":40.0,"key":"Pantograph"},{"floor":43.0,"key":"Juzu Bracelet"},{"floor":43.0,"key":"Shuriken"}],"event_choices":[{"damage_healed":0.0,"max_hp_gain":0.0,"max_hp_loss":0.0,"gold_gain":0.0,"event_name":"Liars Game","player_choice":"Ignored","floor":11.0,"gold_loss":0.0,"damage_taken":0.0},{"damage_healed":0.0,"max_hp_gain":0.0,"max_hp_loss":0.0,"gold_gain":0.0,"event_name":"Dead Adventurer","player_choice":"Searched \u00270\u0027 times","floor":14.0,"gold_loss":0.0,"damage_taken":0.0},{"damage_healed":0.0,"max_hp_gain":0.0,"max_hp_loss":0.0,"gold_gain":0.0,"event_name":"Masked Bandits","player_choice":"Fought Bandits","floor":19.0,"gold_loss":0.0,"damage_taken":0.0},{"damage_healed":0.0,"max_hp_gain":0.0,"max_hp_loss":0.0,"gold_gain":0.0,"event_name":"Colosseum","player_choice":"Fight","floor":29.0,"gold_loss":0.0,"damage_taken":0.0},{"damage_healed":0.0,"max_hp_gain":0.0,"max_hp_loss":0.0,"gold_gain":0.0,"event_name":"Colosseum","player_choice":"Fought Nobs","floor":29.0,"gold_loss":0.0,"damage_taken":0.0},{"damage_healed":0.0,"max_hp_gain":5.0,"max_hp_loss":0.0,"gold_gain":0.0,"event_name":"Forgotten Altar","player_choice":"Shed Blood","floor":31.0,"gold_loss":0.0,"damage_taken":16.0},{"damage_healed":0.0,"max_hp_gain":0.0,"max_hp_loss":0.0,"gold_gain":0.0,"event_name":"WeMeetAgain","player_choice":"Paid Gold","floor":37.0,"gold_loss":70.0,"damage_taken":0.0,"relics_obtained":["MawBank"]}],"is_beta":false,"boss_relics":[{"not_picked":["Snecko Eye","Black Star"],"picked":"Sozu"},{"not_picked":["Astrolabe","Orrery"],"picked":"Eternal Feather"}],"items_purged_floors":[4,21,39],"is_endless":false,"potions_floor_spawned":[1,5,18,20,33,36,38,44,45],"ascension_level":4}