{"gold_per_floor":[109,109,124,124,140,140,155,225,251,278,278,293,321,344,344,448,448,465,465,451,451,451,463,475,487,524,536,579,591,528,528,528,626,626,642,642,710,710,418,418,449,449,449,549,565,565,127,127,127,127],"floor_reached":50,"playtime":1443,"items_purged":["Shame","Normality","Writhe"],"score":563,"play_id":"1f153807-0cc0-405a-8342-107467002c93","local_time":"20181222131037","is_ascension_mode":true,"campfire_choices":[{"data":"Defend_R","floor":6,"key":"SMITH"},{"data":"Bash","floor":11,"key":"SMITH"},{"floor":15,"key":"REST"},{"floor":23,"key":"REST"},{"data":"Demon Form","floor":25,"key":"SMITH"},{"floor":32,"key":"REST"},{"data":"Demon Form","floor":40,"key":"SMITH"},{"floor":42,"key":"REST"},{"floor":49,"key":"REST"}],"neow_cost":"NONE","seed_source_timestamp":93396911608348,"circlet_count":0,"master_deck":["Strike_R+1","Strike_R+1","Strike_R+1","Strike_R+1","Strike_R+1","Defend_R+1","Defend_R+1","Defend_R+1","Defend_R+1","Bash+1","Clothesline+1","Power Through","Demon Form+1","Writhe","Ghostly Armor","Decay","Demon Form+1","Heavy Blade","Heavy Blade+1","Injury"],"relics":["Burning Blood","Juzu Bracelet","PreservedInsect","Sundial","Pen Nib","Cursed Key","Gremlin Horn","Nilry\u0027s Codex","MawBank","Regal Pillow","Ancient Tea Set","Red Mask","Orrery","Shuriken","Letter Opener","ClockworkSouvenir","Strawberry","Magic Flower","Oddly Smooth Stone","Bag of Marbles"],"potions_floor_usage":[10,10,16,16,50,50],"damage_taken":[{"damage":2,"enemies":"Jaw Worm","floor":1,"turns":4},{"damage":7,"enemies":"Small Slimes","floor":3,"turns":3},{"damage":0,"enemies":"Cultist","floor":5,"turns":3},{"damage":4,"enemies":"Blue Slaver","floor":7,"turns":4},{"damage":30,"enemies":"Lagavulin","floor":10,"turns":5},{"damage":0,"enemies":"Exordium Wildlife","floor":12,"turns":2},{"damage":25,"enemies":"3 Sentries","floor":13,"turns":8},{"damage":50,"enemies":"Slime Boss","floor":16,"turns":11},{"damage":3,"enemies":"Spheric Guardian","floor":18,"turns":4},{"damage":22,"enemies":"2 Thieves","floor":20,"turns":4},{"damage":50,"enemies":"Masked Bandits","floor":28,"turns":5},{"damage":46,"enemies":"Automaton","floor":33,"turns":9},{"damage":10,"enemies":"3 Shapes","floor":35,"turns":6},{"damage":32,"enemies":"Nemesis","floor":41,"turns":5},{"damage":37,"enemies":"Mind Bloom Boss Battle","floor":44,"turns":4},{"damage":47,"enemies":"3 Darklings","floor":45,"turns":5},{"damage":63,"enemies":"Time Eater","floor":50,"turns":6}],"seed_played":"-1623372030463530174","potions_obtained":[{"floor":1,"key":"Strength Potion"},{"floor":5,"key":"SkillPotion"},{"floor":10,"key":"Poison Potion"},{"floor":13,"key":"SteroidPotion"},{"floor":20,"key":"Regen Potion"},{"floor":33,"key":"Ancient Potion"},{"floor":45,"key":"Fruit Juice"}],"is_trial":false,"path_per_floor":["M","?","M","?","M","R","M","?","T","E","R","M","E","T","R","B",null,"M","?","M","?","T","R","?","R","T","?","?","?","$","?","R","B",null,"M","?","T","T","$","R","E","R","T","?","M","T","$","?","R","B"],"character_chosen":"IRONCLAD","items_purchased":["ClockworkSouvenir","Oddly Smooth Stone","Bag of Marbles"],"campfire_rested":5,"item_purchase_floors":[39,47,47],"current_hp_per_floor":[80,64,63,63,69,69,71,71,71,47,47,53,34,34,58,14,80,80,80,64,48,48,72,72,72,72,72,28,28,28,28,67,27,80,76,76,76,76,76,76,57,83,83,52,14,14,14,14,53,0],"gold":127,"neow_bonus":"THREE_CARDS","is_prod":false,"is_daily":false,"chose_seed":false,"campfire_upgraded":4,"win_rate":0,"timestamp":1545480637,"path_taken":["M","?","M","?","?","R","M","?","T","E","R","M","E","?","R","BOSS","M","?","M","?","?","R","?","R","T","?","?","?","$","?","R","BOSS","M","?","?","?","$","R","E","R","T","?","M","?","$","?","R","BOSS"],"build_version":"2018-12-20","purchased_purges":3,"victory":false,"max_hp_per_floor":[80,80,80,80,80,80,80,80,80,80,80,80,80,80,80,80,80,80,80,80,80,80,80,80,80,80,80,80,80,80,80,80,80,80,80,76,76,76,76,76,83,83,83,83,83,83,83,83,83,88],"card_choices":[{"not_picked":["Rage","Clash"],"picked":"Clothesline","floor":0},{"not_picked":["Iron Wave","Clothesline","Rupture"],"picked":"SKIP","floor":1},{"not_picked":["Infernal Blade","True Grit","Rage"],"picked":"SKIP","floor":3},{"not_picked":["Anger","Heavy Blade","Warcry"],"picked":"SKIP","floor":5},{"not_picked":["Pommel Strike","Twin Strike","Havoc"],"picked":"SKIP","floor":7},{"not_picked":["Thunderclap","Heavy Blade"],"picked":"Power Through","floor":10},{"not_picked":["Seeing Red","Rupture","Sword Boomerang"],"picked":"SKIP","floor":12},{"not_picked":["Rage","Pommel Strike"],"picked":"Inflame","floor":13},{"not_picked":["Berserk","Exhume"],"picked":"Demon Form","floor":16},{"not_picked":["True Grit","Thunderclap","Flex"],"picked":"SKIP","floor":18},{"not_picked":["Flex+1","Twin Strike"],"picked":"Ghostly Armor","floor":20},{"not_picked":["Bludgeon","Berserk"],"picked":"Demon Form","floor":33},{"not_picked":["Clash","Brutality"],"picked":"Heavy Blade","floor":34},{"not_picked":["Anger","Inflame"],"picked":"Heavy Blade+1","floor":35},{"not_picked":["Thunderclap+1","True Grit+1","Blood for Blood"],"picked":"SKIP","floor":41},{"not_picked":["Cleave+1","Battle Trance+1","Fiend Fire"],"picked":"SKIP","floor":45}],"player_experience":210972,"relics_obtained":[{"floor":9,"key":"Juzu Bracelet"},{"floor":10,"key":"PreservedInsect"},{"floor":13,"key":"Sundial"},{"floor":14,"key":"Pen Nib"},{"floor":21,"key":"Nilry\u0027s Codex"},{"floor":22,"key":"MawBank"},{"floor":26,"key":"Regal Pillow"},{"floor":28,"key":"Red Mask"},{"floor":37,"key":"Shuriken"},{"floor":38,"key":"Letter Opener"},{"floor":41,"key":"Strawberry"},{"floor":44,"key":"Magic Flower"}],"event_choices":[{"damage_healed":0,"gold_gain":0,"player_choice":"Entered Light","damage_taken":16,"max_hp_gain":0,"max_hp_loss":0,"event_name":"Shining Light","floor":2,"gold_loss":0,"cards_upgraded":["Strike_R","Strike_R"]},{"damage_healed":0,"gold_gain":0,"player_choice":"Upgraded","damage_taken":0,"max_hp_gain":0,"max_hp_loss":0,"event_name":"Upgrade Shrine","floor":4,"gold_loss":0,"cards_upgraded":["Clothesline"]},{"damage_healed":0,"gold_gain":70,"player_choice":"Gained Gold","damage_taken":0,"max_hp_gain":0,"max_hp_loss":0,"event_name":"Golden Wing","floor":8,"gold_loss":0},{"damage_healed":0,"gold_gain":0,"player_choice":"Opened","damage_taken":0,"relics_obtained":["Gremlin Horn"],"max_hp_gain":0,"max_hp_loss":0,"event_name":"The Mausoleum","floor":19,"gold_loss":0,"cards_obtained":["Writhe"]},{"damage_healed":0,"gold_gain":0,"player_choice":"Obtained Book","damage_taken":16,"max_hp_gain":0,"max_hp_loss":0,"event_name":"Cursed Tome","floor":21,"gold_loss":0},{"damage_healed":0,"gold_gain":0,"player_choice":"Simplicity","damage_taken":0,"max_hp_gain":0,"max_hp_loss":0,"event_name":"Back to Basics","floor":24,"gold_loss":0,"cards_upgraded":["Strike_R","Strike_R","Strike_R","Defend_R","Defend_R","Defend_R"]},{"damage_healed":0,"gold_gain":0,"player_choice":"Gave Potion","damage_taken":0,"relics_obtained":["Ancient Tea Set"],"max_hp_gain":0,"max_hp_loss":0,"event_name":"WeMeetAgain","floor":27,"gold_loss":0},{"damage_healed":0,"gold_gain":0,"player_choice":"Fought Bandits","damage_taken":0,"max_hp_gain":0,"max_hp_loss":0,"event_name":"Masked Bandits","floor":28,"gold_loss":0},{"damage_healed":0,"gold_gain":0,"player_choice":"Forge","damage_taken":0,"max_hp_gain":0,"max_hp_loss":0,"event_name":"Accursed Blacksmith","floor":29,"gold_loss":0,"cards_upgraded":["Inflame"]},{"damage_healed":0,"gold_gain":0,"player_choice":"Smashed Altar","damage_taken":0,"max_hp_gain":0,"max_hp_loss":0,"event_name":"Forgotten Altar","floor":31,"gold_loss":0,"cards_obtained":["Decay"]},{"damage_healed":0,"gold_gain":0,"player_choice":"Max HP","damage_taken":0,"max_hp_gain":0,"max_hp_loss":4,"event_name":"Winding Halls","floor":36,"gold_loss":0},{"damage_healed":0,"gold_gain":0,"player_choice":"Fight","damage_taken":0,"max_hp_gain":0,"max_hp_loss":0,"event_name":"MindBloom","floor":44,"gold_loss":0},{"cards_removed":["Inflame"],"damage_healed":0,"gold_gain":0,"player_choice":"Removed Power","damage_taken":0,"max_hp_gain":0,"max_hp_loss":0,"event_name":"Falling","floor":48,"gold_loss":0}],"is_beta":false,"boss_relics":[{"not_picked":["Black Blood","Astrolabe"],"picked":"Cursed Key"},{"not_picked":["Runic Cube","Philosopher\u0027s Stone"],"picked":"Orrery"}],"items_purged_floors":[30,39,47],"is_endless":false,"potions_floor_spawned":[1,5,10,13,20,33,45],"killed_by":"Time Eater","ascension_level":3}