{"gold_per_floor":[109,109,122,122,122,147,147,166,219,219,239,239,251,264,264,368,368,379,379,379,319,389,389],"floor_reached":23,"playtime":787,"items_purged":[],"score":189,"play_id":"6417487d-502d-4dbb-9217-0e69c306ef46","local_time":"20181216144231","is_ascension_mode":false,"campfire_choices":[{"floor":7,"key":"REST"},{"floor":15,"key":"REST"}],"neow_cost":"NONE","seed_source_timestamp":185833317694938,"circlet_count":0,"master_deck":["Strike_R","Strike_R+1","Strike_R+1","Strike_R","Strike_R","Defend_R","Defend_R","Defend_R","Defend_R","Feel No Pain","Ghostly Armor","Offering","Infernal Blade","Hemokinesis","Demon Form","Decay","Cleave+1"],"relics":["Burning Blood","Whetstone","Smiling Mask","CultistMask","Sozu","Self Forming Clay"],"potions_floor_usage":[6,8,16],"damage_taken":[{"damage":1,"enemies":"2 Louse","floor":1,"turns":4},{"damage":14,"enemies":"Cultist","floor":3,"turns":7},{"damage":59,"enemies":"Gremlin Nob","floor":6,"turns":7},{"damage":1,"enemies":"Jaw Worm","floor":8,"turns":3},{"damage":1,"enemies":"Red Slaver","floor":11,"turns":3},{"damage":7,"enemies":"Blue Slaver","floor":13,"turns":4},{"damage":11,"enemies":"Exordium Thugs","floor":14,"turns":4},{"damage":76,"enemies":"Slime Boss","floor":16,"turns":16},{"damage":14,"enemies":"Chosen","floor":18,"turns":6},{"damage":30,"enemies":"2 Thieves","floor":21,"turns":4},{"damage":50,"enemies":"Centurion and Healer","floor":23,"turns":7}],"seed_played":"7188930029897178787","potions_obtained":[{"floor":3,"key":"FearPotion"},{"floor":6,"key":"BloodPotion"},{"floor":13,"key":"Ancient Potion"}],"is_trial":false,"path_per_floor":["M","$","M","$","?","E","R","M","T","?","M","?","M","M","R","B",null,"M","?","?","M","T","M"],"character_chosen":"IRONCLAD","items_purchased":[],"campfire_rested":2,"item_purchase_floors":[],"current_hp_per_floor":[80,80,72,72,72,19,43,56,56,56,61,61,60,55,79,9,80,72,72,72,48,48,0],"gold":389,"neow_bonus":"TRANSFORM_CARD","is_prod":false,"is_daily":false,"chose_seed":false,"campfire_upgraded":0,"win_rate":0,"timestamp":1544967751,"path_taken":["M","$","M","$","?","E","R","?","T","?","?","?","M","M","R","BOSS","M","?","?","M","?","M"],"build_version":"2018-12-13","purchased_purges":0,"victory":false,"max_hp_per_floor":[80,80,80,80,80,80,80,80,80,80,80,80,80,80,80,80,80,80,80,80,80,80,80],"card_choices":[{"not_picked":["Body Slam","Havoc"],"picked":"Feel No Pain","floor":1},{"not_picked":["Thunderclap","Whirlwind","Body Slam"],"picked":"SKIP","floor":3},{"not_picked":["Sword Boomerang","Rampage"],"picked":"Ghostly Armor","floor":6},{"not_picked":["Thunderclap","Flex","Hemokinesis"],"picked":"SKIP","floor":8},{"not_picked":["Flex","Pommel Strike"],"picked":"Offering","floor":11},{"not_picked":["Thunderclap","Heavy Blade"],"picked":"Infernal Blade","floor":13},{"not_picked":["Headbutt","Body Slam"],"picked":"Hemokinesis","floor":14},{"not_picked":["Brutality","Feed"],"picked":"Demon Form","floor":16},{"not_picked":["Sword Boomerang","Warcry+1","Headbutt"],"picked":"SKIP","floor":18},{"not_picked":["Sword Boomerang","Twin Strike"],"picked":"Cleave+1","floor":21}],"player_experience":194759,"relics_obtained":[{"floor":6,"key":"Whetstone"},{"floor":9,"key":"Smiling Mask"},{"floor":22,"key":"Self Forming Clay"}],"event_choices":[{"damage_healed":0,"gold_gain":0,"player_choice":"Bought 0 Potions","damage_taken":0,"max_hp_gain":0,"max_hp_loss":0,"event_name":"The Woman in Blue","floor":5,"gold_loss":0},{"damage_healed":0,"gold_gain":0,"player_choice":"Trade","damage_taken":0,"relics_obtained":["CultistMask"],"max_hp_gain":0,"max_hp_loss":0,"event_name":"FaceTrader","floor":10,"gold_loss":0},{"cards_removed":["Flame Barrier"],"damage_healed":0,"gold_gain":0,"player_choice":"Purged","damage_taken":0,"max_hp_gain":0,"max_hp_loss":0,"event_name":"Purifier","floor":12,"gold_loss":0},{"damage_healed":0,"gold_gain":0,"player_choice":"Smashed Altar","damage_taken":0,"max_hp_gain":0,"max_hp_loss":0,"event_name":"Forgotten Altar","floor":19,"gold_loss":0,"cards_obtained":["Decay"]},{"damage_healed":0,"gold_gain":0,"player_choice":"Ignored","damage_taken":0,"max_hp_gain":0,"max_hp_loss":0,"event_name":"Vampires","floor":20,"gold_loss":0}],"is_beta":false,"boss_relics":[{"not_picked":["Busted Crown","Philosopher\u0027s Stone"],"picked":"Sozu"}],"items_purged_floors":[],"is_endless":false,"potions_floor_spawned":[3,6,13],"killed_by":"Centurion and Healer","ascension_level":0}