{"gold_per_floor":[110,121,46,46,63,63,40,40,67,67,87,87,113,133,133,235,235,250,5,25,25],"floor_reached":21,"playtime":1458,"items_purged":["Strike_R","Strike_R"],"score":197,"play_id":"aa4b0578-d721-4ca6-bbda-bda274e077f9","local_time":"20181229223609","is_ascension_mode":true,"campfire_choices":[{"data":"Twin Strike","floor":6,"key":"SMITH"},{"data":"True Grit","floor":8,"key":"SMITH"},{"floor":10,"key":"REST"},{"data":"Clash","floor":12,"key":"SMITH"},{"data":"Sword Boomerang","floor":15,"key":"SMITH"}],"neow_cost":"NONE","seed_source_timestamp":690517241765639,"circlet_count":0,"master_deck":["Strike_R","Strike_R","Strike_R","Defend_R","Defend_R","Defend_R","Defend_R","Thunderclap","Twin Strike+1","True Grit+1","Clash+1","Sword Boomerang+1","Double Tap","Twin Strike+1","Clash+1"],"relics":["Burning Blood","Dream Catcher","Orichalcum","Eternal Feather","Membership Card"],"potions_floor_usage":[16],"damage_taken":[{"damage":11,"enemies":"Jaw Worm","floor":1,"turns":8},{"damage":10,"enemies":"Small Slimes","floor":2,"turns":6},{"damage":2,"enemies":"2 Louse","floor":5,"turns":3},{"damage":7,"enemies":"Exordium Wildlife","floor":11,"turns":5},{"damage":17,"enemies":"Lagavulin","floor":13,"turns":5},{"damage":8,"enemies":"Blue Slaver","floor":14,"turns":2},{"damage":52,"enemies":"The Guardian","floor":16,"turns":9},{"damage":16,"enemies":"Shell Parasite","floor":18,"turns":4},{"damage":19,"enemies":"Spheric Guardian","floor":20,"turns":4},{"damage":63,"enemies":"Snecko","floor":21,"turns":6}],"seed_played":"-1426572529465791217","potions_obtained":[{"floor":5,"key":"Block Potion"},{"floor":13,"key":"Ancient Potion"},{"floor":14,"key":"BloodPotion"},{"floor":16,"key":"Dexterity Potion"}],"is_trial":false,"path_per_floor":["M","M","$","?","M","R","$","R","T","R","M","R","E","M","R","B",null,"M","$","M","M"],"character_chosen":"IRONCLAD","items_purchased":["True Grit","Membership Card"],"campfire_rested":1,"item_purchase_floors":[7,19],"current_hp_per_floor":[75,71,71,76,80,80,80,80,80,85,84,84,73,71,71,25,85,75,75,62,0],"gold":25,"neow_bonus":"REMOVE_CARD","is_prod":false,"is_daily":false,"chose_seed":false,"campfire_upgraded":4,"win_rate":0,"timestamp":1546135569,"path_taken":["M","M","$","?","M","R","$","R","T","R","M","R","E","M","R","BOSS","M","$","M","M"],"build_version":"2018-12-20","purchased_purges":2,"victory":false,"max_hp_per_floor":[80,80,80,85,85,85,85,85,85,85,85,85,85,85,85,85,85,85,85,85,85],"card_choices":[{"not_picked":["Clothesline","Havoc","Uppercut"],"picked":"SKIP","floor":1},{"not_picked":["Flex","Dropkick"],"picked":"Thunderclap","floor":2},{"not_picked":["Flex","Perfected Strike"],"picked":"Twin Strike","floor":5},{"not_picked":["Headbutt","Twin Strike"],"picked":"Clash","floor":10},{"not_picked":["Corruption","Flex","Thunderclap"],"picked":"SKIP","floor":11},{"not_picked":["Corruption","Flex","Thunderclap"],"picked":"SKIP","floor":11},{"not_picked":["Intimidate","Uppercut","Headbutt"],"picked":"SKIP","floor":13},{"not_picked":["Feed","Intimidate"],"picked":"Sword Boomerang","floor":14},{"not_picked":["Limit Break","Juggernaut"],"picked":"Double Tap","floor":16},{"not_picked":["Shrug It Off","True Grit"],"picked":"Twin Strike+1","floor":18},{"not_picked":["Hemokinesis","Cleave"],"picked":"Clash+1","floor":20}],"player_experience":109843,"relics_obtained":[{"floor":9,"key":"Dream Catcher"},{"floor":13,"key":"Orichalcum"}],"event_choices":[{"damage_healed":0,"gold_gain":0,"player_choice":"Donut","damage_taken":0,"max_hp_gain":5,"max_hp_loss":0,"event_name":"Big Fish","floor":4,"gold_loss":0}],"is_beta":false,"boss_relics":[{"not_picked":["Sozu","Runic Dome"],"picked":"Eternal Feather"}],"items_purged_floors":[3,19],"is_endless":false,"potions_floor_spawned":[5,13,14,16,20],"killed_by":"Snecko","ascension_level":2}