{"gold_per_floor":[113,113,113,63,63,63,81,6,6,36,36,55,55,84,84,185,185,196,196,270,281,201,201,220,254,254,254,36,236,0,20,20,123,123,142,40,53,153,169,169,169,182,182,198,89,89],"floor_reached":46,"playtime":1252,"items_purged":["Strike_R","Strike_R","Defend_R+1","Strike_R+1","Strike_R+1"],"score":484,"play_id":"640fd2d0-f1e6-4877-b367-10158a486728","local_time":"20190125224555","is_ascension_mode":false,"campfire_choices":[{"data":"Rampage","floor":11,"key":"SMITH"},{"data":"Defend_R","floor":13,"key":"SMITH"},{"data":"Defend_R","floor":15,"key":"SMITH"},{"data":"Bash","floor":23,"key":"SMITH"},{"data":"Defend_R","floor":27,"key":"SMITH"},{"floor":32,"key":"REST"},{"floor":40,"key":"REST"}],"neow_cost":"NONE","seed_source_timestamp":535783870983557,"circlet_count":0,"master_deck":["Defend_R+1","Defend_R+1","Bash+1","Rampage+1","Flex+1"],"relics":["Burning Blood","NeowsBlessing","Omamori","Ornamental Fan","Dodecahedron","The Courier","Odd Mushroom","Busted Crown","Toxic Egg 2","Blood Vial","Centennial Puzzle","Membership Card","Lantern","Potion Belt","Pen Nib","Champion Belt","Strawberry"],"potions_floor_usage":[14,25,33,46,46,46],"damage_taken":[{"damage":0,"enemies":"Cultist","floor":1,"turns":1},{"damage":0,"enemies":"Jaw Worm","floor":7,"turns":1},{"damage":0,"enemies":"3 Sentries","floor":10,"turns":1},{"damage":5,"enemies":"Small Slimes","floor":12,"turns":3},{"damage":16,"enemies":"The Mushroom Lair","floor":14,"turns":4},{"damage":24,"enemies":"The Guardian","floor":16,"turns":9},{"damage":4,"enemies":"Chosen","floor":18,"turns":4},{"damage":4,"enemies":"3 Byrds","floor":21,"turns":6},{"damage":0,"enemies":"Snecko","floor":24,"turns":4},{"damage":32,"enemies":"Slavers","floor":25,"turns":7},{"damage":6,"enemies":"Shelled Parasite and Fungi","floor":31,"turns":4},{"damage":36,"enemies":"Collector","floor":33,"turns":5},{"damage":9,"enemies":"3 Shapes","floor":35,"turns":5},{"damage":21,"enemies":"Orb Walker","floor":37,"turns":4},{"damage":20,"enemies":"Mind Bloom Boss Battle","floor":38,"turns":5},{"damage":21,"enemies":"Maw","floor":39,"turns":6},{"damage":0,"enemies":"Transient","floor":42,"turns":5},{"damage":7,"enemies":"Writhing Mass","floor":44,"turns":6},{"damage":91,"enemies":"Nemesis","floor":46,"turns":8}],"seed_played":"7278958862662373832","potions_obtained":[{"floor":7,"key":"SpeedPotion"},{"floor":12,"key":"Explosive Potion"},{"floor":16,"key":"FearPotion"},{"floor":18,"key":"Energy Potion"},{"floor":24,"key":"Regen Potion"},{"floor":33,"key":"Strength Potion"},{"floor":39,"key":"Regen Potion"}],"is_trial":false,"path_per_floor":["M","T","?","?","$","?","M","$","T","E","R","M","R","?","R","B",null,"M","?","T","M","$","R","M","E","T","R","$","?","$","M","R","B",null,"M","$","M","?","M","R","?","M","T","M","$","E"],"character_chosen":"IRONCLAD","items_purchased":["Membership Card","PowerPotion","Strength Potion","Lantern","Potion Belt","Pen Nib","Swift Potion","SkillPotion","Flex+1"],"campfire_rested":2,"item_purchase_floors":[28,30,30,30,30,36,36,36,45],"current_hp_per_floor":[80,80,64,64,64,61,67,67,67,73,73,74,74,64,64,46,80,80,80,80,80,80,80,80,68,68,68,68,68,68,70,80,50,80,77,77,64,52,39,63,60,68,75,76,76,0],"gold":89,"neow_bonus":"THREE_ENEMY_KILL","is_prod":false,"is_daily":false,"chose_seed":false,"campfire_upgraded":5,"win_rate":0,"timestamp":1548468955,"path_taken":["M","?","?","?","$","?","M","$","T","E","R","?","R","?","R","BOSS","M","?","?","M","$","R","M","E","T","R","?","?","$","M","R","BOSS","M","$","M","?","M","R","?","?","T","?","$","E"],"build_version":"2019-01-23","purchased_purges":5,"victory":false,"max_hp_per_floor":[80,80,80,80,80,80,80,80,80,80,80,80,80,80,80,80,80,80,80,80,80,80,80,80,80,80,80,80,80,80,80,80,80,80,80,80,80,80,80,80,80,80,87,87,87,87],"card_choices":[{"not_picked":["Clash","Cleave","Flex"],"picked":"SKIP","floor":1},{"not_picked":["Thunderclap","Second Wind"],"picked":"Rampage","floor":7},{"not_picked":["Anger","True Grit","Twin Strike"],"picked":"SKIP","floor":10},{"not_picked":["Body Slam","Flex","Havoc"],"picked":"SKIP","floor":12},{"not_picked":["Pommel Strike"],"picked":"SKIP","floor":18},{"not_picked":["Carnage+1"],"picked":"SKIP","floor":21},{"not_picked":["Pummel"],"picked":"SKIP","floor":24},{"not_picked":["Havoc+1"],"picked":"SKIP","floor":25},{"not_picked":["Body Slam"],"picked":"SKIP","floor":31},{"not_picked":["Sword Boomerang"],"picked":"SKIP","floor":35},{"not_picked":["Iron Wave"],"picked":"SKIP","floor":37},{"not_picked":["Iron Wave+1"],"picked":"SKIP","floor":39},{"not_picked":["Clash"],"picked":"SKIP","floor":42},{"not_picked":["Reckless Charge"],"picked":"SKIP","floor":44}],"player_experience":217149,"relics_obtained":[{"floor":2,"key":"Omamori"},{"floor":9,"key":"Dodecahedron"},{"floor":10,"key":"The Courier"},{"floor":14,"key":"Odd Mushroom"},{"floor":20,"key":"Toxic Egg 2"},{"floor":25,"key":"Blood Vial"},{"floor":26,"key":"Centennial Puzzle"},{"floor":38,"key":"Champion Belt"},{"floor":43,"key":"Strawberry"}],"event_choices":[{"damage_healed":0,"gold_gain":0,"player_choice":"Entered Light","damage_taken":16,"max_hp_gain":0,"max_hp_loss":0,"event_name":"Shining Light","floor":3,"gold_loss":0,"cards_upgraded":["Strike_R","Strike_R"]},{"cards_removed":["Strike_R"],"damage_healed":0,"gold_gain":0,"player_choice":"Card Removal","damage_taken":0,"max_hp_gain":0,"max_hp_loss":0,"event_name":"The Cleric","floor":4,"gold_loss":50},{"damage_healed":0,"gold_gain":0,"player_choice":"Success","damage_taken":3,"relics_obtained":["Ornamental Fan"],"max_hp_gain":0,"max_hp_loss":0,"event_name":"Scrap Ooze","floor":6,"gold_loss":0},{"damage_healed":0,"gold_gain":0,"player_choice":"Fought Mushrooms","damage_taken":0,"max_hp_gain":0,"max_hp_loss":0,"event_name":"Mushrooms","floor":14,"gold_loss":0},{"cards_removed":["Defend_R"],"damage_healed":0,"gold_gain":0,"player_choice":"Elegance","damage_taken":0,"max_hp_gain":0,"max_hp_loss":0,"event_name":"Back to Basics","floor":19,"gold_loss":0},{"damage_healed":0,"gold_gain":200,"player_choice":"Gold","damage_taken":0,"max_hp_gain":0,"max_hp_loss":0,"event_name":"Wheel of Change","floor":29,"gold_loss":0},{"damage_healed":0,"gold_gain":0,"player_choice":"Fight","damage_taken":0,"max_hp_gain":0,"max_hp_loss":0,"event_name":"MindBloom","floor":38,"gold_loss":0},{"damage_healed":0,"gold_gain":0,"player_choice":"Punched","damage_taken":3,"max_hp_gain":0,"max_hp_loss":0,"event_name":"Designer","floor":41,"gold_loss":0}],"is_beta":false,"boss_relics":[{"not_picked":["Pandora\u0027s Box","White Beast Statue"],"picked":"Busted Crown"},{"not_picked":["Empty Cage","Snecko Eye","Sozu"]}],"items_purged_floors":[8,22,28,30,45],"is_endless":false,"potions_floor_spawned":[7,12,16,18,24,33,39,44],"killed_by":"Nemesis","ascension_level":0}