{"gold_per_floor":[13,26,201,276,276,307,320,334,334,334,284,301,301,318,318,415,415,425,965,975,995,995],"floor_reached":22,"playtime":894,"items_purged":[],"score":213,"play_id":"065fb6bf-e9c4-42b8-9d53-db979b0c6063","local_time":"20190120182336","is_ascension_mode":false,"campfire_choices":[{"floor":10,"key":"REST"},{"data":"Cleave","floor":13,"key":"SMITH"},{"data":"Twin Strike","floor":15,"key":"SMITH"}],"neow_cost":"NO_GOLD","seed_source_timestamp":88402443760022,"circlet_count":0,"master_deck":["Strike_R","Strike_R","Strike_R","Defend_R","Defend_R","Defend_R","Defend_R","Bash","Thunderclap","Pommel Strike+1","Twin Strike","Flex","Cleave+1","Pummel","Twin Strike+1","Demon Form","Sword Boomerang","Pummel","Inflame","Rage"],"relics":["Burning Blood","Dream Catcher","Bag of Marbles","Orrery"],"potions_floor_usage":[16,20,20,21,22],"damage_taken":[{"damage":6,"enemies":"Jaw Worm","floor":1,"turns":3},{"damage":0,"enemies":"Small Slimes","floor":2,"turns":3},{"damage":42,"enemies":"Gremlin Nob","floor":6,"turns":5},{"damage":1,"enemies":"Cultist","floor":7,"turns":3},{"damage":5,"enemies":"Looter","floor":8,"turns":3},{"damage":2,"enemies":"Blue Slaver","floor":12,"turns":3},{"damage":6,"enemies":"Lots of Slimes","floor":14,"turns":2},{"damage":28,"enemies":"Slime Boss","floor":16,"turns":9},{"damage":5,"enemies":"Chosen","floor":18,"turns":3},{"damage":15,"enemies":"2 Thieves","floor":20,"turns":3},{"damage":7,"enemies":"Cultist and Chosen","floor":21,"turns":6},{"damage":20,"enemies":"Sentry and Sphere","floor":22,"turns":3}],"seed_played":"4628267227846581793","potions_obtained":[{"floor":2,"key":"Strength Potion"},{"floor":7,"key":"Poison Potion"},{"floor":12,"key":"FearPotion"},{"floor":14,"key":"Block Potion"},{"floor":16,"key":"Dexterity Potion"},{"floor":18,"key":"Explosive Potion"},{"floor":20,"key":"Weak Potion"}],"is_trial":false,"path_per_floor":["M","M","?","?","?","E","M","M","T","R","?","M","R","M","R","B",null,"M","?","M","M","M"],"character_chosen":"IRONCLAD","items_purchased":[],"campfire_rested":1,"item_purchase_floors":[],"current_hp_per_floor":[80,80,80,69,69,33,38,39,39,63,63,67,67,67,67,45,80,80,24,15,14,0],"gold":995,"neow_bonus":"TRANSFORM_TWO_CARDS","is_prod":false,"is_daily":false,"chose_seed":false,"campfire_upgraded":2,"win_rate":0,"timestamp":1548021216,"path_taken":["M","M","?","?","?","E","M","?","T","R","?","M","R","M","R","BOSS","M","?","M","M","?"],"build_version":"2019-01-17v2","purchased_purges":0,"victory":false,"max_hp_per_floor":[80,80,80,80,80,80,80,80,80,80,80,80,80,80,80,80,80,80,80,80,80,80],"card_choices":[{"not_picked":["Whirlwind","Body Slam"],"picked":"Twin Strike","floor":1},{"not_picked":["Warcry","Evolve"],"picked":"Flex","floor":2},{"not_picked":["Iron Wave","Bloodletting","Thunderclap"],"picked":"SKIP","floor":6},{"not_picked":["Body Slam","Barricade"],"picked":"Cleave","floor":7},{"not_picked":["True Grit","Sword Boomerang"],"picked":"Pummel","floor":8},{"not_picked":["Rampage","Carnage"],"picked":"Twin Strike","floor":12},{"not_picked":["Rampage","Body Slam","Thunderclap"],"picked":"SKIP","floor":14},{"not_picked":["Impervious","Double Tap"],"picked":"Demon Form","floor":16},{"not_picked":["Shrug It Off","Second Wind"],"picked":"Sword Boomerang","floor":17},{"not_picked":["Searing Blow","True Grit"],"picked":"Pummel","floor":17},{"not_picked":["Shrug It Off","Rupture"],"picked":"Inflame","floor":18},{"not_picked":["True Grit","Shrug It Off"],"picked":"Rage","floor":20},{"not_picked":["Body Slam","Combust+1","Rampage"],"picked":"SKIP","floor":21}],"player_experience":192751,"relics_obtained":[{"floor":6,"key":"Dream Catcher"},{"floor":9,"key":"Bag of Marbles"}],"event_choices":[{"damage_healed":0,"gold_gain":175,"player_choice":"AGREE","damage_taken":0,"max_hp_gain":0,"max_hp_loss":0,"event_name":"Liars Game","floor":3,"gold_loss":0,"cards_obtained":["Doubt"]},{"damage_healed":0,"gold_gain":75,"player_choice":"Gather Gold","damage_taken":11,"max_hp_gain":0,"max_hp_loss":0,"event_name":"World of Goop","floor":4,"gold_loss":0},{"damage_healed":0,"gold_gain":0,"player_choice":"Forge","damage_taken":0,"max_hp_gain":0,"max_hp_loss":0,"event_name":"Accursed Blacksmith","floor":5,"gold_loss":0,"cards_upgraded":["Pommel Strike"]},{"cards_removed":["Doubt"],"damage_healed":0,"gold_gain":0,"player_choice":"Card Removal","damage_taken":0,"max_hp_gain":0,"max_hp_loss":0,"event_name":"The Cleric","floor":11,"gold_loss":50},{"damage_healed":0,"gold_gain":540,"player_choice":"GOLD GOLD GOLD GOLD GOLD GOLD ","damage_taken":56,"max_hp_gain":0,"max_hp_loss":0,"event_name":"Knowing Skull","floor":19,"potions_obtained":[],"gold_loss":0,"cards_obtained":[]}],"is_beta":false,"boss_relics":[{"not_picked":["Lizard Tail","Ectoplasm"],"picked":"Orrery"}],"items_purged_floors":[],"is_endless":false,"potions_floor_spawned":[2,7,12,14,16,18,20],"killed_by":"Sentry and Sphere","ascension_level":0}