{"gold_per_floor":[367,378,378,392,65,98,113,113,139,195,214,214,214,230,230,334,334,344,619,519,533,545,545,545],"floor_reached":24,"playtime":1692,"items_purged":["Clumsy","Pain"],"score":231,"play_id":"8982588d-47ac-48f0-b67e-9bebbfedfdeb","local_time":"20181229230436","is_ascension_mode":true,"campfire_choices":[{"data":"Anger","floor":8,"key":"SMITH"},{"data":"Cleave","floor":15,"key":"SMITH"},{"floor":23,"key":"REST"}],"neow_cost":"CURSE","seed_source_timestamp":691992140620475,"circlet_count":0,"master_deck":["Strike_R","Strike_R","Strike_R","Strike_R","Strike_R","Defend_R","Defend_R","Defend_R","Defend_R","Bash+1","Anger+1","Cleave+1","Clash","Shrug It Off","Regret"],"relics":["Black Blood","Shuriken","Bag of Preparation","Juzu Bracelet","Tiny Chest","WarpedTongs"],"potions_floor_usage":[13,21,24,24,24],"damage_taken":[{"damage":6,"enemies":"Cultist","floor":1,"turns":4},{"damage":0,"enemies":"Small Slimes","floor":2,"turns":3},{"damage":2,"enemies":"2 Louse","floor":4,"turns":3},{"damage":21,"enemies":"Lagavulin","floor":6,"turns":6},{"damage":18,"enemies":"Large Slime","floor":7,"turns":4},{"damage":14,"enemies":"Gremlin Nob","floor":10,"turns":4},{"damage":0,"enemies":"Exordium Wildlife","floor":11,"turns":2},{"damage":0,"enemies":"Exordium Thugs","floor":13,"turns":1},{"damage":7,"enemies":"Blue Slaver","floor":14,"turns":3},{"damage":47,"enemies":"The Guardian","floor":16,"turns":9},{"damage":20,"enemies":"Shell Parasite","floor":18,"turns":4},{"damage":34,"enemies":"2 Thieves","floor":21,"turns":5},{"damage":41,"enemies":"Shelled Parasite and Fungi","floor":22,"turns":5},{"damage":47,"enemies":"Gremlin Leader","floor":24,"turns":10}],"seed_played":"7540801159611966789","potions_obtained":[{"floor":6,"key":"BloodPotion"},{"floor":10,"key":"Swift Potion"},{"floor":11,"key":"SmokeBomb"},{"floor":18,"key":"SpeedPotion"},{"floor":21,"key":"Energy Potion"}],"is_trial":false,"path_per_floor":["M","M","?","M","$","E","M","R","T","E","M","?","M","M","R","B",null,"M","?","$","M","M","R","E"],"character_chosen":"IRONCLAD","items_purchased":["Shuriken"],"campfire_rested":1,"item_purchase_floors":[5],"current_hp_per_floor":[80,80,80,80,80,65,53,53,53,45,51,51,57,56,56,15,80,70,70,70,46,15,39,0],"gold":545,"neow_bonus":"TWO_FIFTY_GOLD","is_prod":false,"is_daily":false,"chose_seed":false,"campfire_upgraded":2,"win_rate":0,"timestamp":1546137276,"path_taken":["M","?","?","M","$","E","M","R","T","E","M","?","M","M","R","BOSS","M","?","$","M","M","R","E"],"build_version":"2018-12-20","purchased_purges":2,"victory":false,"max_hp_per_floor":[80,80,80,80,80,80,80,80,80,80,80,80,80,80,80,80,80,80,80,80,80,80,80,80],"card_choices":[{"not_picked":["Havoc","Flame Barrier","Metallicize"],"picked":"SKIP","floor":1},{"not_picked":["Warcry","Body Slam"],"picked":"Anger","floor":2},{"not_picked":["Sword Boomerang","Perfected Strike","True Grit"],"picked":"SKIP","floor":4},{"not_picked":["Armaments","Dropkick"],"picked":"Cleave","floor":6},{"not_picked":["Armaments","Heavy Blade","Iron Wave"],"picked":"SKIP","floor":7},{"not_picked":["Immolate","Warcry"],"picked":"Clash","floor":10},{"not_picked":["Ghostly Armor","Armaments"],"picked":"Shrug It Off","floor":11},{"not_picked":["Feel No Pain","Thunderclap","Fire Breathing"],"picked":"SKIP","floor":14},{"not_picked":["Sentinel","Burning Pact","Headbutt"],"picked":"SKIP","floor":18},{"not_picked":["Infernal Blade+1","Havoc","Wild Strike"],"picked":"SKIP","floor":21},{"not_picked":["Body Slam","Cleave","Seeing Red"],"picked":"SKIP","floor":22}],"player_experience":111301,"relics_obtained":[{"floor":6,"key":"Bag of Preparation"},{"floor":9,"key":"Juzu Bracelet"},{"floor":10,"key":"Tiny Chest"}],"event_choices":[{"damage_healed":0,"gold_gain":0,"player_choice":"Upgraded","damage_taken":0,"max_hp_gain":0,"max_hp_loss":0,"event_name":"Upgrade Shrine","floor":3,"gold_loss":0,"cards_upgraded":["Bash"]},{"damage_healed":0,"gold_gain":0,"player_choice":"Rummage","damage_taken":0,"relics_obtained":["WarpedTongs"],"max_hp_gain":0,"max_hp_loss":0,"event_name":"Accursed Blacksmith","floor":12,"gold_loss":0,"cards_obtained":["Pain"]},{"damage_healed":0,"gold_gain":275,"player_choice":"Desecrate","damage_taken":0,"max_hp_gain":0,"max_hp_loss":0,"event_name":"Golden Shrine","floor":19,"gold_loss":0,"cards_obtained":["Regret"]}],"is_beta":false,"boss_relics":[{"not_picked":["Cursed Key","Velvet Choker"],"picked":"Black Blood"}],"items_purged_floors":[5,20],"is_endless":false,"potions_floor_spawned":[6,10,11,13,18,21],"killed_by":"Gremlin Leader","ascension_level":2}