{"gold_per_floor":[110,129,129,142,157,157,187,187,187,207,237,252,262,35,35,139,139,150,150,150,150,2,2,36,36,36,36,67,97,109,131,143,257,269,295,318,348,116,132,132,146,175,199,215,215,215],"floor_reached":46,"playtime":2255,"items_purged":["Defend_B","Parasite"],"score":527,"play_id":"ab3de768-9c09-4f49-8ff1-55b863054cb5","local_time":"20190108220821","is_ascension_mode":true,"campfire_choices":[{"data":"Auto Shields","floor":6,"key":"SMITH"},{"floor":8,"key":"REST"},{"floor":15,"key":"REST"},{"data":"Storm","floor":23,"key":"SMITH"},{"floor":25,"key":"REST"},{"floor":30,"key":"REST"},{"floor":32,"key":"REST"},{"floor":40,"key":"REST"},{"floor":45,"key":"REST"}],"neow_cost":"NONE","seed_source_timestamp":37010101556745,"circlet_count":0,"master_deck":["Zap","Dualcast","Ball Lightning","Go for the Eyes","Auto Shields+1","Redo","Steam","Hologram","Leap","Storm+1","Conserve Battery","Biased Cognition","Creative AI","Streamline","Defragment","Seek","Chaos","Blizzard+1","Force Field","Heatsinks","Aggregate","RitualDagger","Capacitor","Conserve Battery","Fission","Cold Snap+1","Stack+1","Conserve Battery+1","Melter+1"],"relics":["Cracked Core","Art of War","Meat on the Bone","Shuriken","Bag of Marbles","Pandora\u0027s Box","Lantern","Matryoshka","Kunai","Sundial","MawBank","Busted Crown","Whetstone","Dream Catcher","Omamori","PreservedInsect"],"potions_floor_usage":[18,33,33],"damage_taken":[{"damage":4,"enemies":"Small Slimes","floor":1,"turns":3},{"damage":0,"enemies":"Cultist","floor":2,"turns":3},{"damage":0,"enemies":"2 Louse","floor":4,"turns":2},{"damage":2,"enemies":"Blue Slaver","floor":5,"turns":3},{"damage":19,"enemies":"3 Sentries","floor":7,"turns":7},{"damage":8,"enemies":"Gremlin Gang","floor":10,"turns":3},{"damage":21,"enemies":"Lagavulin","floor":11,"turns":9},{"damage":3,"enemies":"3 Louse","floor":12,"turns":3},{"damage":0,"enemies":"2 Fungi Beasts","floor":13,"turns":3},{"damage":40,"enemies":"The Guardian","floor":16,"turns":10},{"damage":1,"enemies":"Shell Parasite","floor":18,"turns":4},{"damage":15,"enemies":"Colosseum Slavers","floor":21,"turns":5},{"damage":55,"enemies":"Slavers","floor":24,"turns":6},{"damage":8,"enemies":"Book of Stabbing","floor":28,"turns":5},{"damage":10,"enemies":"Spheric Guardian","floor":29,"turns":3},{"damage":28,"enemies":"3 Cultists","floor":31,"turns":5},{"damage":42,"enemies":"Automaton","floor":33,"turns":10},{"damage":15,"enemies":"Orb Walker","floor":35,"turns":3},{"damage":34,"enemies":"3 Shapes","floor":36,"turns":4},{"damage":12,"enemies":"Writhing Mass","floor":37,"turns":5},{"damage":34,"enemies":"Jaw Worm Horde","floor":39,"turns":5},{"damage":12,"enemies":"Sphere and 2 Shapes","floor":41,"turns":4},{"damage":34,"enemies":"Giant Head","floor":42,"turns":12},{"damage":22,"enemies":"Spire Growth","floor":44,"turns":4},{"damage":52,"enemies":"Reptomancer","floor":46,"turns":3}],"seed_played":"-4518461179373401758","potions_obtained":[{"floor":4,"key":"Fire Potion"},{"floor":10,"key":"SteroidPotion"},{"floor":13,"key":"Strength Potion"},{"floor":18,"key":"Fruit Juice"},{"floor":28,"key":"GamblersBrew"},{"floor":33,"key":"Fruit Juice"},{"floor":35,"key":"Swift Potion"}],"is_trial":false,"path_per_floor":["M","M","?","M","M","R","E","R","T","M","E","M","M","$","R","B",null,"M","?","?","?","$","R","E","R","T","?","E","M","R","M","R","B",null,"M","M","M","$","M","R","M","E","T","M","R","E"],"character_chosen":"DEFECT","items_purchased":["Bag of Marbles","Lantern","Whetstone"],"campfire_rested":7,"item_purchase_floors":[14,22,38],"current_hp_per_floor":[71,71,71,71,69,69,50,72,72,64,43,40,40,40,62,34,75,79,79,79,64,64,64,21,45,45,39,43,45,69,41,65,40,85,70,48,48,48,26,50,50,28,28,18,42,0],"gold":215,"neow_bonus":"THREE_CARDS","is_prod":false,"is_daily":false,"chose_seed":false,"campfire_upgraded":2,"win_rate":0,"timestamp":1546981701,"path_taken":["M","M","?","M","M","R","E","R","T","M","E","M","M","$","R","BOSS","M","?","?","?","$","R","E","R","T","?","E","?","R","M","R","BOSS","M","M","M","$","?","R","M","E","T","M","R","E"],"build_version":"2019-01-03v4","purchased_purges":2,"victory":false,"max_hp_per_floor":[75,75,75,75,75,75,75,75,75,75,75,75,75,75,75,75,75,80,80,80,80,80,80,80,80,80,80,80,80,80,80,80,85,85,85,85,85,82,82,82,82,82,82,82,82,82],"card_choices":[{"not_picked":["Turbo","Stack"],"picked":"Ball Lightning","floor":0},{"not_picked":["Ball Lightning","Doom and Gloom"],"picked":"Go for the Eyes","floor":1},{"not_picked":["Double Energy","Sweeping Beam","Turbo"],"picked":"SKIP","floor":2},{"not_picked":["Aggregate","Gash"],"picked":"Redo","floor":4},{"not_picked":["Hologram","Ball Lightning"],"picked":"Steam","floor":5},{"not_picked":["Sweeping Beam","Recycle"],"picked":"Hologram","floor":7},{"not_picked":["Glacier","Steam"],"picked":"Leap","floor":10},{"not_picked":["Hologram","Steam Power"],"picked":"Storm","floor":11},{"not_picked":["Steam","Ball Lightning"],"picked":"Conserve Battery","floor":12},{"not_picked":["Ball Lightning","Sweeping Beam"],"picked":"Biased Cognition","floor":13},{"not_picked":["Amplify","Meteor Strike"],"picked":"Creative AI","floor":16},{"not_picked":["Rebound","Sweeping Beam"],"picked":"Heatsinks","floor":18},{"not_picked":["Rip and Tear+1","Heatsinks+1"],"picked":"Aggregate","floor":24},{"not_picked":["Defragment","Leap"],"picked":"Capacitor","floor":28},{"not_picked":["Glacier","Auto Shields"],"picked":"Conserve Battery","floor":29},{"not_picked":["Turbo","Compile Driver","Skim"],"picked":"SKIP","floor":31},{"not_picked":["Biased Cognition","Machine Learning"],"picked":"Fission","floor":33},{"not_picked":[],"picked":"Cold Snap","floor":35},{"not_picked":[],"picked":"Stack+1","floor":36},{"not_picked":[],"picked":"Conserve Battery+1","floor":37},{"not_picked":["Barrage+1"],"picked":"SKIP","floor":39},{"not_picked":[],"picked":"Melter+1","floor":41},{"not_picked":["Heatsinks"],"picked":"SKIP","floor":42},{"not_picked":["Scrape+1"],"picked":"SKIP","floor":44}],"player_experience":150939,"relics_obtained":[{"floor":7,"key":"Art of War"},{"floor":9,"key":"Meat on the Bone"},{"floor":11,"key":"Shuriken"},{"floor":24,"key":"Matryoshka"},{"floor":26,"key":"Kunai"},{"floor":26,"key":"Sundial"},{"floor":28,"key":"MawBank"},{"floor":42,"key":"Dream Catcher"},{"floor":43,"key":"Omamori"},{"floor":43,"key":"PreservedInsect"}],"event_choices":[{"damage_healed":0,"gold_gain":0,"player_choice":"1 cards matched","damage_taken":0,"max_hp_gain":0,"max_hp_loss":0,"event_name":"Match and Keep!","floor":3,"gold_loss":0,"cards_obtained":["Auto Shields"]},{"cards_removed":["Sweeping Beam"],"damage_healed":0,"gold_gain":0,"player_choice":"Elegance","damage_taken":0,"max_hp_gain":0,"max_hp_loss":0,"event_name":"Back to Basics","floor":19,"gold_loss":0},{"damage_healed":0,"gold_gain":0,"player_choice":"Ignored","damage_taken":0,"max_hp_gain":0,"max_hp_loss":0,"event_name":"Ghosts","floor":20,"gold_loss":0},{"damage_healed":0,"gold_gain":0,"player_choice":"Fight","damage_taken":0,"max_hp_gain":0,"max_hp_loss":0,"event_name":"Colosseum","floor":21,"gold_loss":0},{"damage_healed":0,"gold_gain":0,"player_choice":"Fled From Nobs","damage_taken":0,"max_hp_gain":0,"max_hp_loss":0,"event_name":"Colosseum","floor":21,"gold_loss":0},{"damage_healed":0,"gold_gain":0,"player_choice":"Joined the Cult","damage_taken":6,"max_hp_gain":0,"max_hp_loss":0,"event_name":"Nest","floor":27,"gold_loss":0,"cards_obtained":["RitualDagger"]}],"is_beta":false,"boss_relics":[{"not_picked":["Black Star","Fusion Hammer"],"picked":"Pandora\u0027s Box"},{"not_picked":["Tiny House","Snecko Eye"],"picked":"Busted Crown"}],"items_purged_floors":[14,38],"is_endless":false,"potions_floor_spawned":[4,10,13,16,18,28,33,35,36,42],"killed_by":"Reptomancer","ascension_level":1}