{"gold_per_floor":[116,116,116,116,81,81,112,112,163,197,209,125,125,50,50,127,127,142,0,15,26,26],"floor_reached":22,"playtime":543,"items_purged":["Rupture"],"score":444,"play_id":"28146eef-d629-45f7-a344-cda002d1cbdc","local_time":"20181230043800","is_ascension_mode":true,"campfire_choices":[{"data":"Bash","floor":6,"key":"SMITH"},{"data":"Uppercut","floor":8,"key":"SMITH"},{"data":"Searing Blow","floor":13,"key":"SMITH"},{"data":"Searing Blow+1","floor":15,"key":"SMITH"}],"neow_cost":"NONE","seed_source_timestamp":1918816049699273,"circlet_count":0,"master_deck":["AscendersBane","Strike_R+1","Strike_R","Strike_R","Strike_R","Defend_R","Defend_R+1","Defend_R","Defend_R","Bash+1","Thunderclap","Uppercut+1","Searing Blow+2","Double Tap","Warcry+1"],"relics":["Burning Blood","NeowsBlessing","Potion Belt","Ancient Tea Set","Bronze Scales","White Beast Statue"],"potions_floor_usage":[16,21],"damage_taken":[{"damage":0,"enemies":"Small Slimes","floor":1,"turns":1},{"damage":0,"enemies":"Gremlin Nob","floor":7,"turns":1},{"damage":0,"enemies":"Lagavulin","floor":10,"turns":1},{"damage":6,"enemies":"2 Louse","floor":11,"turns":2},{"damage":34,"enemies":"Slime Boss","floor":16,"turns":6},{"damage":19,"enemies":"3 Byrds","floor":18,"turns":4},{"damage":36,"enemies":"Shell Parasite","floor":20,"turns":6},{"damage":18,"enemies":"Snake Plant","floor":21,"turns":2},{"damage":17,"enemies":"3 Cultists","floor":22,"turns":3}],"seed_played":"-8161081305225253475","potions_obtained":[{"floor":11,"key":"Poison Potion"},{"floor":18,"key":"GamblersBrew"},{"floor":20,"key":"SneckoOil"},{"floor":21,"key":"Strength Potion"}],"is_trial":false,"path_per_floor":["M","?","?","?","?","R","E","R","T","E","M","$","R","$","R","B",null,"M","?","M","M","M"],"character_chosen":"IRONCLAD","items_purchased":["Double Tap"],"campfire_rested":0,"item_purchase_floors":[12],"current_hp_per_floor":[74,51,51,51,69,69,75,75,75,75,75,75,75,75,75,47,68,55,55,25,13,0],"gold":26,"neow_bonus":"THREE_ENEMY_KILL","is_prod":false,"is_daily":false,"chose_seed":false,"campfire_upgraded":4,"win_rate":0,"timestamp":1546141080,"path_taken":["M","?","?","?","?","R","E","R","T","E","M","$","R","$","R","BOSS","M","?","M","M","M"],"build_version":"2018-12-20","purchased_purges":1,"victory":false,"max_hp_per_floor":[75,75,75,75,75,75,75,75,75,75,75,75,75,75,75,75,75,75,75,75,75,75],"card_choices":[{"not_picked":["True Grit","Warcry","Battle Trance"],"picked":"SKIP","floor":1},{"not_picked":["Thunderclap","Warcry"],"picked":"Uppercut","floor":7},{"not_picked":["Headbutt","Evolve"],"picked":"Rupture","floor":10},{"not_picked":["Battle Trance","Shockwave"],"picked":"Searing Blow","floor":11},{"not_picked":["Headbutt","Uppercut","Havoc"],"picked":"SKIP","floor":18},{"not_picked":["Dual Wield","Wild Strike+1","Infernal Blade"],"picked":"SKIP","floor":20},{"not_picked":["Reckless Charge","Sword Boomerang"],"picked":"Warcry+1","floor":21}],"player_experience":639589,"relics_obtained":[{"floor":7,"key":"Potion Belt"},{"floor":9,"key":"Ancient Tea Set"},{"floor":10,"key":"Bronze Scales"}],"event_choices":[{"damage_healed":0,"gold_gain":0,"player_choice":"Entered Light","damage_taken":23,"max_hp_gain":0,"max_hp_loss":0,"event_name":"Shining Light","floor":2,"gold_loss":0,"cards_upgraded":["Strike_R","Defend_R"]},{"damage_healed":0,"gold_gain":0,"cards_transformed":["Strike_R"],"player_choice":"Change","damage_taken":0,"max_hp_gain":0,"max_hp_loss":0,"event_name":"Living Wall","floor":3,"gold_loss":0,"cards_obtained":["Thunderclap"]},{"damage_healed":0,"gold_gain":0,"player_choice":"Ignored","damage_taken":0,"max_hp_gain":0,"max_hp_loss":0,"event_name":"Liars Game","floor":4,"gold_loss":0},{"damage_healed":18,"gold_gain":0,"player_choice":"Healed","damage_taken":0,"max_hp_gain":0,"max_hp_loss":0,"event_name":"The Cleric","floor":5,"gold_loss":35},{"damage_healed":0,"gold_gain":0,"player_choice":"Paid Fearfully","damage_taken":0,"max_hp_gain":0,"max_hp_loss":0,"event_name":"Masked Bandits","floor":19,"gold_loss":142}],"is_beta":false,"boss_relics":[{"not_picked":["Black Star","Fusion Hammer"],"picked":"White Beast Statue"}],"items_purged_floors":[14],"is_endless":false,"potions_floor_spawned":[11,18,20,21],"killed_by":"3 Cultists","ascension_level":17}