{"gold_per_floor":[112,112,112,112,112,138,138,150,150,150,164,192,192,219,219,320,320,334,177,177,191,191,191,201,246,246,28,28,28,28,38,38,133,183,201,201,145,155,155],"floor_reached":39,"playtime":1224,"items_purged":["Normality"],"score":596,"play_id":"720e9ffa-f6ee-46d0-b785-4b2017dfa822","local_time":"20181228142700","is_ascension_mode":true,"campfire_choices":[{"data":"Twin Strike","floor":7,"key":"SMITH"},{"data":"Pommel Strike","floor":10,"key":"SMITH"},{"floor":13,"key":"REST"},{"floor":15,"key":"REST"},{"data":"Immolate","floor":23,"key":"SMITH"},{"data":"Pummel","floor":30,"key":"SMITH"},{"floor":32,"key":"REST"}],"neow_cost":"NONE","seed_source_timestamp":616617209495613,"circlet_count":0,"master_deck":["Strike_R","Strike_R","Strike_R+1","Strike_R+1","Strike_R","Defend_R+1","Defend_R","Defend_R","Defend_R","Bash+1","Twin Strike+1","Pommel Strike+1","Pummel+1","Twin Strike","Immolate+1","Decay","Shrug It Off","Inflame","Bludgeon","Perfected Strike","Spot Weakness","Exhume","Parasite"],"relics":["Burning Blood","NeowsBlessing","Paper Frog","Pantograph","Singing Bowl","Odd Mushroom","Dream Catcher","Cursed Key","Anchor","Nilry\u0027s Codex","Ancient Tea Set","The Courier","ClockworkSouvenir","PreservedInsect","Tiny House"],"potions_floor_usage":[12,14,24,33,38,39,39,39],"damage_taken":[{"damage":0,"enemies":"Small Slimes","floor":1,"turns":1},{"damage":0,"enemies":"Lagavulin","floor":6,"turns":1},{"damage":0,"enemies":"2 Louse","floor":8,"turns":1},{"damage":7,"enemies":"Jaw Worm","floor":11,"turns":2},{"damage":26,"enemies":"The Mushroom Lair","floor":12,"turns":4},{"damage":30,"enemies":"3 Sentries","floor":14,"turns":7},{"damage":26,"enemies":"Slime Boss","floor":16,"turns":8},{"damage":23,"enemies":"2 Thieves","floor":18,"turns":4},{"damage":4,"enemies":"3 Byrds","floor":21,"turns":4},{"damage":0,"enemies":"Snake Plant","floor":24,"turns":2},{"damage":27,"enemies":"Shelled Parasite and Fungi","floor":31,"turns":4},{"damage":60,"enemies":"Champ","floor":33,"turns":8},{"damage":21,"enemies":"3 Darklings","floor":35,"turns":3},{"damage":12,"enemies":"Orb Walker","floor":38,"turns":3},{"damage":99,"enemies":"Writhing Mass","floor":39,"turns":4}],"seed_played":"8770583067171234334","potions_obtained":[{"floor":1,"key":"Weak Potion"},{"floor":11,"key":"SneckoOil"},{"floor":12,"key":"FearPotion"},{"floor":14,"key":"EssenceOfSteel"},{"floor":18,"key":"Fire Potion"},{"floor":21,"key":"Strength Potion"},{"floor":24,"key":"Swift Potion"},{"floor":34,"key":"SneckoOil"},{"floor":38,"key":"Fruit Juice"}],"is_trial":false,"path_per_floor":["M","?","?","$","?","E","R","M","T","R","M","?","R","E","R","B",null,"M","$","?","M","$","R","M","T","T","$","?","$","R","M","R","B",null,"M","?","$","M","M"],"character_chosen":"IRONCLAD","items_purchased":["Anchor","ClockworkSouvenir","Spot Weakness"],"campfire_rested":3,"item_purchase_floors":[19,27,37],"current_hp_per_floor":[78,78,62,62,50,56,56,62,62,62,63,43,67,43,69,64,79,64,64,48,52,52,52,60,60,60,60,60,60,60,39,66,36,84,69,69,69,63,0],"gold":155,"neow_bonus":"THREE_ENEMY_KILL","is_prod":false,"is_daily":false,"chose_seed":false,"campfire_upgraded":4,"win_rate":0,"timestamp":1546003620,"path_taken":["M","?","?","$","?","E","R","M","T","R","M","?","R","E","R","BOSS","M","$","?","M","?","R","M","?","T","$","?","?","R","M","R","BOSS","M","?","$","M","?"],"build_version":"2018-12-20","purchased_purges":1,"victory":false,"max_hp_per_floor":[80,80,80,80,80,80,80,80,80,80,82,82,82,82,84,84,84,86,86,86,88,88,88,90,90,90,90,90,90,90,90,90,90,97,97,97,97,97,102],"card_choices":[{"not_picked":["Searing Blow","Headbutt"],"picked":"Twin Strike","floor":1},{"not_picked":["Armaments","Rage","Blood for Blood"],"picked":"SKIP","floor":6},{"not_picked":["Armaments","Battle Trance"],"picked":"Pommel Strike","floor":8},{"not_picked":["Dark Embrace","Rampage","Corruption"],"picked":"Singing Bowl","floor":11},{"not_picked":["Twin Strike","Cleave"],"picked":"Pummel","floor":12},{"not_picked":["Clothesline","Offering"],"picked":"Twin Strike","floor":14},{"not_picked":["Body Slam","Warcry","Pommel Strike"],"picked":"Singing Bowl","floor":15},{"not_picked":["Limit Break","Juggernaut"],"picked":"Immolate","floor":16},{"not_picked":["Pommel Strike","Armaments","Hemokinesis"],"picked":"Singing Bowl","floor":18},{"not_picked":["Sword Boomerang+1","Flex+1","Sentinel+1"],"picked":"Singing Bowl","floor":21},{"not_picked":["Headbutt+1","Anger","Iron Wave"],"picked":"Singing Bowl","floor":24},{"not_picked":["Body Slam+1","Double Tap"],"picked":"Shrug It Off","floor":31},{"not_picked":["Headbutt","Rage+1"],"picked":"Inflame","floor":32},{"not_picked":["Reaper","Brutality"],"picked":"Bludgeon","floor":33},{"not_picked":["Twin Strike","Cleave","Havoc+1"],"picked":"Singing Bowl","floor":34},{"not_picked":["Sentinel+1","Battle Trance+1"],"picked":"Perfected Strike","floor":35},{"not_picked":["Clash+1","Iron Wave+1"],"picked":"Exhume","floor":38}],"player_experience":237972,"relics_obtained":[{"floor":6,"key":"Pantograph"},{"floor":9,"key":"Singing Bowl"},{"floor":12,"key":"Odd Mushroom"},{"floor":14,"key":"Dream Catcher"},{"floor":20,"key":"Nilry\u0027s Codex"},{"floor":25,"key":"Ancient Tea Set"},{"floor":26,"key":"The Courier"}],"event_choices":[{"damage_healed":0,"gold_gain":0,"player_choice":"Grow","damage_taken":0,"max_hp_gain":0,"max_hp_loss":0,"event_name":"Living Wall","floor":2,"gold_loss":0,"cards_upgraded":["Bash"]},{"damage_healed":0,"gold_gain":0,"player_choice":"Entered Light","damage_taken":16,"max_hp_gain":0,"max_hp_loss":0,"event_name":"Shining Light","floor":3,"gold_loss":0,"cards_upgraded":["Strike_R","Strike_R"]},{"damage_healed":0,"gold_gain":0,"player_choice":"Success","damage_taken":12,"relics_obtained":["Paper Frog"],"max_hp_gain":0,"max_hp_loss":0,"event_name":"Scrap Ooze","floor":5,"gold_loss":0},{"damage_healed":0,"gold_gain":0,"player_choice":"Fought Mushrooms","damage_taken":0,"max_hp_gain":0,"max_hp_loss":0,"event_name":"Mushrooms","floor":12,"gold_loss":0},{"damage_healed":0,"gold_gain":0,"player_choice":"Obtained Book","damage_taken":16,"max_hp_gain":0,"max_hp_loss":0,"event_name":"Cursed Tome","floor":20,"gold_loss":0},{"damage_healed":0,"gold_gain":0,"player_choice":"Opened","damage_taken":0,"relics_obtained":["PreservedInsect"],"max_hp_gain":0,"max_hp_loss":0,"event_name":"The Mausoleum","floor":28,"gold_loss":0},{"damage_healed":0,"gold_gain":0,"player_choice":"0 cards matched","damage_taken":0,"max_hp_gain":0,"max_hp_loss":0,"event_name":"Match and Keep!","floor":36,"gold_loss":0,"cards_obtained":[]}],"is_beta":false,"boss_relics":[{"not_picked":["Ectoplasm","Mark of Pain"],"picked":"Cursed Key"},{"not_picked":["Pandora\u0027s Box","Philosopher\u0027s Stone"],"picked":"Tiny House"}],"items_purged_floors":[27],"is_endless":false,"potions_floor_spawned":[1,11,12,14,18,21,24,38],"killed_by":"Writhing Mass","ascension_level":8}