{"path_per_floor":["M","M","?","M","M","E","M","E","T","M","M","?","R","M","R","B",null,"M","$","M","M","?","E","R","E","T","R","?","M","T","M","R","B",null,"M","M","M"],"character_chosen":"IRONCLAD","items_purchased":["Bottled Lightning","Dual Wield"],"gold_per_floor":[112,127,77,91,102,134,152,185,185,200,212,212,212,225,225,328,328,344,26,45,59,159,192,192,220,220,220,220,235,260,276,276,377,377,394,411,427],"floor_reached":38,"campfire_rested":3,"playtime":19913,"current_hp_per_floor":[80,77,77,71,60,51,57,48,48,54,55,39,39,45,69,51,80,68,68,55,40,40,39,39,15,15,39,39,34,34,40,79,41,80,79,70,11],"items_purged":[],"gold":427,"play_id":"0a5dcb49-6a69-43c6-b801-2a5791cfd6dc","is_prod":false,"is_daily":false,"campfire_rituals":0,"campfire_upgraded":2,"is_hardmode":false,"path_taken":["M","M","?","M","M","E","M","E","T","M","?","?","R","M","R","BOSS","M","$","M","M","?","E","R","E","T","R","?","M","?","M","R","BOSS","M","M","M","M"],"build_version":"2018-01-18-PROD4","purchased_purges":0,"victory":false,"master_deck":["Strike_R","Strike_R","Strike_R","Strike_R","Defend_R","Defend_R","Defend_R","Defend_R","Bash","Thunderclap","Clash","Flex","Cleave","Battle Trance","Spot Weakness","Clash","Cleave","Fiend Fire","Anger","Armaments","Fiend Fire","Clash","Dual Wield","Perfected Strike","Whirlwind","Bludgeon","Headbutt","Flex","Clash","Body Slam","Thunderclap","Dual Wield","Double Tap","Flex","Infernal Blade","Clash"],"max_hp_per_floor":[80,80,80,80,80,80,80,80,80,80,80,80,80,80,80,80,80,80,80,80,80,80,80,80,80,80,80,80,80,80,80,80,80,80,80,80,80],"relics":["Burning Blood","Prayer Wheel","Ancient Tea Set","Centennial Puzzle","Champion Belt","Black Star","Bottled Lightning","Bag of Preparation","Toxic Egg","Pen Nib","Vajra","Bottled Flame","Regal Pillow","Runic Pyramid"],"campfire_meditates":0,"card_choices":[{"not_picked":["Infernal Blade","Perfected Strike"],"picked":"Thunderclap"},{"not_picked":["Flame Barrier","Headbutt"],"picked":"Clash"},{"not_picked":["Metallicize","Corruption"],"picked":"Flex"},{"not_picked":["Anger","Sword Boomerang"],"picked":"Cleave"},{"not_picked":["Offering","Iron Wave"],"picked":"Battle Trance"},{"not_picked":["Headbutt","Seeing Red"],"picked":"Spot Weakness"},{"not_picked":["Thunderclap","Pummel"],"picked":"Clash"},{"not_picked":["Pommel Strike","Heavy Blade"],"picked":"Cleave"},{"not_picked":["Armaments","Seeing Red"],"picked":"Fiend Fire"},{"not_picked":["Headbutt","Twin Strike"],"picked":"Anger"},{"not_picked":["Perfected Strike","Pommel Strike"],"picked":"Armaments"},{"not_picked":["Brutality","Dark Embrace"],"picked":"Fiend Fire"},{"not_picked":["Disarm","Armaments"],"picked":"Clash"},{"not_picked":["Armaments","Berserk"],"picked":"Perfected Strike"},{"not_picked":["Fire Breathing","Thunderclap"],"picked":"Whirlwind"},{"not_picked":["Body Slam","True Grit"],"picked":"Bludgeon"},{"not_picked":["Armaments","Offering"],"picked":"Headbutt"},{"not_picked":["Bloodletting","Burning Pact"],"picked":"Flex"},{"not_picked":["Pummel","Dropkick"],"picked":"Body Slam"},{"not_picked":["Warcry","Anger"],"picked":"Thunderclap"},{"not_picked":["Body Slam","Cleave"],"picked":"Dual Wield"},{"not_picked":["Dark Embrace","Juggernaut"],"picked":"Double Tap"},{"not_picked":["Seeing Red","Inflame"],"picked":"Flex"},{"not_picked":["Dropkick","Body Slam"],"picked":"Infernal Blade"},{"not_picked":["Feel No Pain","Sword Boomerang"],"picked":"Clash"}],"player_experience":50595,"potions_floor_usage":[6,6,8,8,21,21,33,33,37],"damage_taken":[{"damage":6,"enemies":"2 Louse","floor":1,"turns":3},{"damage":9,"enemies":"Jaw Worm","floor":2,"turns":5},{"damage":12,"enemies":"Blue Slaver","floor":4,"turns":3},{"damage":17,"enemies":"Gremlin Gang","floor":5,"turns":6},{"damage":21,"enemies":"Gremlin Nob","floor":6,"turns":4},{"damage":0,"enemies":"Large Slime","floor":7,"turns":4},{"damage":15,"enemies":"Lagavulin","floor":8,"turns":4},{"damage":0,"enemies":"2 Fungi Beasts","floor":10,"turns":2},{"damage":5,"enemies":"Looter","floor":11,"turns":2},{"damage":0,"enemies":"Lots of Slimes","floor":14,"turns":2},{"damage":24,"enemies":"Hexaghost","floor":16,"turns":7},{"damage":18,"enemies":"3 Byrds","floor":18,"turns":5},{"damage":19,"enemies":"Spheric Guardian","floor":20,"turns":4},{"damage":36,"enemies":"Snecko","floor":21,"turns":6},{"damage":7,"enemies":"Book of Stabbing","floor":23,"turns":3},{"damage":30,"enemies":"Slavers","floor":25,"turns":3},{"damage":11,"enemies":"3 Cultists","floor":29,"turns":4},{"damage":0,"enemies":"Chosen and Byrds","floor":31,"turns":2},{"damage":44,"enemies":"Collector","floor":33,"turns":8},{"damage":7,"enemies":"3 Darklings","floor":35,"turns":3},{"damage":15,"enemies":"Orb Walker","floor":36,"turns":2},{"damage":65,"enemies":"Maw","floor":37,"turns":9},{"damage":13,"enemies":"4 Shapes","floor":38,"turns":4}],"event_choices":[{"event_name":"The Cleric","player_choice":"Card Removal","floor":3,"damage_taken":0},{"event_name":"Shining Light","player_choice":"Entered Light","floor":12,"damage_taken":0},{"event_name":"Golden Shrine","player_choice":"Pray","floor":22,"damage_taken":0},{"event_name":"The Library","player_choice":"Read","floor":28,"damage_taken":0}],"boss_relics":[{"not_picked":["Ectoplasm","Runic Cube"],"picked":"Black Star"},{"not_picked":["Mark of Pain","Velvet Choker"],"picked":"Runic Pyramid"}],"potions_floor_spawned":[1,4,5,7,10,18,20,29,33],"seed_played":"-3284939872439989540","killed_by":"4 Shapes","is_trial":false}