{"gold_per_floor":[216,231,31,31,46,46,77,77,146,181,181,192,227,246,246,343,343,357,357],"floor_reached":19,"playtime":1839,"items_purged":[],"score":252,"play_id":"8d519c04-7e2a-4ff0-8eed-0d2b3b85a306","local_time":"20181225010106","is_ascension_mode":true,"campfire_choices":[{"data":"Poisoned Stab","floor":6,"key":"SMITH"},{"floor":8,"key":"REST"},{"data":"Neutralize","floor":11,"key":"SMITH"},{"floor":15,"key":"REST"}],"neow_cost":"NONE","seed_source_timestamp":0,"circlet_count":0,"master_deck":["Defend_G","Defend_G","Defend_G","Defend_G","Defend_G","Strike_G","Strike_G","Strike_G","Strike_G","Strike_G","Survivor","Neutralize+1","Backflip","All Out Attack","Poisoned Stab+1","Decay","Backflip","Escape Plan","Dodge and Roll","Deflect","Poisoned Stab","Sucker Punch","Glass Knife","Injury","Parasite","Doubt","Flying Knee+1"],"special_seed":0,"relics":["Ring of the Snake","Regal Pillow","Art of War","Blue Candle","Kunai","Thread and Needle","Calling Bell","Potion Belt","Meat on the Bone","Torii"],"potions_floor_usage":[10,10,16,19],"damage_taken":[{"damage":3,"enemies":"Jaw Worm","floor":1,"turns":6},{"damage":0,"enemies":"Cultist","floor":2,"turns":4},{"damage":5,"enemies":"2 Louse","floor":5,"turns":3},{"damage":19,"enemies":"3 Sentries","floor":7,"turns":8},{"damage":13,"enemies":"Gremlin Nob","floor":10,"turns":3},{"damage":14,"enemies":"Large Slime","floor":12,"turns":9},{"damage":18,"enemies":"3 Sentries","floor":13,"turns":9},{"damage":2,"enemies":"Lots of Slimes","floor":14,"turns":3},{"damage":9,"enemies":"The Guardian","floor":16,"turns":12},{"damage":42,"enemies":"Chosen","floor":18,"turns":7},{"damage":63,"enemies":"Masked Bandits","floor":19,"turns":5}],"seed_played":"-7900741050067950463","potions_obtained":[{"floor":2,"key":"SteroidPotion"},{"floor":7,"key":"Explosive Potion"},{"floor":10,"key":"Regen Potion"},{"floor":14,"key":"Energy Potion"}],"is_trial":false,"path_per_floor":["M","M","$","?","M","R","E","R","T","E","R","M","E","M","R","B",null,"M","?"],"character_chosen":"THE_SILENT","items_purchased":["Regal Pillow","Poisoned Stab"],"campfire_rested":2,"item_purchase_floors":[3,3],"current_hp_per_floor":[60,60,60,60,55,55,36,70,70,57,57,43,25,23,59,50,65,35,0],"gold":357,"neow_bonus":"HUNDRED_GOLD","is_prod":false,"is_daily":false,"chose_seed":false,"campfire_upgraded":2,"win_rate":0,"timestamp":1545728466,"path_taken":["M","M","$","?","M","R","E","R","T","E","R","M","E","?","R","BOSS","M","?"],"build_version":"2018-12-20","purchased_purges":0,"victory":false,"max_hp_per_floor":[70,70,70,70,70,70,70,70,70,70,70,70,70,70,70,70,70,70,70],"card_choices":[{"not_picked":["Quick Slash","Accuracy"],"picked":"Backflip","floor":1},{"not_picked":["Slice","Dagger Throw"],"picked":"All Out Attack","floor":2},{"not_picked":["Tactician","Reflex"],"picked":"Backflip","floor":5},{"not_picked":["Eviscerate","Endless Agony"],"picked":"Escape Plan","floor":7},{"not_picked":["PiercingWail","Backflip"],"picked":"Dodge and Roll","floor":10},{"not_picked":["Reflex","Choke"],"picked":"Deflect","floor":12},{"not_picked":["Backstab","Malaise"],"picked":"Poisoned Stab","floor":13},{"not_picked":["Poisoned Stab","Prepared"],"picked":"Sucker Punch","floor":14},{"not_picked":["Venomology","Phantasmal Killer"],"picked":"Glass Knife","floor":16},{"not_picked":["Deadly Poison+1","Sucker Punch"],"picked":"Flying Knee+1","floor":18}],"player_experience":228609,"relics_obtained":[{"floor":7,"key":"Art of War"},{"floor":9,"key":"Blue Candle"},{"floor":10,"key":"Kunai"},{"floor":13,"key":"Thread and Needle"},{"floor":17,"key":"Potion Belt"},{"floor":17,"key":"Meat on the Bone"},{"floor":17,"key":"Torii"}],"event_choices":[{"damage_healed":0,"gold_gain":0,"player_choice":"Cursed","damage_taken":0,"max_hp_gain":0,"max_hp_loss":0,"event_name":"Wheel of Change","floor":4,"gold_loss":0,"cards_obtained":["Decay"]},{"damage_healed":0,"gold_gain":0,"player_choice":"Fought Bandits","damage_taken":0,"max_hp_gain":0,"max_hp_loss":0,"event_name":"Masked Bandits","floor":19,"gold_loss":0}],"is_beta":false,"boss_relics":[{"not_picked":["Ring of the Serpent","Astrolabe"],"picked":"Calling Bell"}],"items_purged_floors":[],"is_endless":false,"potions_floor_spawned":[2,7,10,14],"killed_by":"Masked Bandits","ascension_level":7}