{"gold_per_floor":[109,109,123,138,88,88,416,244,244,263,263,363,376,407,407,506,506,521,521,131,145,162,194,194,208,233,233,243,271,146,146,146,248,248,261,261,112,128,143,143],"floor_reached":40,"playtime":3811,"items_purged":["Strike_G","Strike_G","Strike_G"],"score":513,"play_id":"e4152f3c-b401-49de-a0bf-8b30b9d8f004","local_time":"20181226202342","is_ascension_mode":true,"campfire_choices":[{"data":"Bullet Time","floor":6,"key":"SMITH"},{"floor":11,"key":"REST"},{"floor":15,"key":"RECALL"},{"data":"Catalyst","floor":24,"key":"SMITH"},{"data":"Impatience","floor":32,"key":"SMITH"}],"neow_cost":"CURSE","seed_source_timestamp":421015472002996,"circlet_count":0,"master_deck":["Defend_G","Defend_G","Defend_G","Defend_G","Survivor","Bullet Time+1","Deadly Poison","Corpse Explosion","Well Laid Plans","Impatience+1","Escape Plan","Bullet Time","Catalyst+1","PiercingWail","Ghostly","Ghostly","Ghostly","Ghostly","Ghostly","Escape Plan","Backflip","Quick Slash+1","A Thousand Cuts+1","Storm of Steel+1","Blur","Escape Plan+1"],"relics":["Ring of the Snake","Old Coin","Snake Skull","Sozu","Ice Cream","Pocketwatch","Pen Nib","Red Mask","Astrolabe","Oddly Smooth Stone"],"potions_floor_usage":[14,16,16,16],"damage_taken":[{"damage":1,"enemies":"2 Louse","floor":1,"turns":3},{"damage":0,"enemies":"Cultist","floor":3,"turns":3},{"damage":0,"enemies":"Jaw Worm","floor":4,"turns":4},{"damage":39,"enemies":"3 Sentries","floor":7,"turns":7},{"damage":0,"enemies":"2 Fungi Beasts","floor":10,"turns":2},{"damage":5,"enemies":"Looter","floor":13,"turns":4},{"damage":3,"enemies":"Lagavulin","floor":14,"turns":7},{"damage":29,"enemies":"Slime Boss","floor":16,"turns":16},{"damage":4,"enemies":"2 Thieves","floor":18,"turns":3},{"damage":0,"enemies":"Spheric Guardian","floor":21,"turns":3},{"damage":16,"enemies":"Chosen and Byrds","floor":22,"turns":5},{"damage":3,"enemies":"Slavers","floor":23,"turns":3},{"damage":0,"enemies":"Centurion and Healer","floor":25,"turns":4},{"damage":1,"enemies":"Shelled Parasite and Fungi","floor":28,"turns":4},{"damage":0,"enemies":"Masked Bandits","floor":29,"turns":3},{"damage":4,"enemies":"Champ","floor":33,"turns":12},{"damage":0,"enemies":"3 Darklings","floor":35,"turns":3},{"damage":0,"enemies":"Orb Walker","floor":38,"turns":3},{"damage":0,"enemies":"Maw","floor":39,"turns":6},{"damage":35,"enemies":"Nemesis","floor":40,"turns":6}],"seed_played":"3433203712975969900","potions_obtained":[{"floor":3,"key":"Energy Potion"},{"floor":10,"key":"Poison Potion"},{"floor":13,"key":"SpeedPotion"},{"floor":14,"key":"Energy Potion"}],"is_trial":false,"path_per_floor":["M","?","M","M","?","R","E","$","T","M","R","?","M","E","R","B",null,"M","?","$","M","M","E","R","M","T","?","M","?","$","$","R","B",null,"M","?","$","M","M","E"],"character_chosen":"THE_SILENT","items_purchased":["Impatience","Ice Cream","Oddly Smooth Stone"],"campfire_rested":1,"item_purchase_floors":[8,20,37],"current_hp_per_floor":[69,62,62,62,62,62,23,23,23,23,44,44,39,36,36,7,70,66,66,66,66,50,47,47,47,47,35,34,34,34,34,34,30,35,35,33,33,33,33,0],"gold":143,"neow_bonus":"THREE_RARE_CARDS","is_prod":false,"is_daily":false,"chose_seed":false,"campfire_upgraded":3,"win_rate":0,"timestamp":1545868422,"path_taken":["M","?","M","M","?","R","E","$","T","M","R","?","?","E","R","BOSS","M","?","$","M","M","E","R","M","T","?","M","?","?","$","R","BOSS","M","?","$","M","M","E"],"build_version":"2018-12-20","purchased_purges":3,"victory":false,"max_hp_per_floor":[70,70,70,70,70,70,70,70,70,70,70,70,70,70,70,70,70,70,70,70,70,70,70,70,70,70,35,35,35,35,35,35,35,35,35,33,33,33,33,33],"card_choices":[{"not_picked":["Tools of the Trade","Envenom"],"picked":"Bullet Time","floor":0},{"not_picked":["Heel Hook","Quick Slash"],"picked":"Deadly Poison","floor":1},{"not_picked":["Quick Slash","Dagger Throw"],"picked":"PiercingWail","floor":3},{"not_picked":["Caltrops","Eviscerate"],"picked":"Corpse Explosion","floor":4},{"not_picked":["Calculated Gamble","Dagger Spray"],"picked":"Well Laid Plans","floor":7},{"not_picked":["Deflect","Sucker Punch","Slice"],"picked":"SKIP","floor":10},{"not_picked":["Cloak And Dagger","Infinite Blades","Sucker Punch"],"picked":"SKIP","floor":13},{"not_picked":["Prepared","Leg Sweep"],"picked":"Escape Plan","floor":14},{"not_picked":["Venomology","Doppelganger"],"picked":"Bullet Time","floor":16},{"not_picked":["Prepared+1","Riddle With Holes","Finisher"],"picked":"SKIP","floor":18},{"not_picked":["Caltrops","Cloak And Dagger+1"],"picked":"PiercingWail","floor":21},{"not_picked":["Prepared","Reflex","Dagger Spray"],"picked":"SKIP","floor":22},{"not_picked":["PiercingWail","Bullet Time","Dagger Throw"],"picked":"SKIP","floor":23},{"not_picked":["Dagger Spray","Skewer","Cloak And Dagger+1"],"picked":"SKIP","floor":25},{"not_picked":["Deflect","Cloak And Dagger"],"picked":"Escape Plan","floor":28},{"not_picked":["Deadly Poison","Dagger Throw"],"picked":"Backflip","floor":29},{"not_picked":["Poisoned Stab+1","Eviscerate+1"],"picked":"Blur","floor":35},{"not_picked":["Outmaneuver","Dodge and Roll+1","Slice+1"],"picked":"SKIP","floor":38},{"not_picked":["Dagger Spray+1","Predator+1"],"picked":"Escape Plan+1","floor":39}],"player_experience":50250,"relics_obtained":[{"floor":7,"key":"Old Coin"},{"floor":14,"key":"Snake Skull"},{"floor":23,"key":"Pocketwatch"},{"floor":26,"key":"Pen Nib"},{"floor":29,"key":"Red Mask"}],"event_choices":[{"cards_removed":["Writhe"],"damage_healed":0,"gold_gain":0,"player_choice":"Card Removal","damage_taken":7,"max_hp_gain":0,"max_hp_loss":0,"event_name":"Golden Wing","floor":2,"gold_loss":0},{"cards_removed":["Defend_G"],"damage_healed":0,"gold_gain":0,"player_choice":"Card Removal","damage_taken":0,"max_hp_gain":0,"max_hp_loss":0,"event_name":"The Cleric","floor":5,"gold_loss":50},{"damage_healed":0,"gold_gain":100,"player_choice":"Gold","damage_taken":0,"max_hp_gain":0,"max_hp_loss":0,"event_name":"Wheel of Change","floor":12,"gold_loss":0},{"damage_healed":0,"gold_gain":0,"cards_transformed":["Strike_G","Strike_G"],"player_choice":"Became Test Subject","damage_taken":0,"max_hp_gain":0,"max_hp_loss":0,"event_name":"Drug Dealer","floor":19,"gold_loss":0,"cards_obtained":["Catalyst","Terror"]},{"damage_healed":0,"gold_gain":0,"player_choice":"Became a Ghost","damage_taken":0,"max_hp_gain":0,"max_hp_loss":35,"event_name":"Ghosts","floor":27,"gold_loss":0,"cards_obtained":["Ghostly","Ghostly","Ghostly","Ghostly","Ghostly"]},{"damage_healed":0,"gold_gain":0,"player_choice":"Fought Bandits","damage_taken":0,"max_hp_gain":0,"max_hp_loss":0,"event_name":"Masked Bandits","floor":29,"gold_loss":0},{"damage_healed":0,"gold_gain":0,"player_choice":"Max HP","damage_taken":0,"max_hp_gain":0,"max_hp_loss":2,"event_name":"Winding Halls","floor":36,"gold_loss":0}],"is_beta":false,"boss_relics":[{"not_picked":["Velvet Choker","WristBlade"],"picked":"Sozu"},{"not_picked":["White Beast Statue","Ring of the Serpent"],"picked":"Astrolabe"}],"items_purged_floors":[8,20,30],"is_endless":false,"potions_floor_spawned":[3,10,13,14,18,25,28,29,33,35,38],"killed_by":"Nemesis","ascension_level":1}