{"gold_per_floor":[111,111,124,55,155,155,173,190,190,190,190,222,222,238,238,343,343,363,363,462,473,473,504,504,535,535,535,545,560,261,277,277,372,372,392,392,392],"floor_reached":38,"playtime":1620,"items_purged":["Combust"],"score":696,"play_id":"c27f83fd-55b1-4b7c-8c49-8325a8af6129","local_time":"20181222105243","is_ascension_mode":true,"campfire_choices":[{"data":"Inflame","floor":6,"key":"SMITH"},{"data":"Bash","floor":10,"key":"SMITH"},{"data":"Wild Strike","floor":13,"key":"SMITH"},{"data":"Perfected Strike","floor":15,"key":"SMITH"},{"floor":27,"key":"REST"},{"floor":32,"key":"REST"}],"neow_cost":"NONE","seed_source_timestamp":84933710362972,"circlet_count":0,"master_deck":["Strike_R","Strike_R","Strike_R","Defend_R","Defend_R","Defend_R","Defend_R","Bash+1","Finesse","Pommel Strike","Inflame+1","Seeing Red","Wild Strike+1","Flame Barrier+1","Perfected Strike+1","Limit Break+1","Shrug It Off+1","Disarm+1","Pommel Strike+1","Clash","Demon Form","Twin Strike","Twin Strike","Perfected Strike","Demon Form"],"relics":["Burning Blood","FossilizedHelix","Toxic Egg 2","Smiling Mask","Snecko Eye","Red Skull","Self Forming Clay","Darkstone Periapt","Strawberry","Eternal Feather"],"potions_floor_usage":[18,18,25,31,33,37],"damage_taken":[{"damage":1,"enemies":"Small Slimes","floor":1,"turns":4},{"damage":0,"enemies":"Jaw Worm","floor":3,"turns":4},{"damage":0,"enemies":"Cultist","floor":7,"turns":3},{"damage":0,"enemies":"Looter","floor":8,"turns":2},{"damage":0,"enemies":"Gremlin Nob","floor":12,"turns":3},{"damage":0,"enemies":"Red Slaver","floor":14,"turns":4},{"damage":43,"enemies":"The Guardian","floor":16,"turns":9},{"damage":28,"enemies":"2 Thieves","floor":18,"turns":5},{"damage":0,"enemies":"Chosen","floor":21,"turns":4},{"damage":27,"enemies":"Gremlin Leader","floor":23,"turns":4},{"damage":28,"enemies":"Slavers","floor":25,"turns":4},{"damage":0,"enemies":"3 Cultists","floor":28,"turns":5},{"damage":16,"enemies":"Centurion and Healer","floor":29,"turns":4},{"damage":10,"enemies":"Shelled Parasite and Fungi","floor":31,"turns":3},{"damage":52,"enemies":"Champ","floor":33,"turns":9},{"damage":7,"enemies":"3 Shapes","floor":35,"turns":5},{"damage":85,"enemies":"Donu and Deca","floor":37,"turns":8}],"seed_played":"-5332004528186319153","potions_obtained":[{"floor":1,"key":"SkillPotion"},{"floor":12,"key":"SpeedPotion"},{"floor":14,"key":"SpeedPotion"},{"floor":16,"key":"Ancient Potion"},{"floor":21,"key":"Energy Potion"},{"floor":23,"key":"GamblersBrew"},{"floor":29,"key":"SkillPotion"}],"is_trial":false,"path_per_floor":["M","?","M","$","?","R","M","M","T","R","?","E","R","M","R","B",null,"M","?","?","M","?","E","?","E","T","R","M","M","$","M","R","B",null,"M","?","B",null],"character_chosen":"IRONCLAD","items_purchased":["Inflame","Strawberry","Twin Strike","Perfected Strike"],"campfire_rested":2,"item_purchase_floors":[4,30,30,30],"current_hp_per_floor":[80,68,74,74,74,74,80,80,80,80,80,80,80,80,80,43,80,58,58,58,64,64,43,43,21,21,45,51,41,48,44,70,24,87,86,86,7],"gold":392,"neow_bonus":"RANDOM_COLORLESS","is_prod":false,"is_daily":false,"chose_seed":false,"campfire_upgraded":4,"win_rate":0,"timestamp":1545472363,"path_taken":["M","?","M","$","?","R","M","?","T","R","?","E","R","M","R","BOSS","M","?","?","M","?","E","?","E","T","R","M","M","$","?","R","BOSS","M","?","BOSS"],"build_version":"2018-12-20","purchased_purges":1,"victory":true,"max_hp_per_floor":[80,80,80,80,80,80,80,80,80,80,80,80,80,80,80,80,80,80,80,80,80,80,80,80,80,80,80,80,80,87,87,87,87,87,87,87,87],"card_choices":[{"not_picked":["Intimidate","Flex","Warcry"],"picked":"SKIP","floor":1},{"not_picked":["Heavy Blade","Warcry"],"picked":"Pommel Strike","floor":3},{"not_picked":["Sword Boomerang","Reaper"],"picked":"Seeing Red","floor":7},{"not_picked":["Havoc","Flex"],"picked":"Wild Strike","floor":8},{"not_picked":["Reaper","Blood for Blood"],"picked":"Flame Barrier+1","floor":12},{"not_picked":["Armaments+1","Anger"],"picked":"Perfected Strike","floor":14},{"not_picked":["Berserk","Impervious+1"],"picked":"Limit Break+1","floor":16},{"not_picked":["Body Slam","True Grit+1"],"picked":"Shrug It Off+1","floor":18},{"not_picked":["Infernal Blade+1","Second Wind+1"],"picked":"Pommel Strike+1","floor":21},{"not_picked":["Entrench+1","Whirlwind","Feed"],"picked":"SKIP","floor":23},{"not_picked":["Uppercut","Disarm+1"],"picked":"Demon Form","floor":25},{"not_picked":["Hemokinesis+1","Armaments+1","Iron Wave"],"picked":"SKIP","floor":28},{"not_picked":["Havoc+1","Flame Barrier+1"],"picked":"Twin Strike","floor":29},{"not_picked":["Body Slam","Warcry+1","Flex+1"],"picked":"SKIP","floor":31},{"not_picked":["Offering+1","Dark Embrace"],"picked":"Demon Form","floor":33},{"not_picked":["Havoc+1","Cleave","Sword Boomerang+1"],"picked":"SKIP","floor":35}],"player_experience":209352,"relics_obtained":[{"floor":9,"key":"Toxic Egg 2"},{"floor":12,"key":"Smiling Mask"},{"floor":23,"key":"Red Skull"},{"floor":25,"key":"Self Forming Clay"},{"floor":26,"key":"Darkstone Periapt"}],"event_choices":[{"damage_healed":0,"gold_gain":0,"player_choice":"Success","damage_taken":12,"relics_obtained":["FossilizedHelix"],"max_hp_gain":0,"max_hp_loss":0,"event_name":"Scrap Ooze","floor":2,"gold_loss":0},{"damage_healed":0,"gold_gain":100,"player_choice":"Pray","damage_taken":0,"max_hp_gain":0,"max_hp_loss":0,"event_name":"Golden Shrine","floor":5,"gold_loss":0},{"damage_healed":0,"gold_gain":0,"cards_transformed":["Strike_R"],"player_choice":"Transformed","damage_taken":0,"max_hp_gain":0,"max_hp_loss":0,"event_name":"Transmorgrifier","floor":11,"gold_loss":0,"cards_obtained":["Combust"]},{"damage_healed":0,"gold_gain":0,"player_choice":"Read","damage_taken":0,"max_hp_gain":0,"max_hp_loss":0,"event_name":"The Library","floor":19,"gold_loss":0,"cards_obtained":["Disarm"]},{"damage_healed":0,"gold_gain":99,"player_choice":"Stole From Cult","damage_taken":0,"max_hp_gain":0,"max_hp_loss":0,"event_name":"Nest","floor":20,"gold_loss":0},{"damage_healed":0,"gold_gain":0,"player_choice":"Ignored","damage_taken":0,"max_hp_gain":0,"max_hp_loss":0,"event_name":"Vampires","floor":22,"gold_loss":0},{"damage_healed":0,"gold_gain":0,"cards_transformed":["Strike_R"],"player_choice":"Transformed","damage_taken":0,"max_hp_gain":0,"max_hp_loss":0,"event_name":"Transmorgrifier","floor":24,"gold_loss":0,"cards_obtained":["Clash"]},{"damage_healed":0,"gold_gain":0,"player_choice":"Took Portal","damage_taken":0,"max_hp_gain":0,"max_hp_loss":0,"event_name":"SecretPortal","floor":36,"gold_loss":0}],"is_beta":false,"boss_relics":[{"not_picked":["Busted Crown","Mark of Pain"],"picked":"Snecko Eye"},{"not_picked":["Astrolabe","Runic Pyramid"],"picked":"Eternal Feather"}],"items_purged_floors":[30],"is_endless":false,"potions_floor_spawned":[1,12,14,16,21,23,29],"ascension_level":2}