{"gold_per_floor":[112,123,138,138,68,68,18,46,46,121,147,147,147,160,160,160],"floor_reached":16,"playtime":620,"items_purged":[],"score":162,"play_id":"d3e3c695-9ce3-47f7-ba0d-38647132d219","local_time":"20190130173551","is_ascension_mode":true,"campfire_choices":[{"data":"Bash","floor":6,"key":"SMITH"},{"data":"Havoc","floor":13,"key":"SMITH"},{"data":"Havoc","floor":15,"key":"SMITH"}],"neow_cost":"PERCENT_DAMAGE","seed_source_timestamp":508040842795000,"circlet_count":0,"master_deck":["AscendersBane","Strike_R","Strike_R","Strike_R","Strike_R","Defend_R","Defend_R","Defend_R","Defend_R","Bash+1","Offering","Havoc+1","Pommel Strike","Havoc+1","Bludgeon","Juggernaut","Demon Form","Warcry"],"relics":["Burning Blood","Potion Belt","Shuriken","Anchor","Smiling Mask"],"potions_floor_usage":[8,11,16],"damage_taken":[{"damage":11,"enemies":"Cultist","floor":1,"turns":4},{"damage":5,"enemies":"Small Slimes","floor":2,"turns":3},{"damage":7,"enemies":"2 Louse","floor":3,"turns":2},{"damage":15,"enemies":"Lagavulin","floor":8,"turns":3},{"damage":13,"enemies":"Gremlin Nob","floor":11,"turns":3},{"damage":6,"enemies":"2 Fungi Beasts","floor":14,"turns":2},{"damage":47,"enemies":"Slime Boss","floor":16,"turns":8}],"seed_played":"-6664204293702532639","potions_obtained":[{"floor":2,"key":"Fire Potion"},{"floor":8,"key":"Weak Potion"},{"floor":14,"key":"GamblersBrew"}],"is_trial":false,"path_per_floor":["M","M","M","T","$","R","?","E","T","?","E","?","R","M","R","B"],"character_chosen":"IRONCLAD","items_purchased":["Bludgeon"],"campfire_rested":0,"item_purchase_floors":[5],"current_hp_per_floor":[46,47,46,46,46,46,46,37,37,26,19,45,45,45,45,0],"gold":160,"neow_bonus":"THREE_RARE_CARDS","is_prod":false,"is_daily":false,"chose_seed":false,"campfire_upgraded":3,"win_rate":0,"timestamp":1548869751,"path_taken":["M","?","M","?","$","R","?","E","T","?","E","?","R","M","R","BOSS"],"build_version":"2019-01-23","purchased_purges":0,"victory":false,"max_hp_per_floor":[80,80,80,80,80,80,80,80,80,80,80,80,80,80,80,80],"card_choices":[{"not_picked":["Juggernaut","Barricade"],"picked":"Offering","floor":0},{"not_picked":["Anger","Intimidate"],"picked":"Havoc","floor":1},{"not_picked":["Inflame","Sword Boomerang"],"picked":"Pommel Strike","floor":2},{"not_picked":["Dropkick","Entrench"],"picked":"Havoc","floor":3},{"not_picked":["Sever Soul","Perfected Strike"],"picked":"Juggernaut","floor":8},{"not_picked":["Cleave","Clothesline"],"picked":"Demon Form","floor":11},{"not_picked":["Wild Strike","Thunderclap"],"picked":"Warcry","floor":14}],"player_experience":185552,"relics_obtained":[{"floor":4,"key":"Potion Belt"},{"floor":8,"key":"Shuriken"},{"floor":9,"key":"Anchor"},{"floor":11,"key":"Smiling Mask"}],"event_choices":[{"cards_removed":["Strike_R"],"damage_healed":0,"gold_gain":0,"player_choice":"Card Removal","damage_taken":0,"max_hp_gain":0,"max_hp_loss":0,"event_name":"The Cleric","floor":7,"gold_loss":50},{"damage_healed":0,"gold_gain":75,"player_choice":"Gather Gold","damage_taken":11,"max_hp_gain":0,"max_hp_loss":0,"event_name":"World of Goop","floor":10,"gold_loss":0},{"damage_healed":26,"gold_gain":0,"player_choice":"Banana","damage_taken":0,"max_hp_gain":0,"max_hp_loss":0,"event_name":"Big Fish","floor":12,"gold_loss":0}],"is_beta":false,"boss_relics":[],"items_purged_floors":[],"is_endless":false,"potions_floor_spawned":[2,8,14],"killed_by":"Slime Boss","ascension_level":10}