{"gold_per_floor":[20,20,30,45,56,56,74,74,74,74,89,89,109,137,137,239,239,269,292,304],"floor_reached":20,"playtime":993,"items_purged":[],"score":178,"play_id":"5daa9781-420c-416c-9a81-64d284cdaee6","local_time":"20190112152014","is_ascension_mode":false,"campfire_choices":[{"data":"Cloak And Dagger","floor":6,"key":"SMITH"},{"floor":8,"key":"REST"},{"data":"Cloak And Dagger","floor":15,"key":"SMITH"}],"neow_cost":"NO_GOLD","seed_source_timestamp":247532434587923,"circlet_count":0,"master_deck":["Defend_G","Defend_G","Defend_G","Defend_G","Defend_G","Strike_G","Strike_G","Strike_G","Strike_G","Strike_G","Survivor","Neutralize","Dagger Spray","Cloak And Dagger+1","Caltrops","Cloak And Dagger+1","Quick Slash","Deflect","Adrenaline","Decay","Normality","Shame","Distraction+1"],"relics":["Ring of the Snake","Dead Branch","Vajra","Centennial Puzzle","Calling Bell","MawBank","Darkstone Periapt","The Specimen"],"potions_floor_usage":[16,18],"damage_taken":[{"damage":0,"enemies":"Jaw Worm","floor":1,"turns":6},{"damage":1,"enemies":"Cultist","floor":3,"turns":5},{"damage":0,"enemies":"2 Louse","floor":4,"turns":2},{"damage":5,"enemies":"Red Slaver","floor":5,"turns":5},{"damage":38,"enemies":"Gremlin Gang","floor":7,"turns":4},{"damage":0,"enemies":"2 Fungi Beasts","floor":11,"turns":2},{"damage":0,"enemies":"Blue Slaver","floor":13,"turns":4},{"damage":1,"enemies":"3 Sentries","floor":14,"turns":6},{"damage":8,"enemies":"Hexaghost","floor":16,"turns":9},{"damage":12,"enemies":"Shell Parasite","floor":18,"turns":4},{"damage":10,"enemies":"3 Byrds","floor":19,"turns":3},{"damage":17,"enemies":"Centurion and Healer","floor":20,"turns":5}],"seed_played":"-4958718308457292667","potions_obtained":[{"floor":3,"key":"LiquidBronze"},{"floor":4,"key":"FearPotion"},{"floor":7,"key":"GamblersBrew"},{"floor":11,"key":"Fire Potion"},{"floor":16,"key":"SpeedPotion"},{"floor":18,"key":"Swift Potion"}],"is_trial":false,"path_per_floor":["M","?","M","M","M","R","M","R","T","?","M","?","M","E","R","B",null,"M","M","M"],"character_chosen":"THE_SILENT","items_purchased":[],"campfire_rested":1,"item_purchase_floors":[],"current_hp_per_floor":[70,70,69,69,64,64,26,47,47,47,47,47,47,46,46,38,70,58,48,31],"gold":304,"neow_bonus":"ONE_RARE_RELIC","is_prod":false,"is_daily":false,"chose_seed":false,"campfire_upgraded":2,"win_rate":0,"timestamp":1547302814,"path_taken":["M","?","M","M","M","R","M","R","T","?","?","?","?","E","R","BOSS","M","M","?"],"build_version":"2019-01-10","purchased_purges":0,"victory":false,"max_hp_per_floor":[70,70,70,70,70,70,70,70,70,70,70,70,70,70,70,70,70,70,70,70],"card_choices":[{"not_picked":["Underhanded Strike","Bane","Setup"],"picked":"SKIP","floor":1},{"not_picked":["Calculated Gamble","Bane"],"picked":"Dagger Spray","floor":3},{"not_picked":["Blur","Quick Slash"],"picked":"Cloak And Dagger","floor":4},{"not_picked":["Adrenaline","Outmaneuver"],"picked":"Caltrops","floor":5},{"not_picked":["Crippling Poison","Dodge and Roll"],"picked":"Cloak And Dagger","floor":7},{"not_picked":["Dagger Throw","Outmaneuver","Acrobatics"],"picked":"SKIP","floor":11},{"not_picked":["Prepared","Slice"],"picked":"Quick Slash","floor":13},{"not_picked":["Sucker Punch","Dagger Spray"],"picked":"Deflect","floor":14},{"not_picked":["Die Die Die","Tools of the Trade"],"picked":"Adrenaline","floor":16},{"not_picked":["Heel Hook+1","Endless Agony","Bane+1"],"picked":"SKIP","floor":18},{"not_picked":["Deadly Poison","Blur"],"picked":"Distraction+1","floor":19}],"player_experience":270402,"relics_obtained":[{"floor":9,"key":"Vajra"},{"floor":14,"key":"Centennial Puzzle"},{"floor":17,"key":"MawBank"},{"floor":17,"key":"Darkstone Periapt"},{"floor":17,"key":"The Specimen"}],"event_choices":[{"damage_healed":0,"gold_gain":0,"player_choice":"Leave","damage_taken":0,"max_hp_gain":0,"max_hp_loss":0,"event_name":"The Cleric","floor":2,"gold_loss":0},{"damage_healed":0,"gold_gain":0,"player_choice":"0 cards matched","damage_taken":0,"max_hp_gain":0,"max_hp_loss":0,"event_name":"Match and Keep!","floor":10,"gold_loss":0,"cards_obtained":[]},{"damage_healed":0,"gold_gain":0,"player_choice":"Ignored","damage_taken":0,"max_hp_gain":0,"max_hp_loss":0,"event_name":"NoteForYourself","floor":12,"gold_loss":0}],"is_beta":false,"boss_relics":[{"not_picked":["Fusion Hammer","Coffee Dripper"],"picked":"Calling Bell"}],"items_purged_floors":[],"is_endless":false,"potions_floor_spawned":[3,4,7,11,16,18],"killed_by":"Centurion and Healer","ascension_level":0}