{"gold_per_floor":[118,138,138,158,83,33,48,48,48,92,92,110,10,10,10,10],"floor_reached":16,"playtime":494,"items_purged":["Strike_R","Strike_R"],"score":100,"play_id":"56f95262-1fd0-4c55-820d-323ce37b40b8","local_time":"20180722220912","is_ascension_mode":false,"campfire_choices":[{"data":"Heavy Blade","floor":8,"key":"SMITH"},{"data":"Shrug It Off","floor":15,"key":"SMITH"}],"neow_cost":"NONE","seed_source_timestamp":644089495897542,"circlet_count":0,"master_deck":["Strike_R+1","Strike_R+1","Defend_R","Defend_R","Defend_R","Defend_R","Bash+1","Warcry","Heavy Blade+1","Inflame","Shrug It Off+1"],"relics":["Burning Blood","Golden Idol","Whetstone","Darkstone Periapt"],"potions_floor_usage":[16,16],"damage_taken":[{"damage":2,"enemies":"2 Louse","floor":1,"turns":4},{"damage":6,"enemies":"Jaw Worm","floor":2,"turns":3},{"damage":2,"enemies":"Small Slimes","floor":4,"turns":4},{"damage":7,"enemies":"Looter","floor":7,"turns":4},{"damage":17,"enemies":"Gremlin Nob","floor":10,"turns":4},{"damage":7,"enemies":"Blue Slaver","floor":12,"turns":3},{"damage":66,"enemies":"Hexaghost","floor":16,"turns":11}],"seed_played":"6970408315046509917","potions_obtained":[{"floor":2,"key":"Dexterity Potion"},{"floor":4,"key":"Dexterity Potion"},{"floor":12,"key":"Ancient Potion"}],"is_trial":false,"path_per_floor":["M","M","?","M","$","?","M","R","T","E","?","M","$","$","R"],"character_chosen":"IRONCLAD","items_purchased":[],"campfire_rested":0,"item_purchase_floors":[],"current_hp_per_floor":[80,80,74,74,74,74,73,73,73,62,67,66,66,66,66,0],"gold":10,"neow_bonus":"UPGRADE_CARD","is_prod":false,"is_daily":false,"chose_seed":false,"campfire_upgraded":2,"win_rate":0.0,"timestamp":1532268552,"path_taken":["M","M","?","M","$","?","M","R","T","E","?","M","?","$","R","BOSS"],"build_version":"2018-07-19v2","purchased_purges":2,"victory":false,"max_hp_per_floor":[80,80,74,74,74,74,74,74,74,74,79,79,79,79,79,79],"card_choices":[{"not_picked":["Clash","Flame Barrier"],"picked":"Warcry","floor":1},{"not_picked":["Warcry","Thunderclap","Blood for Blood"],"picked":"SKIP","floor":2},{"not_picked":["Thunderclap","Burning Pact"],"picked":"Heavy Blade","floor":4},{"not_picked":["Heavy Blade","Pommel Strike"],"picked":"Inflame","floor":7},{"not_picked":["Thunderclap","Perfected Strike","Reaper"],"picked":"SKIP","floor":10},{"not_picked":["Shockwave","Anger"],"picked":"Shrug It Off","floor":12}],"player_experience":60212,"relics_obtained":[{"floor":9,"key":"Whetstone"},{"floor":10,"key":"Darkstone Periapt"}],"event_choices":[{"event_name":"Golden Idol","player_choice":"Lose Max HP","floor":3,"damage_taken":0},{"event_name":"The Cleric","player_choice":"Card Removal","floor":6,"damage_taken":0},{"event_name":"Big Fish","player_choice":"Donut","floor":11,"damage_taken":0}],"is_beta":false,"boss_relics":[],"items_purged_floors":[5,13],"is_endless":false,"potions_floor_spawned":[2,4,12],"killed_by":"Hexaghost","ascension_level":0}