{"gold_per_floor":[118,118,128,91,101,101,118,143,143,168,168,188,215,225,225,225],"floor_reached":16,"playtime":770,"items_purged":[],"score":153,"play_id":"2ad9a473-4e0b-40d5-9e36-337e1e996d79","local_time":"20190112110356","is_ascension_mode":true,"campfire_choices":[{"data":"Bash","floor":6,"key":"SMITH"},{"data":"Armaments","floor":11,"key":"SMITH"},{"data":"True Grit","floor":15,"key":"SMITH"}],"neow_cost":"NONE","seed_source_timestamp":69377484861699,"circlet_count":0,"master_deck":["Strike_R","Strike_R","Strike_R","Strike_R","Strike_R","Defend_R","Defend_R","Defend_R+1","Defend_R","Bash+1","Headbutt+1","Pommel Strike","Inflame","Armaments+1","Rampage","True Grit+1"],"relics":["Burning Blood","Potion Belt","Boot","The Courier","Dream Catcher"],"potions_floor_usage":[10,16],"damage_taken":[{"damage":12,"enemies":"Small Slimes","floor":1,"turns":3},{"damage":2,"enemies":"Jaw Worm","floor":3,"turns":3},{"damage":1,"enemies":"2 Louse","floor":5,"turns":2},{"damage":10,"enemies":"Large Slime","floor":7,"turns":4},{"damage":30,"enemies":"Lagavulin","floor":8,"turns":5},{"damage":17,"enemies":"3 Sentries","floor":10,"turns":6},{"damage":10,"enemies":"Looter","floor":12,"turns":4},{"damage":7,"enemies":"Lagavulin","floor":13,"turns":7},{"damage":7,"enemies":"Lots of Slimes","floor":14,"turns":4},{"damage":23,"enemies":"Hexaghost","floor":16,"turns":11}],"seed_played":"-6835340106658972234","potions_obtained":[{"floor":3,"key":"Ancient Potion"},{"floor":5,"key":"GamblersBrew"},{"floor":7,"key":"Fire Potion"},{"floor":12,"key":"Fire Potion"},{"floor":14,"key":"Explosive Potion"}],"is_trial":false,"path_per_floor":["M","?","M","$","M","R","M","E","T","E","R","M","E","M","R","B"],"character_chosen":"IRONCLAD","items_purchased":["Inflame"],"campfire_rested":0,"item_purchase_floors":[4],"current_hp_per_floor":[74,58,62,62,67,67,63,39,39,28,28,24,23,22,22,0],"gold":225,"neow_bonus":"THREE_CARDS","is_prod":false,"is_daily":false,"chose_seed":false,"campfire_upgraded":3,"win_rate":0,"timestamp":1547291036,"path_taken":["M","?","M","$","M","R","M","E","T","E","R","M","E","M","R","BOSS"],"build_version":"2019-01-10","purchased_purges":0,"victory":false,"max_hp_per_floor":[80,80,80,80,80,80,80,80,80,80,80,80,80,80,80,80],"card_choices":[{"not_picked":["Rage","Feel No Pain"],"picked":"Headbutt","floor":0},{"not_picked":["Perfected Strike","True Grit"],"picked":"Pommel Strike","floor":1},{"not_picked":["Clothesline","Ghostly Armor","Wild Strike"],"picked":"SKIP","floor":3},{"not_picked":["Infernal Blade","Carnage","Wild Strike"],"picked":"SKIP","floor":5},{"not_picked":["Thunderclap","Perfected Strike","Pommel Strike"],"picked":"SKIP","floor":7},{"not_picked":["Thunderclap","Clothesline","Corruption"],"picked":"SKIP","floor":8},{"not_picked":["Thunderclap","Clothesline","Corruption"],"picked":"SKIP","floor":8},{"not_picked":["Flex","Rampage"],"picked":"Armaments","floor":10},{"not_picked":["Pommel Strike","Iron Wave"],"picked":"Rampage","floor":12},{"not_picked":["Clothesline","Perfected Strike"],"picked":"True Grit","floor":13},{"not_picked":["Cleave","Anger","True Grit"],"picked":"SKIP","floor":14}],"player_experience":91747,"relics_obtained":[{"floor":8,"key":"Potion Belt"},{"floor":9,"key":"Boot"},{"floor":10,"key":"The Courier"},{"floor":13,"key":"Dream Catcher"}],"event_choices":[{"damage_healed":0,"gold_gain":0,"player_choice":"Entered Light","damage_taken":16,"max_hp_gain":0,"max_hp_loss":0,"event_name":"Shining Light","floor":2,"gold_loss":0,"cards_upgraded":["Headbutt","Defend_R"]}],"is_beta":false,"boss_relics":[],"items_purged_floors":[],"is_endless":false,"potions_floor_spawned":[3,5,7,12,14],"killed_by":"Hexaghost","ascension_level":5}