{"gold_per_floor":[219,234,90,70,86,86,120,120,145,200,200,210,210,210,210,309,309,328,345,61,61,61,61,61],"floor_reached":24,"playtime":967,"items_purged":["Defend_B","Strike_B"],"score":202,"play_id":"091eb8dd-3b78-4621-8c96-8d98fb5e4dfc","local_time":"20190109023147","is_ascension_mode":false,"campfire_choices":[{"data":"Loop","floor":6,"key":"SMITH"},{"data":"Zap","floor":8,"key":"SMITH"},{"floor":11,"key":"REST"},{"floor":15,"key":"REST"},{"floor":23,"key":"REST"}],"neow_cost":"NONE","seed_source_timestamp":42544196257485,"circlet_count":0,"master_deck":["Strike_B+1","Strike_B+1","Strike_B","Defend_B","Defend_B","Defend_B","Zap+1","Dualcast","Leap","Loop+1","Ball Lightning","Cold Snap","Creative AI+1","Seek","Cold Snap","Coolheaded","Self Repair"],"relics":["Cracked Core","Boot","Tiny Chest","Inserter","Blood Vial","Ginger"],"potions_floor_usage":[16,16,24],"damage_taken":[{"damage":5,"enemies":"Small Slimes","floor":1,"turns":3},{"damage":1,"enemies":"Cultist","floor":2,"turns":3},{"damage":1,"enemies":"2 Louse","floor":5,"turns":3},{"damage":18,"enemies":"Gremlin Nob","floor":7,"turns":4},{"damage":31,"enemies":"Lagavulin","floor":10,"turns":6},{"damage":11,"enemies":"Large Slime","floor":12,"turns":5},{"damage":2,"enemies":"Slime Boss","floor":16,"turns":6},{"damage":17,"enemies":"Spheric Guardian","floor":18,"turns":4},{"damage":22,"enemies":"2 Thieves","floor":19,"turns":4},{"damage":68,"enemies":"3 Cultists","floor":24,"turns":5}],"seed_played":"-5052154257778579450","potions_obtained":[{"floor":4,"key":"FocusPotion"},{"floor":5,"key":"Energy Potion"},{"floor":7,"key":"SneckoOil"},{"floor":19,"key":"Strength Potion"}],"is_trial":false,"path_per_floor":["M","M","$","?","M","R","E","R","T","E","R","M","?","?","R","B",null,"M","M","$","T","?","R","M"],"character_chosen":"DEFECT","items_purchased":["Loop","Self Repair","Blood Vial"],"campfire_rested":3,"item_purchase_floors":[3,20,20],"current_hp_per_floor":[70,69,69,69,68,68,50,50,50,19,41,30,15,15,37,35,75,58,36,36,36,36,58,0],"gold":61,"neow_bonus":"HUNDRED_GOLD","is_prod":false,"is_daily":false,"chose_seed":false,"campfire_upgraded":2,"win_rate":0,"timestamp":1546993907,"path_taken":["M","M","$","?","M","R","E","R","T","E","R","?","?","?","R","BOSS","M","M","$","?","?","R","M"],"build_version":"2019-01-03v4","purchased_purges":2,"victory":false,"max_hp_per_floor":[75,75,75,75,75,75,75,75,75,75,75,75,75,75,75,75,75,75,75,75,75,75,75,75],"card_choices":[{"not_picked":["Hologram","Steam","Compile Driver"],"picked":"SKIP","floor":1},{"not_picked":["Redo","Stack"],"picked":"Leap","floor":2},{"not_picked":["Barrage","Reprogram"],"picked":"Ball Lightning","floor":5},{"not_picked":["Rebound","Double Energy"],"picked":"Cold Snap","floor":7},{"not_picked":["Steam Power","Force Field","Tempest"],"picked":"SKIP","floor":10},{"not_picked":["Ball Lightning","Stack"],"picked":"Creative AI","floor":12},{"not_picked":["Thunder Strike","Amplify"],"picked":"Seek","floor":16},{"not_picked":["Capacitor+1","Force Field"],"picked":"Cold Snap","floor":18},{"not_picked":["Redo","Steam"],"picked":"Coolheaded","floor":19}],"player_experience":164347,"relics_obtained":[{"floor":7,"key":"Boot"},{"floor":10,"key":"Tiny Chest"},{"floor":21,"key":"Ginger"}],"event_choices":[{"damage_healed":0,"gold_gain":0,"player_choice":"Bought 1 Potion","damage_taken":0,"max_hp_gain":0,"max_hp_loss":0,"event_name":"The Woman in Blue","floor":4,"gold_loss":0},{"damage_healed":0,"gold_gain":0,"player_choice":"Entered Light","damage_taken":15,"max_hp_gain":0,"max_hp_loss":0,"event_name":"Shining Light","floor":13,"gold_loss":0,"cards_upgraded":["Strike_B","Strike_B"]},{"damage_healed":0,"gold_gain":0,"player_choice":"Upgraded","damage_taken":0,"max_hp_gain":0,"max_hp_loss":0,"event_name":"Upgrade Shrine","floor":14,"gold_loss":0,"cards_upgraded":["Creative AI"]},{"damage_healed":0,"gold_gain":0,"player_choice":"Ignored","damage_taken":0,"max_hp_gain":0,"max_hp_loss":0,"event_name":"Beggar","floor":22,"gold_loss":0}],"is_beta":false,"boss_relics":[{"not_picked":["Eternal Feather","Black Star"],"picked":"Inserter"}],"items_purged_floors":[3,20],"is_endless":false,"potions_floor_spawned":[5,7,19],"killed_by":"3 Cultists","ascension_level":0}