{"gold_per_floor":[114,39,54,54,69,69,84,84,134,164,164,164,164,179,179,279,279,294,123,138,153,153],"floor_reached":22,"playtime":1079,"items_purged":["Juggernaut","Juggernaut"],"score":186,"play_id":"a47f464f-faa9-425b-9107-6daa08c5976e","local_time":"20181203192117","daily_mods":["Specialized","Green Cards","Binary"],"is_ascension_mode":false,"campfire_choices":[{"data":"Caltrops","floor":6,"key":"SMITH"},{"floor":11,"key":"REST"},{"data":"Terror","floor":13,"key":"SMITH"},{"floor":15,"key":"REST"}],"neow_cost":"","seed_source_timestamp":0,"circlet_count":0,"master_deck":["Strike_R","Strike_R","Strike_R","Strike_R","Strike_R","Defend_R","Defend_R","Defend_R","Defend_R","Bash","Juggernaut","Juggernaut","Juggernaut","Caltrops+1","Terror+1","Inflame+1","Perfected Strike","Adrenaline","Spot Weakness","Flex+1","Concentrate"],"special_seed":17868,"relics":["Burning Blood","Regal Pillow","Dream Catcher","Runic Pyramid"],"potions_floor_usage":[7,16,16],"damage_taken":[{"damage":13,"enemies":"Jaw Worm","floor":1,"turns":4},{"damage":10,"enemies":"Small Slimes","floor":3,"turns":4},{"damage":4,"enemies":"Cultist","floor":5,"turns":4},{"damage":16,"enemies":"Lots of Slimes","floor":7,"turns":4},{"damage":32,"enemies":"Gremlin Nob","floor":10,"turns":5},{"damage":33,"enemies":"Exordium Wildlife","floor":14,"turns":6},{"damage":49,"enemies":"Hexaghost","floor":16,"turns":7},{"damage":19,"enemies":"Chosen","floor":18,"turns":6},{"damage":24,"enemies":"Spheric Guardian","floor":20,"turns":5},{"damage":18,"enemies":"Snecko","floor":21,"turns":5},{"damage":0,"enemies":"Centurion and Healer","floor":22,"turns":1}],"seed_played":"278748648570052528","potions_obtained":[{"floor":5,"key":"PowerPotion"},{"floor":10,"key":"EssenceOfSteel"},{"floor":14,"key":"AttackPotion"},{"floor":16,"key":"Poison Potion"},{"floor":21,"key":"Regen Potion"}],"is_trial":false,"path_per_floor":["M","$","M","$","M","R","M","?","T","E","R","?","R","M","R","B",null,"M","$","M","M","M"],"character_chosen":"IRONCLAD","items_purchased":["Spot Weakness"],"campfire_rested":2,"item_purchase_floors":[19],"current_hp_per_floor":[73,73,69,69,71,71,61,66,66,40,80,80,80,53,85,42,85,72,72,54,42,42],"gold":153,"neow_bonus":"","is_prod":false,"is_daily":true,"chose_seed":false,"campfire_upgraded":2,"win_rate":0,"timestamp":1543861277,"path_taken":["M","$","M","$","M","R","M","?","T","E","R","?","R","M","R","BOSS","M","$","M","M","?"],"build_version":"2018-11-15","purchased_purges":2,"victory":false,"max_hp_per_floor":[80,80,80,80,80,80,80,85,85,85,85,85,85,85,85,85,85,85,85,85,85,85],"card_choices":[{"not_picked":["Backflip"],"picked":"Caltrops","floor":1},{"not_picked":["Endless Agony","Dropkick"],"picked":"SKIP","floor":3},{"not_picked":["Evolve","Prepared"],"picked":"SKIP","floor":5},{"not_picked":["All Out Attack","Sentinel"],"picked":"SKIP","floor":7},{"not_picked":["Bane"],"picked":"Terror","floor":10},{"not_picked":["PiercingWail"],"picked":"Inflame","floor":11},{"not_picked":["Shockwave"],"picked":"Perfected Strike","floor":14},{"not_picked":["Reaper"],"picked":"Adrenaline","floor":16},{"not_picked":["Pummel+1","Sword Boomerang"],"picked":"SKIP","floor":18},{"not_picked":["Infinite Blades"],"picked":"Flex+1","floor":20},{"not_picked":["Dagger Spray"],"picked":"Concentrate","floor":21}],"player_experience":132963,"relics_obtained":[{"floor":9,"key":"Regal Pillow"},{"floor":10,"key":"Dream Catcher"}],"event_choices":[{"damage_healed":0,"gold_gain":0,"player_choice":"Donut","damage_taken":0,"max_hp_gain":5,"max_hp_loss":0,"event_name":"Big Fish","floor":8,"gold_loss":0},{"damage_healed":0,"gold_gain":0,"player_choice":"Forge","damage_taken":0,"max_hp_gain":0,"max_hp_loss":0,"event_name":"Accursed Blacksmith","floor":12,"gold_loss":0,"cards_upgraded":["Inflame"]}],"is_beta":false,"boss_relics":[{"not_picked":["Fusion Hammer","Velvet Choker"],"picked":"Runic Pyramid"}],"items_purged_floors":[2,19],"is_endless":false,"potions_floor_spawned":[5,10,14,16,21],"killed_by":"Centurion and Healer","ascension_level":0}