{"gold_per_floor":[119,194,194,209,46,95,95,136,136,136,236,236,253,294,294,417,417,432,432,467,517,297,323,365,365,365,408,453,453,107,132,132,252,252,295,0,0,50,67,67,117,117,168,168,181,3,3,23,23,23],"floor_reached":51,"playtime":2956,"items_purged":["Strike_G+1"],"score":879,"play_id":"b70f0d5b-c990-4759-a1c2-7986df1fa59e","local_time":"20190109232827","is_ascension_mode":true,"campfire_choices":[{"data":"HandOfGreed","floor":7.0,"key":"SMITH"},{"data":"Footwork","floor":10.0,"key":"SMITH"},{"data":"Neutralize","floor":12.0,"key":"SMITH"},{"data":"Adrenaline","floor":15.0,"key":"SMITH"},{"floor":25.0,"key":"REST"},{"floor":29.0,"key":"REST"},{"data":"Apotheosis","floor":32.0,"key":"SMITH"},{"floor":40,"key":"REST"},{"floor":42,"key":"REST"},{"data":"Dramatic Entrance","floor":44,"key":"SMITH"},{"floor":47,"key":"REST"},{"floor":49,"key":"REST"}],"neow_cost":"NONE","seed_source_timestamp":2848184039872692,"circlet_count":0,"master_deck":["Defend_G+1","Defend_G+1","Defend_G+1","Defend_G+1","Strike_G+1","Strike_G+1","Strike_G+1","Survivor+1","Neutralize+1","Riddle With Holes+1","Infinite Blades","HandOfGreed+1","Deadly Poison","Footwork+1","Slice+1","Adrenaline+1","Die Die Die","Cloak And Dagger","Acrobatics","Infinite Blades","Unload","Prepared+1","Endless Agony","Backflip","Apotheosis+1","Dramatic Entrance+1","Envenom","Cloak And Dagger","Dark Shackles+1"],"special_seed":0,"relics":["Ring of the Snake","NeowsBlessing","Incense Burner","Shuriken","WristBlade","Whetstone","Paper Crane","Sundial","Empty Cage","Blood Vial","Juzu Bracelet","SsserpentHead","Potion Belt","Bag of Preparation"],"potions_floor_usage":[50,50,50],"damage_taken":[{"damage":0.0,"enemies":"2 Louse","floor":1.0,"turns":1.0},{"damage":0.0,"enemies":"Small Slimes","floor":4.0,"turns":1.0},{"damage":0.0,"enemies":"3 Sentries","floor":6.0,"turns":1.0},{"damage":0.0,"enemies":"Cultist","floor":8.0,"turns":3.0},{"damage":0.0,"enemies":"Looter","floor":13.0,"turns":2.0},{"damage":0.0,"enemies":"2 Fungi Beasts","floor":14.0,"turns":3.0},{"damage":1.0,"enemies":"Slime Boss","floor":16.0,"turns":8.0},{"damage":7.0,"enemies":"Shell Parasite","floor":18.0,"turns":5.0},{"damage":2.0,"enemies":"2 Thieves","floor":20.0,"turns":3.0},{"damage":10.0,"enemies":"Gremlin Leader","floor":23.0,"turns":5.0},{"damage":9.0,"enemies":"Centurion and Healer","floor":24.0,"turns":5.0},{"damage":3.0,"enemies":"3 Cultists","floor":27.0,"turns":4.0},{"damage":26.0,"enemies":"Snake Plant","floor":28.0,"turns":3.0},{"damage":0.0,"enemies":"Colosseum Slavers","floor":31.0,"turns":2.0},{"damage":25,"enemies":"Champ","floor":33,"turns":9},{"damage":24,"enemies":"3 Shapes","floor":35,"turns":6},{"damage":29,"enemies":"3 Darklings","floor":39,"turns":5},{"damage":15,"enemies":"Jaw Worm Horde","floor":45,"turns":5},{"damage":11,"enemies":"Spire Growth","floor":48,"turns":5},{"damage":47,"enemies":"Awakened One","floor":50,"turns":9}],"seed_played":"-5889510139730391277","potions_obtained":[{"floor":1.0,"key":"Dexterity Potion"},{"floor":4.0,"key":"Block Potion"},{"floor":14.0,"key":"LiquidBronze"},{"floor":24.0,"key":"GamblersBrew"},{"floor":45,"key":"SpeedPotion"}],"is_trial":false,"path_per_floor":["M","?","?","M","$","E","R","M","T","R","?","R","M","M","R","B",null,"M","?","M","?","$","E","M","R","T","M","M","R","$","?","R","B",null,"M","$","?","?","M","R","?","R","T","R","M","$","R","M","R","B",null],"character_chosen":"THE_SILENT","items_purchased":["HandOfGreed","Infinite Blades","Whetstone","Apotheosis","Dramatic Entrance","Blood Vial","Juzu Bracelet","Bag of Preparation","Regen Potion"],"campfire_rested":6,"item_purchase_floors":[5,22,22,30,30,36,36,46,46],"current_hp_per_floor":[63,52,38,38,38,38,38,38,38,38,38,38,38,38,38,37,62,55,55,53,53,53,43,34,55,55,52,26,47,47,47,47,22,58,34,34,34,34,7,28,28,49,49,49,36,36,57,48,69,37],"gold":23,"neow_bonus":"THREE_ENEMY_KILL","is_prod":false,"is_daily":false,"chose_seed":false,"campfire_upgraded":6,"win_rate":0,"timestamp":1547072907,"path_taken":["M","?","?","M","$","E","R","M","T","R","?","R","M","?","R","BOSS","M","?","M","?","$","E","?","R","T","M","M","R","$","?","R","BOSS","M","$","?","?","M","R","?","R","T","R","M","?","R","M","R","BOSS"],"build_version":"2019-01-03v4","purchased_purges":1,"victory":true,"max_hp_per_floor":[70,70,70,70,70,70,70,70,70,70,70,70,70,70,70,70,70,70,70,70,70,70,70,70,70,70,70,70,70,70,70,70,70,70,70,70,70,70,70,70,70,70,70,70,70,70,70,70,70,70],"card_choices":[{"not_picked":["Terror","Outmaneuver"],"picked":"Riddle With Holes","floor":1.0},{"not_picked":["Underhanded Strike","Deflect"],"picked":"Infinite Blades","floor":4.0},{"not_picked":["Acrobatics","Catalyst"],"picked":"Deadly Poison","floor":6.0},{"not_picked":["Slice","Flying Knee"],"picked":"Footwork","floor":8.0},{"not_picked":["Deflect","Dash"],"picked":"Slice","floor":13.0},{"not_picked":["Deflect","Quick Slash"],"picked":"Adrenaline","floor":14.0},{"not_picked":["Malaise","Unload"],"picked":"Die Die Die","floor":16.0},{"not_picked":["Slice+1","Underhanded Strike"],"picked":"Cloak And Dagger","floor":18.0},{"not_picked":["Dagger Spray+1","Terror"],"picked":"Acrobatics","floor":20.0},{"not_picked":["Dodge and Roll","Dash"],"picked":"Unload","floor":23.0},{"not_picked":["Crippling Poison","Quick Slash"],"picked":"Prepared+1","floor":24.0},{"not_picked":["Cloak And Dagger","Blur"],"picked":"Endless Agony","floor":27.0},{"not_picked":["Caltrops","Finisher"],"picked":"Backflip","floor":28.0},{"not_picked":["Glass Knife","Burst"],"picked":"Envenom","floor":33},{"not_picked":["Noxious Fumes","Reflex+1"],"picked":"Cloak And Dagger","floor":35},{"not_picked":["Purity","Panacea"],"picked":"Dark Shackles","floor":38},{"not_picked":["Dagger Throw+1","Cloak And Dagger","Outmaneuver+1"],"picked":"SKIP","floor":39},{"not_picked":["Dash+1","Backflip","PiercingWail"],"picked":"SKIP","floor":45},{"not_picked":["Expertise","Dodge and Roll+1","Dagger Throw+1"],"picked":"SKIP","floor":48}],"player_experience":705148,"relics_obtained":[{"floor":6.0,"key":"Incense Burner"},{"floor":9.0,"key":"Shuriken"},{"floor":23.0,"key":"Paper Crane"},{"floor":26.0,"key":"Sundial"},{"floor":43,"key":"Potion Belt"}],"event_choices":[{"damage_healed":0.0,"max_hp_gain":0.0,"max_hp_loss":0.0,"gold_gain":75.0,"event_name":"World of Goop","player_choice":"Gather Gold","floor":2.0,"gold_loss":0.0,"damage_taken":11.0},{"damage_healed":0.0,"max_hp_gain":0.0,"max_hp_loss":0.0,"gold_gain":0.0,"event_name":"Shining Light","player_choice":"Entered Light","floor":3.0,"gold_loss":0.0,"damage_taken":14.0,"cards_upgraded":["Strike_G","Survivor"]},{"damage_healed":0.0,"max_hp_gain":0.0,"max_hp_loss":0.0,"gold_gain":100.0,"event_name":"Golden Shrine","player_choice":"Pray","floor":11.0,"gold_loss":0.0,"damage_taken":0.0},{"damage_healed":0.0,"max_hp_gain":0.0,"max_hp_loss":0.0,"gold_gain":0.0,"event_name":"Back to Basics","player_choice":"Simplicity","floor":19.0,"gold_loss":0.0,"damage_taken":0.0,"cards_upgraded":["Defend_G","Defend_G","Defend_G","Defend_G","Defend_G","Strike_G","Strike_G","Strike_G","Strike_G"]},{"damage_healed":0.0,"max_hp_gain":0.0,"max_hp_loss":0.0,"gold_gain":100.0,"event_name":"The Joust","player_choice":"Bet on Murderer","floor":21.0,"gold_loss":50.0,"damage_taken":0.0},{"damage_healed":0.0,"max_hp_gain":0.0,"max_hp_loss":0.0,"gold_gain":0.0,"event_name":"Colosseum","player_choice":"Fight","floor":31.0,"gold_loss":0.0,"damage_taken":0.0},{"damage_healed":0.0,"max_hp_gain":0.0,"max_hp_loss":0.0,"gold_gain":0.0,"event_name":"Colosseum","player_choice":"Fled From Nobs","floor":31.0,"gold_loss":0.0,"damage_taken":0.0},{"damage_healed":0,"gold_gain":0,"player_choice":"Trade","damage_taken":0,"relics_obtained":["SsserpentHead"],"max_hp_gain":0,"max_hp_loss":0,"event_name":"FaceTrader","floor":37,"gold_loss":0},{"damage_healed":0,"gold_gain":0,"player_choice":"Memory 1","damage_taken":0,"max_hp_gain":0,"max_hp_loss":0,"event_name":"SensoryStone","floor":38,"gold_loss":0},{"damage_healed":0,"gold_gain":0,"player_choice":"Upgraded","damage_taken":0,"max_hp_gain":0,"max_hp_loss":0,"event_name":"Upgrade Shrine","floor":41,"gold_loss":0,"cards_upgraded":["Dark Shackles"]}],"is_beta":false,"boss_relics":[{"not_picked":["Tiny House","Snecko Eye"],"picked":"WristBlade"},{"not_picked":["Calling Bell","Philosopher\u0027s Stone"],"picked":"Empty Cage"}],"items_purged_floors":[30],"is_endless":false,"potions_floor_spawned":[1,4,14,20,24,31,45,48],"ascension_level":6}