{"gold_per_floor":[117,132,142,156,172,172,172,201,252,217,236,236,267,278,278,379,379,393,393],"floor_reached":19,"playtime":1069,"items_purged":[],"score":181,"play_id":"9f8f2060-e5cb-4132-83a2-afbf02f5a481","local_time":"20180625231230","is_ascension_mode":false,"campfire_choices":[{"data":"Inflame","floor":6,"key":"SMITH"},{"data":"Armaments","floor":12,"key":"SMITH"},{"floor":15,"key":"REST"}],"neow_cost":"NONE","seed_source_timestamp":551204168846247,"circlet_count":0,"master_deck":["Strike_R","Strike_R","Strike_R","Strike_R","Strike_R","Defend_R","Defend_R","Defend_R","Defend_R","Bash","Armaments+1","Thunderclap","Juggernaut","Clash","Inflame+1","Metallicize","Cleave","Limit Break","Cleave+1"],"relics":["Burning Blood","Anchor","Potion Belt","Centennial Puzzle","Runic Pyramid"],"potions_floor_usage":[8,13],"damage_taken":[{"damage":13,"enemies":"2 Louse","floor":1,"turns":4},{"damage":1,"enemies":"Jaw Worm","floor":2,"turns":7},{"damage":0,"enemies":"Small Slimes","floor":3,"turns":4},{"damage":11,"enemies":"Blue Slaver","floor":4,"turns":5},{"damage":11,"enemies":"2 Fungi Beasts","floor":5,"turns":4},{"damage":39,"enemies":"Lagavulin","floor":8,"turns":6},{"damage":0,"enemies":"Looter","floor":11,"turns":3},{"damage":21,"enemies":"Gremlin Nob","floor":13,"turns":5},{"damage":11,"enemies":"3 Louse","floor":14,"turns":5},{"damage":53,"enemies":"The Guardian","floor":16,"turns":10},{"damage":30,"enemies":"Chosen","floor":18,"turns":6}],"seed_played":"8038143872629181203","potions_obtained":[{"floor":1,"key":"Ancient Potion"},{"floor":5,"key":"Weak Potion"},{"floor":13,"key":"Ancient Potion"},{"floor":14,"key":"Block Potion"},{"floor":16,"key":"LiquidBronze"}],"is_trial":false,"path_per_floor":["M","M","M","M","M","R","?","E","T","?","M","R","E","M","R","B",null,"M"],"character_chosen":"IRONCLAD","items_purchased":[],"campfire_rested":1,"item_purchase_floors":[],"current_hp_per_floor":[73,78,80,75,70,70,75,42,42,63,69,69,54,49,74,27,85,61,61],"gold":393,"neow_bonus":"THREE_CARDS","is_prod":false,"is_daily":false,"chose_seed":false,"campfire_upgraded":2,"win_rate":0,"timestamp":1529961150,"path_taken":["M","M","M","M","M","R","?","E","T","?","M","R","E","M","R","BOSS","M","$"],"build_version":"2018-06-21v2","purchased_purges":0,"victory":false,"max_hp_per_floor":[80,80,80,80,80,80,85,85,85,85,85,85,85,85,85,85,85,85,85],"card_choices":[{"not_picked":["Uppercut","Anger"],"picked":"Armaments","floor":1},{"not_picked":["Wild Strike","Sword Boomerang"],"picked":"Thunderclap","floor":2},{"not_picked":["Pommel Strike","Anger"],"picked":"Juggernaut","floor":3},{"not_picked":["Ghostly Armor","Pommel Strike"],"picked":"Clash","floor":4},{"not_picked":["Hemokinesis","Power Through"],"picked":"Inflame","floor":5},{"not_picked":["Battle Trance","Uppercut","Wild Strike"],"picked":"SKIP","floor":8},{"not_picked":["Sentinel","Havoc","Sever Soul"],"picked":"SKIP","floor":11},{"not_picked":["Wild Strike","Impervious"],"picked":"Metallicize","floor":13},{"not_picked":["Body Slam","Perfected Strike"],"picked":"Cleave","floor":14},{"not_picked":["Dark Embrace","Offering"],"picked":"Limit Break","floor":16},{"not_picked":["Perfected Strike","Warcry"],"picked":"Cleave+1","floor":18}],"player_experience":60400,"relics_obtained":[{"floor":8,"key":"Anchor"},{"floor":9,"key":"Potion Belt"},{"floor":13,"key":"Centennial Puzzle"}],"event_choices":[{"event_name":"Big Fish","player_choice":"Donut","floor":7,"damage_taken":0},{"event_name":"The Cleric","player_choice":"Healed","floor":10,"damage_taken":0}],"boss_relics":[{"not_picked":["Lizard Tail","Astrolabe"],"picked":"Runic Pyramid"}],"items_purged_floors":[],"is_endless":false,"potions_floor_spawned":[1,5,13,14,16],"ascension_level":0}