{"gold_per_floor":[110,110,126,139,155,186,186,151,178,203,203,203,230,240,240,337,337,355,355,355,373,392,424,424,456,537,537],"floor_reached":27,"playtime":1110,"items_purged":[],"score":385,"play_id":"d946be7d-813c-4638-8c3a-d0bca4a8bb3b","local_time":"20181220235440","is_ascension_mode":true,"campfire_choices":[{"data":"Hemokinesis","floor":7.0,"key":"SMITH"},{"data":"Heavy Blade","floor":11.0,"key":"SMITH"},{"data":"Shrug It Off","floor":15.0,"key":"SMITH"},{"floor":24,"key":"REST"}],"neow_cost":"NONE","seed_source_timestamp":84373868580887,"circlet_count":0,"master_deck":["Strike_R","Strike_R","Defend_R","Defend_R","Defend_R","Defend_R","Bash","Double Tap","Shrug It Off+1","Hemokinesis+1","Pommel Strike","Uppercut","Heavy Blade+1","Armaments","Pain","Intimidate","Cleave","Demon Form","Dropkick+1","Seeing Red+1","Demon Form+1","Heavy Blade+1","Shrug It Off","Pommel Strike","Cleave","Seeing Red+1"],"special_seed":0,"relics":["Burning Blood","Boot","Oddly Smooth Stone","Red Skull","WarpedTongs","Orichalcum","Astrolabe","Potion Belt","Girya","Ancient Tea Set","Kunai"],"potions_floor_usage":[22,22,23,25],"damage_taken":[{"damage":0.0,"enemies":"Small Slimes","floor":1.0,"turns":3.0},{"damage":0.0,"enemies":"Cultist","floor":3.0,"turns":4.0},{"damage":3.0,"enemies":"2 Louse","floor":4.0,"turns":2.0},{"damage":23.0,"enemies":"Looter","floor":5.0,"turns":3.0},{"damage":28.0,"enemies":"Lagavulin","floor":6.0,"turns":6.0},{"damage":10.0,"enemies":"Gremlin Nob","floor":10.0,"turns":3.0},{"damage":27.0,"enemies":"Lagavulin","floor":13.0,"turns":4.0},{"damage":4.0,"enemies":"3 Louse","floor":14.0,"turns":3.0},{"damage":3.0,"enemies":"Slime Boss","floor":16.0,"turns":4.0},{"damage":15.0,"enemies":"Chosen","floor":18.0,"turns":6.0},{"damage":24.0,"enemies":"Shell Parasite","floor":21.0,"turns":5.0},{"damage":46,"enemies":"Shelled Parasite and Fungi","floor":22,"turns":5},{"damage":14,"enemies":"Gremlin Leader","floor":23,"turns":7},{"damage":33,"enemies":"Book of Stabbing","floor":25,"turns":5},{"damage":10,"enemies":"3 Cultists","floor":27,"turns":4}],"seed_played":"6339610098905093984","potions_obtained":[{"floor":1.0,"key":"AttackPotion"},{"floor":5.0,"key":"SkillPotion"},{"floor":6.0,"key":"SneckoOil"},{"floor":10.0,"key":"Explosive Potion"},{"floor":13.0,"key":"LiquidBronze"},{"floor":16.0,"key":"Explosive Potion"},{"floor":18.0,"key":"LiquidBronze"},{"floor":23,"key":"Swift Potion"}],"is_trial":false,"path_per_floor":["M","?","M","M","M","E","R","?","T","E","R","?","E","M","R","B",null,"M","?","?","M","M","E","R","E","T","M"],"character_chosen":"IRONCLAD","items_purchased":[],"campfire_rested":1,"item_purchase_floors":[],"current_hp_per_floor":[80,85,85,85,68,46,46,67,67,63,63,63,42,44,44,47,85,76,76,76,58,18,10,35,8,8,0],"gold":537,"neow_bonus":"ONE_RANDOM_RARE_CARD","is_prod":false,"is_daily":false,"chose_seed":false,"campfire_upgraded":3,"win_rate":0,"timestamp":1545378880,"path_taken":["M","?","M","M","M","E","R","?","T","E","R","?","E","M","R","BOSS","M","?","?","M","M","E","R","E","T","M"],"build_version":"2018-12-20","purchased_purges":0,"victory":false,"max_hp_per_floor":[80,85,85,85,85,85,85,85,85,85,85,85,85,85,85,85,85,85,85,85,85,85,85,85,85,85,85],"card_choices":[{"not_picked":["Bloodletting","Rampage"],"picked":"Shrug It Off","floor":1.0},{"not_picked":["Headbutt","Iron Wave"],"picked":"Hemokinesis","floor":3.0},{"not_picked":["Whirlwind","Burning Pact"],"picked":"Pommel Strike","floor":4.0},{"not_picked":["Carnage","Disarm"],"picked":"Uppercut","floor":5.0},{"not_picked":["Twin Strike","Pommel Strike"],"picked":"Heavy Blade","floor":6.0},{"not_picked":["Disarm","Entrench"],"picked":"Armaments","floor":10.0},{"not_picked":["Whirlwind","Dropkick"],"picked":"Intimidate","floor":13.0},{"not_picked":["True Grit","Thunderclap"],"picked":"Cleave","floor":14.0},{"not_picked":["Immolate","Brutality"],"picked":"Demon Form","floor":16.0},{"not_picked":["Thunderclap","Havoc+1"],"picked":"Heavy Blade+1","floor":18.0},{"not_picked":["Heavy Blade","Perfected Strike+1"],"picked":"Shrug It Off","floor":21.0},{"not_picked":["Thunderclap","Clash"],"picked":"Pommel Strike","floor":22},{"not_picked":["Havoc+1","Thunderclap"],"picked":"Cleave","floor":23},{"not_picked":["Combust","Juggernaut"],"picked":"Seeing Red+1","floor":25}],"player_experience":213579,"relics_obtained":[{"floor":6.0,"key":"Boot"},{"floor":9.0,"key":"Oddly Smooth Stone"},{"floor":10.0,"key":"Red Skull"},{"floor":13.0,"key":"Orichalcum"},{"floor":23,"key":"Girya"},{"floor":25,"key":"Ancient Tea Set"},{"floor":26,"key":"Kunai"}],"event_choices":[{"damage_healed":0.0,"max_hp_gain":5.0,"max_hp_loss":0.0,"gold_gain":0.0,"event_name":"Big Fish","player_choice":"Donut","floor":2.0,"gold_loss":0.0,"damage_taken":0.0},{"damage_healed":21.0,"max_hp_gain":0.0,"max_hp_loss":0.0,"gold_gain":0.0,"event_name":"The Cleric","player_choice":"Healed","floor":8.0,"gold_loss":35.0,"damage_taken":0.0},{"damage_healed":0.0,"max_hp_gain":0.0,"max_hp_loss":0.0,"gold_gain":0.0,"event_name":"Accursed Blacksmith","player_choice":"Rummage","floor":12.0,"gold_loss":0.0,"damage_taken":0.0,"relics_obtained":["WarpedTongs"],"cards_obtained":["Pain"]},{"damage_healed":0.0,"max_hp_gain":0.0,"max_hp_loss":0.0,"gold_gain":0.0,"event_name":"The Mausoleum","player_choice":"Opened","floor":19.0,"gold_loss":0.0,"damage_taken":0.0,"relics_obtained":["Potion Belt"]},{"damage_healed":0.0,"max_hp_gain":0.0,"max_hp_loss":0.0,"gold_gain":0.0,"event_name":"Vampires","player_choice":"Ignored","floor":20.0,"gold_loss":0.0,"damage_taken":0.0}],"is_beta":false,"boss_relics":[{"not_picked":["Calling Bell","Cursed Key"],"picked":"Astrolabe"}],"items_purged_floors":[],"is_endless":false,"potions_floor_spawned":[1,5,6,10,13,16,18,23],"killed_by":"3 Cultists","ascension_level":4}