{"gold_per_floor":[111,111,36,53,53,69,69,98,121,136,150,150,99,119,119,119],"floor_reached":16,"playtime":431,"items_purged":["Strike_R"],"score":189,"play_id":"39f82234-b3ae-4cae-a6f3-29f4c053c2cb","local_time":"20190102192951","is_ascension_mode":true,"campfire_choices":[{"data":"Limit Break","floor":12,"key":"SMITH"},{"data":"Armaments","floor":15,"key":"SMITH"}],"neow_cost":"NONE","seed_source_timestamp":2231635280068972,"circlet_count":0,"master_deck":["AscendersBane","Strike_R","Strike_R","Strike_R","Defend_R","Defend_R","Defend_R","Defend_R","Bash","Infernal Blade","Ghostly Armor","Armaments+1","Limit Break+1","Headbutt","Pummel","Shrug It Off","Shrug It Off"],"relics":["Burning Blood","NeowsBlessing","Lantern","Blood Vial","Pen Nib"],"potions_floor_usage":[8,8],"damage_taken":[{"damage":0,"enemies":"Jaw Worm","floor":1,"turns":1},{"damage":0,"enemies":"Small Slimes","floor":4,"turns":1},{"damage":0,"enemies":"Cultist","floor":6,"turns":1},{"damage":43,"enemies":"Gremlin Nob","floor":8,"turns":6},{"damage":15,"enemies":"Gremlin Gang","floor":10,"turns":4},{"damage":14,"enemies":"Exordium Thugs","floor":11,"turns":5},{"damage":1,"enemies":"Looter","floor":14,"turns":2},{"damage":34,"enemies":"Hexaghost","floor":16,"turns":9}],"seed_played":"-8240724149825369341","potions_obtained":[{"floor":1,"key":"Explosive Potion"},{"floor":6,"key":"SpeedPotion"},{"floor":11,"key":"FearPotion"}],"is_trial":false,"path_per_floor":["M","?","$","M","?","M","?","E","T","M","M","R","$","M","R","B"],"character_chosen":"IRONCLAD","items_purchased":["Shrug It Off"],"campfire_rested":0,"item_purchase_floors":[13],"current_hp_per_floor":[74,67,67,73,73,75,75,38,38,31,25,25,25,32,32,0],"gold":119,"neow_bonus":"THREE_ENEMY_KILL","is_prod":false,"is_daily":false,"chose_seed":false,"campfire_upgraded":2,"win_rate":0,"timestamp":1546453791,"path_taken":["M","?","$","M","?","M","?","E","T","M","M","R","?","M","R","BOSS"],"build_version":"2018-12-20","purchased_purges":1,"victory":false,"max_hp_per_floor":[75,75,75,75,75,75,75,75,75,75,75,75,75,75,75,75],"card_choices":[{"not_picked":["Clothesline","Pommel Strike"],"picked":"Infernal Blade","floor":1},{"not_picked":["Uppercut","Thunderclap"],"picked":"Ghostly Armor","floor":4},{"not_picked":["Wild Strike","Metallicize"],"picked":"Armaments","floor":6},{"not_picked":["Dropkick","Reckless Charge"],"picked":"Limit Break","floor":8},{"not_picked":["Havoc","Cleave"],"picked":"Headbutt","floor":10},{"not_picked":["Clothesline","Wild Strike"],"picked":"Pummel","floor":11},{"not_picked":["Havoc","Anger"],"picked":"Shrug It Off","floor":14}],"player_experience":661704,"relics_obtained":[{"floor":8,"key":"Blood Vial"},{"floor":9,"key":"Pen Nib"}],"event_choices":[{"cards_removed":["Strike_R"],"damage_healed":0,"gold_gain":0,"player_choice":"Card Removal","damage_taken":7,"max_hp_gain":0,"max_hp_loss":0,"event_name":"Golden Wing","floor":2,"gold_loss":0},{"damage_healed":0,"gold_gain":0,"player_choice":"Ignored","damage_taken":0,"max_hp_gain":0,"max_hp_loss":0,"event_name":"Liars Game","floor":5,"gold_loss":0},{"damage_healed":0,"gold_gain":0,"player_choice":"Searched \u00271\u0027 times","damage_taken":0,"relics_obtained":["Lantern"],"max_hp_gain":0,"max_hp_loss":0,"event_name":"Dead Adventurer","floor":7,"gold_loss":0}],"is_beta":false,"boss_relics":[],"items_purged_floors":[3],"is_endless":false,"potions_floor_spawned":[1,6,11],"killed_by":"Hexaghost","ascension_level":17}