{"gold_per_floor":[219,59,71,71,82,113,113,145,171,171,171,183,212,223,223,327,327,347,272,287,287,300,326,345,345,370,370],"floor_reached":27,"playtime":1192,"items_purged":["Strike_G"],"score":320,"play_id":"1263cd5f-6678-401c-8fe0-d06ac97d2383","local_time":"20190129221647","is_ascension_mode":true,"campfire_choices":[{"data":"Catalyst","floor":7.0,"key":"SMITH"},{"floor":15.0,"key":"REST"}],"neow_cost":"NONE","seed_source_timestamp":173239555158884,"circlet_count":0,"master_deck":["Defend_G+1","Defend_G+1","Defend_G+1","Defend_G+1","Defend_G+1","Strike_G+1","Strike_G+1","Survivor","Neutralize","Catalyst+1","Deadly Poison","Footwork+1","Backstab","Deadly Poison","Poisoned Stab","Bane","Bane","Noxious Fumes","Deflect"],"special_seed":0,"relics":["Ring of the Snake","Blood Vial","War Paint","Oddly Smooth Stone","Juzu Bracelet","Empty Cage","The Courier","Bag of Marbles"],"potions_floor_usage":[27],"damage_taken":[{"damage":0.0,"enemies":"Cultist","floor":1.0,"turns":4.0},{"damage":0.0,"enemies":"Small Slimes","floor":3.0,"turns":4.0},{"damage":0.0,"enemies":"2 Louse","floor":5.0,"turns":2.0},{"damage":23.0,"enemies":"Lagavulin","floor":6.0,"turns":6.0},{"damage":18.0,"enemies":"Gremlin Nob","floor":8.0,"turns":3.0},{"damage":3.0,"enemies":"Gremlin Gang","floor":12.0,"turns":6.0},{"damage":0.0,"enemies":"Lagavulin","floor":13.0,"turns":3.0},{"damage":0.0,"enemies":"Large Slime","floor":14.0,"turns":2.0},{"damage":44.0,"enemies":"Slime Boss","floor":16.0,"turns":10.0},{"damage":13.0,"enemies":"3 Byrds","floor":18.0,"turns":6.0},{"damage":0.0,"enemies":"Chosen","floor":20.0,"turns":4.0},{"damage":30.0,"enemies":"Centurion and Healer","floor":22.0,"turns":8.0},{"damage":18.0,"enemies":"Book of Stabbing","floor":23.0,"turns":6.0},{"damage":4.0,"enemies":"Snecko","floor":24.0,"turns":5.0},{"damage":10,"enemies":"Chosen and Byrds","floor":27,"turns":5}],"seed_played":"5467283622403625419","potions_obtained":[{"floor":1.0,"key":"GamblersBrew"},{"floor":12.0,"key":"Swift Potion"},{"floor":13.0,"key":"Energy Potion"},{"floor":20.0,"key":"SpeedPotion"},{"floor":22.0,"key":"Poison Potion"},{"floor":23.0,"key":"SkillPotion"}],"is_trial":false,"path_per_floor":["M","$","M","$","M","E","R","E","T","?","?","M","E","M","R","B",null,"M","$","M","?","M","E","M","?","T","M"],"character_chosen":"THE_SILENT","items_purchased":["Deadly Poison","Footwork","Backstab"],"campfire_rested":1,"item_purchase_floors":[2,2,2],"current_hp_per_floor":[70,70,70,70,70,47,47,31,31,31,31,30,32,34,55,13,70,57,57,59,50,22,6,4,4,4,0],"gold":370,"neow_bonus":"HUNDRED_GOLD","is_prod":false,"is_daily":false,"chose_seed":false,"campfire_upgraded":1,"win_rate":0,"timestamp":1548821807,"path_taken":["M","$","M","$","?","E","R","E","T","?","?","M","E","M","R","BOSS","M","$","M","?","M","E","M","?","T","M"],"build_version":"2019-01-23","purchased_purges":1,"victory":false,"max_hp_per_floor":[70,70,70,70,70,70,70,70,70,70,70,70,70,70,70,70,70,70,70,70,70,70,70,70,70,70,70],"card_choices":[{"not_picked":["Quick Slash","Outmaneuver"],"picked":"Catalyst","floor":1.0},{"not_picked":["Dagger Spray","Outmaneuver"],"picked":"Deadly Poison","floor":3.0},{"not_picked":["Expertise","Heel Hook","Skewer"],"picked":"SKIP","floor":5.0},{"not_picked":["Skewer","Malaise"],"picked":"Poisoned Stab","floor":6.0},{"not_picked":["Bouncing Flask","Skewer","Endless Agony"],"picked":"SKIP","floor":8.0},{"not_picked":["Cloak And Dagger","Sucker Punch","Concentrate"],"picked":"SKIP","floor":12.0},{"not_picked":["PiercingWail","Calculated Gamble","Concentrate"],"picked":"SKIP","floor":13.0},{"not_picked":["PiercingWail","Dodge and Roll"],"picked":"Bane","floor":14.0},{"not_picked":["Slice+1","Distraction+1"],"picked":"Bane","floor":18.0},{"not_picked":["All Out Attack","PiercingWail"],"picked":"Noxious Fumes","floor":20.0},{"not_picked":["Dagger Spray","Deflect","Flechettes"],"picked":"SKIP","floor":22.0},{"not_picked":["Quick Slash","Blade Dance+1"],"picked":"Deflect","floor":23.0},{"not_picked":["Distraction","PiercingWail","Blade Dance"],"picked":"SKIP","floor":24.0}],"player_experience":264795,"relics_obtained":[{"floor":6.0,"key":"Blood Vial"},{"floor":8.0,"key":"War Paint"},{"floor":9.0,"key":"Oddly Smooth Stone"},{"floor":13.0,"key":"Juzu Bracelet"},{"floor":23.0,"key":"The Courier"},{"floor":26.0,"key":"Bag of Marbles"}],"event_choices":[{"damage_healed":0.0,"max_hp_gain":0.0,"max_hp_loss":0.0,"gold_gain":0.0,"event_name":"Liars Game","player_choice":"Ignored","floor":10.0,"gold_loss":0.0,"damage_taken":0.0},{"damage_healed":0.0,"max_hp_gain":0.0,"max_hp_loss":0.0,"gold_gain":0.0,"event_name":"Upgrade Shrine","player_choice":"Upgraded","floor":11.0,"gold_loss":0.0,"damage_taken":0.0,"cards_upgraded":["Footwork"]},{"damage_healed":0.0,"max_hp_gain":0.0,"max_hp_loss":0.0,"gold_gain":0.0,"event_name":"Cursed Tome","player_choice":"Stopped","floor":21.0,"gold_loss":0.0,"damage_taken":9.0},{"damage_healed":0.0,"max_hp_gain":0.0,"max_hp_loss":0.0,"gold_gain":0.0,"event_name":"Back to Basics","player_choice":"Simplicity","floor":25.0,"gold_loss":0.0,"damage_taken":0.0,"cards_upgraded":["Defend_G","Defend_G","Defend_G","Strike_G","Strike_G"]}],"is_beta":false,"boss_relics":[{"not_picked":["Eternal Feather","Runic Dome"],"picked":"Empty Cage"}],"items_purged_floors":[19],"is_endless":false,"potions_floor_spawned":[1,12,13,20,22,23],"killed_by":"Chosen and Byrds","ascension_level":3}