{"gold_per_floor":[116,135,135,148,98,125,125,125,125,170,194,226,251,277,289,400,412,442,454,466,45,65,93,192,203,203,217,235,263,263,276,276,376,376,389,389,64,164,180,208,224,224,270,270,287,298,309,327,327,327,327,327,21,49,49],"floor_reached":56,"playtime":6188,"items_purged":["Strike_B","Strike_B"],"score":1285,"play_id":"74e3e0df-f412-4309-8bb8-e380c72dc499","local_time":"20190202165022","is_ascension_mode":false,"campfire_choices":[{"data":"Defragment","floor":8,"key":"SMITH"},{"floor":15,"key":"REST"},{"data":"Defragment","floor":30,"key":"SMITH"},{"floor":32,"key":"REST"},{"floor":42,"key":"REST"},{"floor":44,"key":"RECALL"},{"data":"Blizzard","floor":49,"key":"SMITH"},{"data":"Machine Learning","floor":52,"key":"SMITH"}],"neow_cost":"TEN_PERCENT_HP_LOSS","seed_source_timestamp":243984433120598,"circlet_count":0,"master_deck":["Strike_B+1","Defend_B","Defend_B","Defend_B","Defend_B","Zap","Dualcast","Rebound","Go for the Eyes+1","Defragment+1","Cold Snap","Auto Shields","Aggregate","Blizzard+1","Machine Learning+1","Barrage+1","Cold Snap","Defragment+1","Bandage Up+1","Master of Strategy+1","Conserve Battery+1","Undo+1","Glacier+1","White Noise+1","Undo+1","Seek+1","Amplify+1","Go for the Eyes+1","Secret Technique+1","Discovery+1","White Noise+1","Consume+1","Skim+1","Reinforced Body+1","Conserve Battery+1","White Noise+1","Cold Snap","Stack+1","Coolheaded+1","Reprogram+1"],"relics":["Cracked Core","Torii","Ice Cream","Potion Belt","Matryoshka","MawBank","Omamori","Inserter","Regal Pillow","Whetstone","Toxic Egg 2","Smiling Mask","Gremlin Horn","Blue Candle","Velvet Choker","Ginger","Dream Catcher","Pen Nib","Mummified Hand","Gambling Chip"],"potions_floor_usage":[6,16,18,31,38,50,55,55,55,55,55],"damage_taken":[{"damage":0,"enemies":"Small Slimes","floor":1,"turns":3},{"damage":6,"enemies":"Jaw Worm","floor":2,"turns":3},{"damage":2,"enemies":"2 Louse","floor":4,"turns":3},{"damage":8,"enemies":"Gremlin Nob","floor":6,"turns":5},{"damage":21,"enemies":"3 Sentries","floor":10,"turns":6},{"damage":8,"enemies":"Red Slaver","floor":11,"turns":3},{"damage":0,"enemies":"3 Louse","floor":12,"turns":4},{"damage":0,"enemies":"Exordium Wildlife","floor":13,"turns":3},{"damage":1,"enemies":"Looter","floor":14,"turns":3},{"damage":7,"enemies":"Hexaghost","floor":16,"turns":10},{"damage":2,"enemies":"Chosen","floor":18,"turns":5},{"damage":1,"enemies":"Shell Parasite","floor":22,"turns":7},{"damage":8,"enemies":"Book of Stabbing","floor":23,"turns":9},{"damage":7,"enemies":"Sentry and Sphere","floor":25,"turns":6},{"damage":2,"enemies":"Centurion and Healer","floor":27,"turns":9},{"damage":0,"enemies":"Snake Plant","floor":28,"turns":6},{"damage":35,"enemies":"Slavers","floor":29,"turns":9},{"damage":7,"enemies":"3 Cultists","floor":31,"turns":7},{"damage":0,"enemies":"Collector","floor":33,"turns":12},{"damage":15,"enemies":"3 Shapes","floor":35,"turns":6},{"damage":16,"enemies":"Mind Bloom Boss Battle","floor":38,"turns":6},{"damage":34,"enemies":"3 Darklings","floor":39,"turns":6},{"damage":0,"enemies":"Giant Head","floor":40,"turns":9},{"damage":0,"enemies":"Maw","floor":41,"turns":8},{"damage":19,"enemies":"4 Shapes","floor":45,"turns":7},{"damage":2,"enemies":"3 Darklings","floor":46,"turns":8},{"damage":1,"enemies":"Writhing Mass","floor":47,"turns":10},{"damage":1,"enemies":"Maw","floor":48,"turns":8},{"damage":18,"enemies":"Awakened One","floor":50,"turns":18},{"damage":48,"enemies":"Shield and Spear","floor":54,"turns":8},{"damage":21,"enemies":"The Heart","floor":55,"turns":14}],"seed_played":"-7139233497099420476","potions_obtained":[{"floor":1,"key":"SkillPotion"},{"floor":4,"key":"Swift Potion"},{"floor":6,"key":"SneckoOil"},{"floor":13,"key":"LiquidBronze"},{"floor":14,"key":"Ancient Potion"},{"floor":16,"key":"Swift Potion"},{"floor":18,"key":"GamblersBrew"},{"floor":22,"key":"Strength Potion"},{"floor":27,"key":"Strength Potion"},{"floor":29,"key":"FearPotion"},{"floor":35,"key":"PowerPotion"},{"floor":39,"key":"SteroidPotion"},{"floor":46,"key":"FearPotion"},{"floor":48,"key":"EssenceOfSteel"}],"is_trial":false,"path_per_floor":["M","M","?","M","?","E","?","R","T","E","M","M","M","M","R","B",null,"M","T","?","$","M","E","?","M","T","M","M","E","R","M","R","B",null,"M","?","$","?","M","E","M","R","T","R","M","M","M","M","R","B",null,"R","$","E","B",null],"character_chosen":"DEFECT","items_purchased":["Cold Snap","Defragment","Bandage Up+1","Master of Strategy+1","Secret Technique+1","Discovery+1","Mummified Hand","PowerPotion"],"campfire_rested":3,"item_purchase_floors":[21,21,21,21,37,37,53,53],"current_hp_per_floor":[68,62,59,57,57,49,49,49,49,28,20,20,20,19,39,32,68,66,66,66,66,68,62,62,61,61,65,68,39,39,38,68,68,68,53,53,53,43,15,21,27,62,62,62,49,53,58,63,63,51,68,68,68,20,5],"gold":49,"neow_bonus":"ONE_RARE_RELIC","is_prod":false,"is_daily":false,"chose_seed":false,"campfire_upgraded":4,"win_rate":0,"timestamp":1549155022,"path_taken":["M","M","?","M","?","E","?","R","T","E","M","M","M","M","R","BOSS","M","?","?","?","M","E","?","M","T","M","M","E","R","M","R","BOSS","M","?","$","?","M","E","M","R","T","R","M","M","M","M","R","BOSS","R","$","E","BOSS"],"build_version":"2019-01-23","purchased_purges":2,"victory":true,"max_hp_per_floor":[68,68,68,68,68,68,68,68,68,68,68,68,68,68,68,68,68,68,68,68,68,68,68,68,68,68,68,68,68,68,68,68,68,68,68,68,68,68,68,68,68,68,68,68,68,68,68,68,68,68,68,68,68,68,68],"card_choices":[{"not_picked":["Stack","Hologram"],"picked":"Rebound","floor":1},{"not_picked":["Storm","Gash"],"picked":"Go for the Eyes","floor":2},{"not_picked":["Stack","Recycle"],"picked":"Defragment","floor":4},{"not_picked":["Sweeping Beam","Thunder Strike","Darkness"],"picked":"SKIP","floor":6},{"not_picked":["Compile Driver","Stack"],"picked":"Cold Snap","floor":10},{"not_picked":["Sweeping Beam","Streamline","Redo"],"picked":"SKIP","floor":11},{"not_picked":["Doom and Gloom","Rip and Tear"],"picked":"Auto Shields","floor":12},{"not_picked":["Beam Cell","Rebound"],"picked":"Aggregate","floor":13},{"not_picked":["Reinforced Body","Multi-Cast"],"picked":"Blizzard","floor":14},{"not_picked":["Amplify","Hyperbeam"],"picked":"Machine Learning","floor":16},{"not_picked":["Gash+1","Genetic Algorithm"],"picked":"Barrage+1","floor":18},{"not_picked":["Blizzard","Steam+1"],"picked":"Conserve Battery+1","floor":22},{"not_picked":["Rebound","Darkness+1","Hello World+1"],"picked":"SKIP","floor":23},{"not_picked":["Streamline+1","Chaos+1"],"picked":"Undo+1","floor":25},{"not_picked":["Coolheaded+1","Beam Cell"],"picked":"Glacier+1","floor":27},{"not_picked":["Doom and Gloom+1","Rebound+1"],"picked":"White Noise+1","floor":28},{"not_picked":["Leap+1","Gash"],"picked":"Undo+1","floor":29},{"not_picked":["Gash","Turbo+1"],"picked":"Seek+1","floor":31},{"not_picked":["Electrodynamics","Biased Cognition"],"picked":"Amplify+1","floor":33},{"not_picked":["Redo+1","Recycle+1"],"picked":"Go for the Eyes+1","floor":35},{"not_picked":["Go for the Eyes","Gash"],"picked":"White Noise+1","floor":38},{"not_picked":["Static Discharge","Beam Cell+1"],"picked":"Consume+1","floor":39},{"not_picked":["Hologram+1","Sunder+1"],"picked":"Skim+1","floor":40},{"not_picked":["Gash","Force Field+1"],"picked":"Reinforced Body+1","floor":41},{"not_picked":["Redo+1","Ball Lightning+1"],"picked":"Conserve Battery+1","floor":42},{"not_picked":["Stack+1","Aggregate+1"],"picked":"White Noise+1","floor":45},{"not_picked":["Melter+1","Leap+1"],"picked":"Cold Snap","floor":46},{"not_picked":["Force Field+1","Beam Cell+1"],"picked":"Stack+1","floor":47},{"not_picked":["White Noise+1","Fusion+1"],"picked":"Coolheaded+1","floor":48},{"not_picked":["Go for the Eyes","Gash"],"picked":"Reprogram+1","floor":54}],"player_experience":171009,"relics_obtained":[{"floor":6,"key":"Potion Belt"},{"floor":9,"key":"MawBank"},{"floor":10,"key":"Omamori"},{"floor":19,"key":"Regal Pillow"},{"floor":19,"key":"Whetstone"},{"floor":23,"key":"Smiling Mask"},{"floor":26,"key":"Gremlin Horn"},{"floor":29,"key":"Blue Candle"},{"floor":38,"key":"Ginger"},{"floor":40,"key":"Dream Catcher"},{"floor":43,"key":"Pen Nib"},{"floor":54,"key":"Gambling Chip"}],"event_choices":[{"damage_healed":0,"gold_gain":0,"player_choice":"Success","damage_taken":3,"relics_obtained":["Ice Cream"],"max_hp_gain":0,"max_hp_loss":0,"event_name":"Scrap Ooze","floor":3,"gold_loss":0},{"cards_removed":["Strike_B"],"damage_healed":0,"gold_gain":0,"player_choice":"Card Removal","damage_taken":0,"max_hp_gain":0,"max_hp_loss":0,"event_name":"The Cleric","floor":5,"gold_loss":50},{"damage_healed":0,"gold_gain":0,"player_choice":"Gave Potion","damage_taken":0,"relics_obtained":["Matryoshka"],"max_hp_gain":0,"max_hp_loss":0,"event_name":"WeMeetAgain","floor":7,"gold_loss":0},{"damage_healed":0,"gold_gain":0,"player_choice":"Opened","damage_taken":0,"relics_obtained":["Toxic Egg 2"],"max_hp_gain":0,"max_hp_loss":0,"event_name":"The Mausoleum","floor":20,"gold_loss":0,"cards_obtained":["Writhe"]},{"damage_healed":0,"gold_gain":99,"player_choice":"Stole From Cult","damage_taken":0,"max_hp_gain":0,"max_hp_loss":0,"event_name":"Nest","floor":24,"gold_loss":0},{"damage_healed":0,"gold_gain":0,"player_choice":"Ignored","damage_taken":0,"max_hp_gain":0,"max_hp_loss":0,"event_name":"Tomb of Lord Red Mask","floor":36,"gold_loss":0},{"damage_healed":0,"gold_gain":0,"player_choice":"Fight","damage_taken":0,"max_hp_gain":0,"max_hp_loss":0,"event_name":"MindBloom","floor":38,"gold_loss":0}],"is_beta":false,"boss_relics":[{"not_picked":["Philosopher\u0027s Stone","Lizard Tail"],"picked":"Inserter"},{"not_picked":["Black Star","Coffee Dripper"],"picked":"Velvet Choker"}],"items_purged_floors":[21,37],"is_endless":false,"potions_floor_spawned":[1,4,6,13,14,16,18,22,27,29,35,39,45,46,48,54],"ascension_level":0}