{"gold_per_floor":[361,373,298,256,156,156,174,174,201,201,220,246,246,83,83,83],"floor_reached":16,"playtime":782,"items_purged":["Defend_G","Strike_G","Defend_G"],"score":108,"play_id":"a9a066ae-70f7-4a3f-b02d-53bb3dc9e2eb","local_time":"20190126174846","is_ascension_mode":true,"campfire_choices":[{"floor":6,"key":"REST"},{"data":"Neutralize","floor":8,"key":"SMITH"},{"floor":13,"key":"REST"},{"data":"Terror","floor":15,"key":"SMITH"}],"neow_cost":"PERCENT_DAMAGE","seed_source_timestamp":33826078100574,"circlet_count":0,"master_deck":["Defend_G","Defend_G","Defend_G","Strike_G","Strike_G","Strike_G","Strike_G","Survivor","Neutralize+1","Deflect","Heel Hook","Heel Hook","Terror+1"],"relics":["Ring of the Snake","Oddly Smooth Stone","Bag of Marbles"],"potions_floor_usage":[16],"damage_taken":[{"damage":2,"enemies":"Cultist","floor":1,"turns":4},{"damage":1,"enemies":"Small Slimes","floor":2,"turns":4},{"damage":1,"enemies":"2 Louse","floor":7,"turns":3},{"damage":1,"enemies":"Blue Slaver","floor":11,"turns":4},{"damage":20,"enemies":"Gremlin Nob","floor":12,"turns":5},{"damage":73,"enemies":"Hexaghost","floor":16,"turns":13}],"seed_played":"4872621258483837348","potions_obtained":[{"floor":11,"key":"SkillPotion"}],"is_trial":false,"path_per_floor":["M","M","$","?","$","R","M","R","T","?","M","E","R","$","R","B"],"character_chosen":"THE_SILENT","items_purchased":["Terror"],"campfire_rested":2,"item_purchase_floors":[14],"current_hp_per_floor":[47,46,46,46,46,67,66,66,66,71,70,50,72,72,72,0],"gold":83,"neow_bonus":"TWO_FIFTY_GOLD","is_prod":false,"is_daily":false,"chose_seed":false,"campfire_upgraded":2,"win_rate":0,"timestamp":1548521326,"path_taken":["M","M","$","?","$","R","M","R","T","?","M","E","R","$","R","BOSS"],"build_version":"2019-01-23","purchased_purges":3,"victory":false,"max_hp_per_floor":[70,70,70,70,70,70,70,70,70,75,75,75,75,75,75,75],"card_choices":[{"not_picked":["Outmaneuver","Underhanded Strike"],"picked":"Deflect","floor":1},{"not_picked":["Flying Knee","Dagger Spray","Poisoned Stab"],"picked":"SKIP","floor":2},{"not_picked":["Backflip","Finisher"],"picked":"Heel Hook","floor":7},{"not_picked":["PiercingWail","Footwork","Poisoned Stab"],"picked":"SKIP","floor":11},{"not_picked":["Sucker Punch","Caltrops"],"picked":"Heel Hook","floor":12}],"player_experience":61897,"relics_obtained":[{"floor":9,"key":"Oddly Smooth Stone"},{"floor":12,"key":"Bag of Marbles"}],"event_choices":[{"damage_healed":0,"gold_gain":0,"player_choice":"Left Gold","damage_taken":0,"max_hp_gain":0,"max_hp_loss":0,"event_name":"World of Goop","floor":4,"gold_loss":42},{"damage_healed":0,"gold_gain":0,"player_choice":"Donut","damage_taken":0,"max_hp_gain":5,"max_hp_loss":0,"event_name":"Big Fish","floor":10,"gold_loss":0}],"is_beta":false,"boss_relics":[],"items_purged_floors":[3,5,14],"is_endless":false,"potions_floor_spawned":[11],"killed_by":"Hexaghost","ascension_level":2}