{"gold_per_floor":[115,134,151,226,226,254,254,270,270,235,266,281,1,15,15,116,116,135,135,4,4,20,20,35,65,65,78,78,78],"floor_reached":29,"playtime":963,"items_purged":[],"score":319,"play_id":"b54bdc1f-6b4c-44b9-b11b-ecbc1f2ca2ff","local_time":"20181231221028","is_ascension_mode":true,"campfire_choices":[{"floor":7.0,"key":"REST"},{"floor":15.0,"key":"REST"},{"floor":23.0,"key":"REST"}],"neow_cost":"NONE","seed_source_timestamp":0,"circlet_count":0,"master_deck":["Strike_R","Strike_R","Strike_R","Strike_R","Defend_R+1","Defend_R","Defend_R","Defend_R+1","Bash","Twin Strike","Cleave","Sword Boomerang","Thunderclap","Clash","Pommel Strike","Flex","Hemokinesis","Flex","Power Through","Fiend Fire","Heavy Blade+1","Inflame","Heavy Blade","Offering","Clash","Clothesline","Feel No Pain","Disarm"],"special_seed":0,"relics":["Black Blood","Darkstone Periapt","Boot","Dodecahedron","Kunai","Lantern","Question Card","War Paint","MutagenicStrength"],"potions_floor_usage":[29],"damage_taken":[{"damage":6.0,"enemies":"Cultist","floor":1.0,"turns":3.0},{"damage":5.0,"enemies":"Small Slimes","floor":2.0,"turns":4.0},{"damage":9.0,"enemies":"Jaw Worm","floor":3.0,"turns":3.0},{"damage":65.0,"enemies":"Lagavulin","floor":6.0,"turns":7.0},{"damage":7.0,"enemies":"Large Slime","floor":8.0,"turns":4.0},{"damage":32.0,"enemies":"Gremlin Nob","floor":11.0,"turns":4.0},{"damage":6.0,"enemies":"3 Louse","floor":12.0,"turns":2.0},{"damage":9.0,"enemies":"Exordium Thugs","floor":14.0,"turns":4.0},{"damage":62.0,"enemies":"Slime Boss","floor":16.0,"turns":8.0},{"damage":28.0,"enemies":"2 Thieves","floor":18.0,"turns":4.0},{"damage":22.0,"enemies":"3 Byrds","floor":22.0,"turns":4.0},{"damage":6.0,"enemies":"3 Cultists","floor":24.0,"turns":2.0},{"damage":51.0,"enemies":"Book of Stabbing","floor":25.0,"turns":4.0},{"damage":21.0,"enemies":"Chosen and Byrds","floor":27.0,"turns":4.0},{"damage":22,"enemies":"Slavers","floor":29,"turns":3}],"seed_played":"-8282183708747881908","potions_obtained":[{"floor":1.0,"key":"BloodPotion"},{"floor":3.0,"key":"Regen Potion"},{"floor":16.0,"key":"AttackPotion"},{"floor":19.0,"key":"EssenceOfSteel"},{"floor":19.0,"key":"FearPotion"},{"floor":19.0,"key":"PowerPotion"},{"floor":22.0,"key":"Energy Potion"},{"floor":27.0,"key":"FearPotion"}],"is_trial":false,"path_per_floor":["M","M","M","?","T","E","R","M","T","?","E","M","$","M","R","B",null,"M","?","$","?","M","R","M","E","T","M","?","E"],"character_chosen":"IRONCLAD","items_purchased":["Lantern","Hemokinesis","Flex","Inflame","Heavy Blade"],"campfire_rested":3,"item_purchase_floors":[13,13,13,20,20],"current_hp_per_floor":[88,88,85,74,74,23,49,48,48,70,53,53,53,50,76,20,71,53,53,53,53,41,67,71,30,30,19,19,0],"gold":78,"neow_bonus":"TEN_PERCENT_HP_BONUS","is_prod":false,"is_daily":false,"chose_seed":false,"campfire_upgraded":0,"win_rate":0,"timestamp":1546323028,"path_taken":["M","M","?","?","?","E","R","M","T","?","E","M","$","M","R","BOSS","M","?","$","?","?","R","M","E","T","M","?","E"],"build_version":"2018-12-20","purchased_purges":0,"victory":false,"max_hp_per_floor":[88,88,88,88,88,88,88,88,88,88,88,88,88,88,88,88,88,88,88,88,88,88,88,88,88,88,88,88,88],"card_choices":[{"not_picked":["Evolve","Infernal Blade"],"picked":"Twin Strike","floor":1.0},{"not_picked":["Anger","Rupture"],"picked":"Cleave","floor":2.0},{"not_picked":["Rupture","Anger"],"picked":"Sword Boomerang","floor":3.0},{"not_picked":["Heavy Blade","Wild Strike"],"picked":"Thunderclap","floor":6.0},{"not_picked":["Double Tap","Armaments"],"picked":"Clash","floor":8.0},{"not_picked":["Wild Strike","Rage"],"picked":"Pommel Strike","floor":11.0},{"not_picked":["Cleave","Shrug It Off"],"picked":"Flex","floor":12.0},{"not_picked":["Disarm","True Grit"],"picked":"Power Through","floor":14.0},{"not_picked":["Feed","Berserk"],"picked":"Fiend Fire","floor":16.0},{"not_picked":["Intimidate","Iron Wave"],"picked":"Heavy Blade+1","floor":18.0},{"not_picked":["Body Slam","Armaments"],"picked":"Clash","floor":22.0},{"not_picked":["Pommel Strike","Hemokinesis"],"picked":"Clothesline","floor":24.0},{"not_picked":["Battle Trance","Sentinel+1"],"picked":"Feel No Pain","floor":25.0},{"not_picked":["Dual Wield+1","Infernal Blade+1","Havoc"],"picked":"Disarm","floor":27.0}],"player_experience":251341,"relics_obtained":[{"floor":5.0,"key":"Darkstone Periapt"},{"floor":6.0,"key":"Boot"},{"floor":9.0,"key":"Dodecahedron"},{"floor":11.0,"key":"Kunai"},{"floor":25.0,"key":"Question Card"},{"floor":26.0,"key":"War Paint"}],"event_choices":[{"damage_healed":0.0,"max_hp_gain":0.0,"max_hp_loss":0.0,"gold_gain":75.0,"event_name":"World of Goop","player_choice":"Gather Gold","floor":4.0,"gold_loss":0.0,"damage_taken":11.0},{"damage_healed":22.0,"max_hp_gain":0.0,"max_hp_loss":0.0,"gold_gain":0.0,"event_name":"The Cleric","player_choice":"Healed","floor":10.0,"gold_loss":35.0,"damage_taken":0.0},{"damage_healed":0.0,"max_hp_gain":0.0,"max_hp_loss":0.0,"gold_gain":0.0,"event_name":"Lab","player_choice":"Got Potions","floor":19.0,"gold_loss":0.0,"damage_taken":0.0},{"damage_healed":0.0,"max_hp_gain":0.0,"max_hp_loss":0.0,"gold_gain":0.0,"cards_transformed":["Strike_R"],"event_name":"Transmorgrifier","player_choice":"Transformed","floor":21.0,"gold_loss":0.0,"damage_taken":0.0,"cards_obtained":["Offering"]},{"damage_healed":0.0,"max_hp_gain":0.0,"max_hp_loss":0.0,"gold_gain":0.0,"event_name":"Drug Dealer","player_choice":"Inject Mutagens","floor":28.0,"gold_loss":0.0,"damage_taken":0.0,"relics_obtained":["MutagenicStrength"]}],"is_beta":false,"boss_relics":[{"not_picked":["Astrolabe","Busted Crown"],"picked":"Black Blood"}],"items_purged_floors":[],"is_endless":false,"potions_floor_spawned":[1,3,16,22,27],"killed_by":"Slavers","ascension_level":5}