{"gold_per_floor":[115,90,108,125,125,125,125,158,185,202,260,260,304,324,324,443,506,527,452,468,100,100,100,100,116,116,134,169,169,188,188,188,188],"floor_reached":33,"playtime":3808,"items_purged":[],"score":275,"play_id":"c28ba5fb-dd81-4eae-8c00-6cbf7c507dd9","local_time":"20181225164605","is_ascension_mode":false,"campfire_choices":[{"floor":6,"key":"REST"},{"floor":15,"key":"REST"},{"data":"Fiend Fire","floor":23,"key":"SMITH"},{"floor":29,"key":"REST"},{"data":"Dark Embrace","floor":32,"key":"SMITH"}],"neow_cost":"","seed_source_timestamp":321560250770665,"circlet_count":0,"master_deck":["Strike_R","Strike_R","Strike_R","Strike_R","Strike_R","Defend_R","Defend_R","Defend_R+1","Defend_R","Bash","Seeing Red","Clash+1","Sever Soul","Iron Wave+1","Perfected Strike","Reaper","Headbutt","Feed","Clash","Dark Embrace+1","Pommel Strike","True Grit+1","Clash+1","Seeing Red","Master of Strategy","Fiend Fire+1","Writhe","Perfected Strike","Pommel Strike","Burning Pact+1","Warcry","Shockwave"],"relics":["Burning Blood","WarpedTongs","Juzu Bracelet","Orichalcum","Potion Belt","Golden Idol","Bottled Flame","Tiny House","Anchor","Pantograph","Gremlin Horn"],"potions_floor_usage":[28,33,33,33],"damage_taken":[{"damage":8,"enemies":"Cultist","floor":1,"turns":5},{"damage":11,"enemies":"2 Louse","floor":3,"turns":3},{"damage":10,"enemies":"Small Slimes","floor":4,"turns":5},{"damage":25,"enemies":"Lagavulin","floor":8,"turns":6},{"damage":4,"enemies":"Blue Slaver","floor":10,"turns":2},{"damage":19,"enemies":"Gremlin Nob","floor":11,"turns":4},{"damage":8,"enemies":"Gremlin Nob","floor":13,"turns":4},{"damage":2,"enemies":"2 Fungi Beasts","floor":14,"turns":3},{"damage":46,"enemies":"The Guardian","floor":16,"turns":8},{"damage":6,"enemies":"Chosen","floor":18,"turns":4},{"damage":19,"enemies":"2 Thieves","floor":20,"turns":4},{"damage":15,"enemies":"Snecko","floor":25,"turns":4},{"damage":9,"enemies":"Chosen and Byrds","floor":27,"turns":5},{"damage":37,"enemies":"Gremlin Leader","floor":28,"turns":9},{"damage":15,"enemies":"Cultist and Chosen","floor":30,"turns":7},{"damage":93,"enemies":"Champ","floor":33,"turns":12}],"seed_played":"7754865882418073361","potions_obtained":[{"floor":4,"key":"SpeedPotion"},{"floor":10,"key":"Weak Potion"},{"floor":11,"key":"Poison Potion"},{"floor":14,"key":"Poison Potion"},{"floor":17,"key":"SteroidPotion"}],"is_trial":false,"path_per_floor":["M","$","M","M","?","R","?","E","T","M","?","?","E","M","R","B",null,"M","?","M","$","?","R","?","M","T","M","E","R","M","?","R","B"],"character_chosen":"IRONCLAD","items_purchased":["Clash","Seeing Red","Master of Strategy","Fiend Fire"],"campfire_rested":3,"item_purchase_floors":[2,21,21,21],"current_hp_per_floor":[78,78,73,69,53,77,77,58,58,60,47,47,45,57,74,34,79,79,79,66,66,66,66,66,57,57,61,42,65,66,66,66,0],"gold":188,"neow_bonus":"","is_prod":false,"is_daily":false,"chose_seed":false,"campfire_upgraded":2,"win_rate":0.0,"timestamp":1545768965,"path_taken":["M","$","M","M","?","R","?","E","T","M","?","?","E","M","R","BOSS","M","?","M","$","?","R","?","M","T","M","E","R","M","?","R","BOSS"],"build_version":"2018-12-20","purchased_purges":0,"victory":false,"max_hp_per_floor":[80,80,80,80,80,80,80,80,80,80,80,74,74,74,74,74,79,79,79,79,79,79,79,79,79,79,79,79,79,79,79,79,79],"card_choices":[{"not_picked":["Pommel Strike","Sword Boomerang"],"picked":"Seeing Red","floor":1},{"not_picked":["Warcry","Armaments"],"picked":"Sever Soul","floor":3},{"not_picked":["Disarm","Twin Strike"],"picked":"Iron Wave","floor":4},{"not_picked":["Thunderclap","Iron Wave"],"picked":"Perfected Strike","floor":8},{"not_picked":["Rage","Fire Breathing"],"picked":"Reaper","floor":10},{"not_picked":["Sword Boomerang","Ghostly Armor"],"picked":"Headbutt","floor":11},{"not_picked":["Intimidate","Disarm"],"picked":"Feed","floor":13},{"not_picked":["Armaments","Anger"],"picked":"Clash","floor":14},{"not_picked":["Berserk","Feed"],"picked":"Dark Embrace","floor":16},{"not_picked":["Combust","Cleave"],"picked":"Pommel Strike","floor":17},{"not_picked":["Power Through+1","Clash+1"],"picked":"True Grit+1","floor":18},{"not_picked":["Flex","Pommel Strike"],"picked":"Clash+1","floor":20},{"not_picked":["True Grit+1","Burning Pact"],"picked":"Perfected Strike","floor":25},{"not_picked":["Hemokinesis+1","Clothesline"],"picked":"Pommel Strike","floor":27},{"not_picked":["Hemokinesis","Inflame+1"],"picked":"Burning Pact+1","floor":28},{"not_picked":["Headbutt","Juggernaut"],"picked":"Warcry","floor":30}],"player_experience":0,"relics_obtained":[{"floor":8,"key":"Juzu Bracelet"},{"floor":9,"key":"Orichalcum"},{"floor":11,"key":"Potion Belt"},{"floor":13,"key":"Bottled Flame"},{"floor":26,"key":"Pantograph"},{"floor":28,"key":"Gremlin Horn"}],"event_choices":[{"damage_healed":0,"gold_gain":0,"player_choice":"Entered Light","damage_taken":16,"max_hp_gain":0,"max_hp_loss":0,"event_name":"Shining Light","floor":5,"gold_loss":0,"cards_upgraded":["Defend_R","Iron Wave"]},{"damage_healed":0,"gold_gain":0,"player_choice":"Rummage","damage_taken":0,"relics_obtained":["WarpedTongs"],"max_hp_gain":0,"max_hp_loss":0,"event_name":"Accursed Blacksmith","floor":7,"gold_loss":0,"cards_obtained":["Pain"]},{"damage_healed":0,"gold_gain":0,"player_choice":"Searched \u00272\u0027 times","damage_taken":0,"max_hp_gain":0,"max_hp_loss":0,"event_name":"Dead Adventurer","floor":11,"gold_loss":0},{"damage_healed":0,"gold_gain":0,"player_choice":"Lose Max HP","damage_taken":0,"relics_obtained":["Golden Idol"],"max_hp_gain":0,"max_hp_loss":6,"event_name":"Golden Idol","floor":12,"gold_loss":0},{"cards_removed":["Pain"],"damage_healed":0,"gold_gain":0,"player_choice":"Gave Gold","damage_taken":0,"max_hp_gain":0,"max_hp_loss":0,"event_name":"Beggar","floor":19,"gold_loss":75},{"damage_healed":0,"gold_gain":0,"player_choice":"Opened","damage_taken":0,"relics_obtained":["Anchor"],"max_hp_gain":0,"max_hp_loss":0,"event_name":"The Mausoleum","floor":22,"gold_loss":0,"cards_obtained":["Writhe"]},{"damage_healed":0,"gold_gain":0,"player_choice":"Ignored","damage_taken":0,"max_hp_gain":0,"max_hp_loss":0,"event_name":"Vampires","floor":24,"gold_loss":0},{"damage_healed":0,"gold_gain":0,"player_choice":"Read","damage_taken":0,"max_hp_gain":0,"max_hp_loss":0,"event_name":"The Library","floor":31,"gold_loss":0,"cards_obtained":["Shockwave"]}],"is_beta":false,"boss_relics":[{"not_picked":["Lizard Tail","Empty Cage"],"picked":"Tiny House"}],"items_purged_floors":[],"is_endless":false,"potions_floor_spawned":[4,10,11,14,20,25],"killed_by":"Champ","ascension_level":0}