{"gold_per_floor":[109,109,126,137,137,137,62,81,81,57,75,88,106,125,125,223,223,238,238,257,257,221,221,241,267,267,267,279,291,291,40],"floor_reached":31,"playtime":1033,"items_purged":["Strike_B"],"score":231,"play_id":"913309de-3f46-4070-9d15-c9b44e25b76b","local_time":"20190201232152","is_ascension_mode":false,"campfire_choices":[{"data":"Zap","floor":6,"key":"SMITH"},{"data":"Conserve Battery","floor":15,"key":"SMITH"},{"data":"Static Discharge","floor":23,"key":"SMITH"},{"floor":27,"key":"REST"}],"neow_cost":"NONE","seed_source_timestamp":268274574212858,"circlet_count":0,"master_deck":["Strike_B+1","Defend_B+1","Defend_B+1","Defend_B+1","Zap+1","Dualcast","Cold Snap","Steam","Sunder","Gash","Rebound","Compile Driver","Chill","Hologram","Conserve Battery+1","Seek","FTL","Compile Driver","Static Discharge+1","Static Discharge","Core Surge"],"relics":["Cracked Core","Shuriken"],"potions_floor_usage":[],"damage_taken":[{"damage":2,"enemies":"Small Slimes","floor":1,"turns":4},{"damage":0,"enemies":"Cultist","floor":3,"turns":3},{"damage":6,"enemies":"Jaw Worm","floor":4,"turns":2},{"damage":0,"enemies":"Exordium Wildlife","floor":8,"turns":3},{"damage":5,"enemies":"Blue Slaver","floor":11,"turns":3},{"damage":0,"enemies":"Looter","floor":12,"turns":2},{"damage":0,"enemies":"3 Louse","floor":13,"turns":3},{"damage":6,"enemies":"Red Slaver","floor":14,"turns":2},{"damage":48,"enemies":"Hexaghost","floor":16,"turns":10},{"damage":0,"enemies":"Chosen","floor":18,"turns":4},{"damage":22,"enemies":"2 Thieves","floor":20,"turns":5},{"damage":22,"enemies":"Snake Plant","floor":24,"turns":4},{"damage":3,"enemies":"Cultist and Chosen","floor":28,"turns":5},{"damage":10,"enemies":"Shelled Parasite and Fungi","floor":29,"turns":4}],"seed_played":"1314888205122153541","potions_obtained":[{"floor":3,"key":"Poison Potion"},{"floor":11,"key":"Swift Potion"},{"floor":12,"key":"Dexterity Potion"},{"floor":14,"key":"Regen Potion"},{"floor":24,"key":"FocusPotion"}],"is_trial":false,"path_per_floor":["M","?","M","M","?","R","$","M","T","$","M","M","M","M","R","B",null,"M","?","M","?","$","R","M","T","T","R","M","M","?","$"],"character_chosen":"DEFECT","items_purchased":["Rebound","Static Discharge","Shuriken"],"campfire_rested":1,"item_purchase_floors":[10,22,31],"current_hp_per_floor":[80,80,80,74,74,74,74,74,74,74,69,69,69,63,63,15,82,82,82,60,60,60,60,38,38,38,62,59,49,49,49],"gold":40,"neow_bonus":"TEN_PERCENT_HP_BONUS","is_prod":false,"is_daily":false,"chose_seed":false,"campfire_upgraded":3,"win_rate":0,"timestamp":1549075912,"path_taken":["M","?","M","M","?","R","$","M","T","$","M","M","?","M","R","BOSS","M","?","M","?","$","R","?","?","T","R","M","M","?","$"],"build_version":"2019-01-23","purchased_purges":1,"victory":false,"max_hp_per_floor":[82,82,82,82,82,82,82,82,82,82,82,82,82,82,82,82,82,82,82,82,82,82,82,82,82,82,82,82,82,82,82],"card_choices":[{"not_picked":["Gash","Hologram"],"picked":"Cold Snap","floor":1},{"not_picked":["Hologram","Melter"],"picked":"Sunder","floor":3},{"not_picked":["Beam Cell","Streamline","Go for the Eyes"],"picked":"SKIP","floor":4},{"not_picked":["Recycle","Stack"],"picked":"Gash","floor":8},{"not_picked":["Cold Snap","Steam"],"picked":"Compile Driver","floor":11},{"not_picked":["Hyperbeam","Cold Snap"],"picked":"Chill","floor":12},{"not_picked":["Ball Lightning","Streamline"],"picked":"Hologram","floor":13},{"not_picked":["Go for the Eyes","Cold Snap"],"picked":"Conserve Battery","floor":14},{"not_picked":["Thunder Strike","Core Surge"],"picked":"Seek","floor":16},{"not_picked":["Hologram","Lockon+1","Steam+1"],"picked":"SKIP","floor":18},{"not_picked":["Conserve Battery","Turbo"],"picked":"Compile Driver","floor":20},{"not_picked":["Doom and Gloom","Streamline","Auto Shields"],"picked":"SKIP","floor":24},{"not_picked":["Steam Power","Rebound"],"picked":"Static Discharge","floor":28},{"not_picked":["Ball Lightning","Steam Power"],"picked":"Core Surge","floor":29}],"player_experience":311788,"relics_obtained":[],"event_choices":[{"damage_healed":0,"gold_gain":0,"cards_transformed":["Strike_B"],"player_choice":"Change","damage_taken":0,"max_hp_gain":0,"max_hp_loss":0,"event_name":"Living Wall","floor":2,"gold_loss":0,"cards_obtained":["Steam"]},{"cards_removed":["Defend_B"],"damage_healed":0,"gold_gain":0,"player_choice":"Offered Basic","damage_taken":0,"max_hp_gain":0,"max_hp_loss":0,"event_name":"Bonfire Elementals","floor":5,"gold_loss":0},{"damage_healed":0,"gold_gain":0,"player_choice":"Read","damage_taken":0,"max_hp_gain":0,"max_hp_loss":0,"event_name":"The Library","floor":19,"gold_loss":0,"cards_obtained":["FTL"]},{"cards_removed":["Strike_B"],"damage_healed":0,"gold_gain":0,"player_choice":"Purged","damage_taken":0,"max_hp_gain":0,"max_hp_loss":0,"event_name":"Purifier","floor":21,"gold_loss":0},{"damage_healed":0,"gold_gain":0,"player_choice":"Simplicity","damage_taken":0,"max_hp_gain":0,"max_hp_loss":0,"event_name":"Back to Basics","floor":30,"gold_loss":0,"cards_upgraded":["Strike_B","Defend_B","Defend_B","Defend_B"]}],"is_beta":false,"boss_relics":[{"not_picked":["Busted Crown","Nuclear Battery","Inserter"]}],"items_purged_floors":[7],"is_endless":false,"potions_floor_spawned":[3,11,12,14,24,29],"ascension_level":0}