{"gold_per_floor":[116,130,130,33,58,86,106,121,173,214,226,238,210,200,212,224],"floor_reached":16,"playtime":759,"items_purged":["Strike_G"],"score":176,"play_id":"14670a2d-0ba7-4300-a968-417011c2a6e4","local_time":"20190201231938","is_ascension_mode":true,"campfire_choices":[{"data":"Neutralize","floor":11,"key":"SMITH"},{"floor":15,"key":"REST"}],"neow_cost":"NONE","seed_source_timestamp":437461931035072,"circlet_count":0,"master_deck":["Defend_G","Defend_G","Defend_G","Defend_G","Defend_G","Strike_G","Strike_G","Strike_G","Strike_G","Survivor","Neutralize+1","Dagger Throw","Dodge and Roll","Deadly Poison","Poisoned Stab","Catalyst"],"special_seed":0,"relics":["Ring of the Snake","NeowsBlessing","Singing Bowl","Regal Pillow","Anchor","MawBank","Bag of Preparation","Golden Idol"],"potions_floor_usage":[10,16,16,16],"damage_taken":[{"damage":0.0,"enemies":"Small Slimes","floor":1.0,"turns":1.0},{"damage":0.0,"enemies":"Cultist","floor":2.0,"turns":1.0},{"damage":0.0,"enemies":"Lagavulin","floor":6.0,"turns":1.0},{"damage":0.0,"enemies":"2 Louse","floor":7.0,"turns":3.0},{"damage":2.0,"enemies":"Looter","floor":8.0,"turns":5.0},{"damage":42,"enemies":"3 Sentries","floor":10,"turns":16},{"damage":8,"enemies":"Exordium Thugs","floor":14,"turns":5},{"damage":54,"enemies":"Slime Boss","floor":16,"turns":8}],"seed_played":"-7576934075028466271","potions_obtained":[{"floor":2.0,"key":"SteroidPotion"},{"floor":6.0,"key":"AttackPotion"},{"floor":8.0,"key":"Dexterity Potion"},{"floor":10,"key":"GamblersBrew"},{"floor":13,"key":"Swift Potion"}],"is_trial":false,"path_per_floor":["M","M","?","$","T","E","M","M","T","E","R","?","?","M","R","B"],"character_chosen":"THE_SILENT","items_purchased":["Dodge and Roll"],"campfire_rested":1,"item_purchase_floors":[4],"current_hp_per_floor":[63,63,63,63,63,63,65,65,65,23,23,23,23,15,50,0],"gold":224,"neow_bonus":"THREE_ENEMY_KILL","is_prod":false,"is_daily":false,"chose_seed":false,"campfire_upgraded":1,"win_rate":0,"timestamp":1549084778,"path_taken":["M","M","?","$","?","E","M","?","T","E","R","?","?","M","R","BOSS"],"build_version":"2019-01-23","purchased_purges":1,"victory":false,"max_hp_per_floor":[70,70,70,70,70,70,72,74,74,74,74,69,69,69,69,69],"card_choices":[{"not_picked":["Expertise","Slice"],"picked":"Dagger Throw","floor":1.0},{"not_picked":["All Out Attack","Setup","Sucker Punch"],"picked":"SKIP","floor":2.0},{"not_picked":["Prepared","Bane"],"picked":"Deadly Poison","floor":6.0},{"not_picked":["Prepared","Outmaneuver","Cloak And Dagger"],"picked":"Singing Bowl","floor":7.0},{"not_picked":["Reflex","Slice","Caltrops"],"picked":"Singing Bowl","floor":8.0},{"not_picked":["Prepared","A Thousand Cuts"],"picked":"Poisoned Stab","floor":10},{"not_picked":["Backstab","Cloak And Dagger"],"picked":"Catalyst","floor":14}],"player_experience":304172,"relics_obtained":[{"floor":5.0,"key":"Regal Pillow"},{"floor":6.0,"key":"Anchor"},{"floor":9.0,"key":"MawBank"},{"floor":10,"key":"Bag of Preparation"}],"event_choices":[{"damage_healed":0.0,"max_hp_gain":0.0,"max_hp_loss":0.0,"gold_gain":0.0,"event_name":"WeMeetAgain","player_choice":"Gave Potion","floor":3.0,"gold_loss":0.0,"damage_taken":0.0,"relics_obtained":["Singing Bowl"]},{"damage_healed":0,"gold_gain":0,"player_choice":"Lose Max HP","damage_taken":0,"relics_obtained":["Golden Idol"],"max_hp_gain":0,"max_hp_loss":5,"event_name":"Golden Idol","floor":12,"gold_loss":0},{"damage_healed":0,"gold_gain":0,"player_choice":"Bought 3 Potions","damage_taken":0,"max_hp_gain":0,"max_hp_loss":0,"event_name":"The Woman in Blue","floor":13,"gold_loss":0}],"is_beta":false,"boss_relics":[],"items_purged_floors":[4],"is_endless":false,"potions_floor_spawned":[2,6,8,10],"killed_by":"Slime Boss","ascension_level":6}