{"gold_per_floor":[115,20,20,295,0,62,62,96,164,184,216,229,229,240,240,342,342,358,273,273,284,160,188,188,188,188,37,60,8,33,48,48,48],"floor_reached":33,"playtime":960,"items_purged":["Strike_G"],"score":530,"play_id":"e9ef3779-2cdf-4003-b99f-6c297e6a0a3f","local_time":"20190105231334","is_ascension_mode":true,"campfire_choices":[{"data":"Neutralize","floor":7,"key":"SMITH"},{"data":"Backflip","floor":13,"key":"SMITH"},{"floor":15,"key":"REST"},{"data":"Quick Slash","floor":24,"key":"SMITH"},{"floor":32,"key":"REST"}],"neow_cost":"NONE","seed_source_timestamp":1464585486444704,"circlet_count":0,"master_deck":["Defend_G","Defend_G","Defend_G","Defend_G","Defend_G","Strike_G","Strike_G","Survivor+1","Neutralize+1","Dagger Spray","Sucker Punch","Deadly Poison","Caltrops","Poisoned Stab","Poisoned Stab","Backflip+1","Flying Knee","Poisoned Stab","Burst","Poisoned Stab","Poisoned Stab+1","Dagger Throw","Quick Slash+1","Dodge and Roll+1","Corpse Explosion","PiercingWail","Catalyst","Deflect+1"],"special_seed":0,"relics":["Ring of the Snake","NeowsBlessing","Tiny Chest","Paper Crane","Shuriken","Happy Flower","Sozu","Bronze Scales","Spirit Poop","Potion Belt","Peace Pipe","War Paint","Meat on the Bone"],"potions_floor_usage":[2,10,11,14,16],"damage_taken":[{"damage":0.0,"enemies":"Jaw Worm","floor":1.0,"turns":1.0},{"damage":0,"enemies":"Gremlin Nob","floor":6,"turns":1},{"damage":0,"enemies":"Lagavulin","floor":8,"turns":1},{"damage":0,"enemies":"Cultist","floor":10,"turns":3},{"damage":20,"enemies":"Gremlin Nob","floor":11,"turns":5},{"damage":5,"enemies":"Small Slimes","floor":12,"turns":3},{"damage":8,"enemies":"2 Fungi Beasts","floor":14,"turns":3},{"damage":27,"enemies":"Hexaghost","floor":16,"turns":9},{"damage":8,"enemies":"Chosen","floor":18,"turns":4},{"damage":7,"enemies":"Shell Parasite","floor":21,"turns":4},{"damage":14,"enemies":"Book of Stabbing","floor":23,"turns":4},{"damage":13,"enemies":"Slavers","floor":30,"turns":3},{"damage":5,"enemies":"Snecko","floor":31,"turns":5},{"damage":57,"enemies":"Champ","floor":33,"turns":11}],"seed_played":"252814794472973946","potions_obtained":[{"floor":6,"key":"Block Potion"},{"floor":12,"key":"GamblersBrew"}],"is_trial":false,"path_per_floor":["M","$","?","?","$","E","R","E","T","M","E","M","R","M","R","B",null,"M","?","?","M","$","E","R","?","T","$","T","$","E","M","R","B"],"character_chosen":"THE_SILENT","items_purchased":["Fruit Juice","Fruit Juice","Sucker Punch","Deadly Poison","Caltrops","Strength Potion","Dagger Throw","Corpse Explosion","PiercingWail"],"campfire_rested":2,"item_purchase_floors":[2,5,5,5,5,5,22,27,29],"current_hp_per_floor":[63,68,61,61,61,61,61,61,61,66,46,41,41,33,57,30,68,60,60,60,53,53,39,39,39,39,39,39,39,26,33,57,0],"gold":48,"neow_bonus":"THREE_ENEMY_KILL","is_prod":false,"is_daily":false,"chose_seed":false,"campfire_upgraded":3,"win_rate":0,"timestamp":1546758814,"path_taken":["M","$","?","?","$","E","R","E","T","M","E","M","R","?","R","BOSS","M","?","?","?","$","E","R","?","T","$","?","?","E","M","R","BOSS"],"build_version":"2019-01-03v4","purchased_purges":1,"victory":false,"max_hp_per_floor":[70,75,75,75,75,75,75,75,75,80,80,80,80,80,80,80,80,80,80,80,80,80,80,80,80,80,80,80,80,80,80,80,80],"card_choices":[{"not_picked":["Underhanded Strike","Flechettes"],"picked":"Dagger Spray","floor":1.0},{"not_picked":["Crippling Poison","Blur"],"picked":"Poisoned Stab","floor":6},{"not_picked":["Acrobatics","Quick Slash"],"picked":"Poisoned Stab","floor":8},{"not_picked":["Night Terror","Well Laid Plans"],"picked":"Backflip","floor":10},{"not_picked":["Reflex","Infinite Blades","Deflect"],"picked":"SKIP","floor":11},{"not_picked":["Reflex","Catalyst"],"picked":"Flying Knee","floor":12},{"not_picked":["Finisher","Sucker Punch"],"picked":"Poisoned Stab","floor":14},{"not_picked":["Doppelganger","Phantasmal Killer"],"picked":"Burst","floor":16},{"not_picked":["Flying Knee","Reflex+1"],"picked":"Poisoned Stab","floor":18},{"not_picked":["Terror+1","Outmaneuver"],"picked":"Poisoned Stab+1","floor":21},{"not_picked":["Infinite Blades","PiercingWail"],"picked":"Quick Slash","floor":23},{"not_picked":["Underhanded Strike+1","Doppelganger"],"picked":"Catalyst","floor":30},{"not_picked":["Acrobatics","Dagger Spray+1"],"picked":"Deflect+1","floor":31}],"player_experience":274217,"relics_obtained":[{"floor":6,"key":"Tiny Chest"},{"floor":8,"key":"Paper Crane"},{"floor":9,"key":"Shuriken"},{"floor":11,"key":"Happy Flower"},{"floor":23,"key":"Potion Belt"},{"floor":26,"key":"Peace Pipe"},{"floor":28,"key":"War Paint"},{"floor":30,"key":"Meat on the Bone"}],"event_choices":[{"cards_removed":["Strike_G"],"damage_healed":0,"gold_gain":0,"player_choice":"Card Removal","damage_taken":7,"max_hp_gain":0,"max_hp_loss":0,"event_name":"Golden Wing","floor":3,"gold_loss":0},{"damage_healed":0,"gold_gain":275,"player_choice":"Desecrate","damage_taken":0,"max_hp_gain":0,"max_hp_loss":0,"event_name":"Golden Shrine","floor":4,"gold_loss":0,"cards_obtained":["Regret"]},{"damage_healed":0,"gold_gain":0,"player_choice":"Obtained Relic","damage_taken":0,"relics_obtained":["Bronze Scales"],"max_hp_gain":0,"max_hp_loss":0,"event_name":"Addict","floor":19,"gold_loss":85},{"cards_removed":["Regret"],"damage_healed":0,"gold_gain":0,"player_choice":"Offered Curse","damage_taken":0,"relics_obtained":["Spirit Poop"],"max_hp_gain":0,"max_hp_loss":0,"event_name":"Bonfire Elementals","floor":20,"gold_loss":0},{"damage_healed":0,"gold_gain":0,"cards_transformed":["Strike_G"],"player_choice":"Transformed","damage_taken":0,"max_hp_gain":0,"max_hp_loss":0,"event_name":"Transmorgrifier","floor":25,"gold_loss":0,"cards_obtained":["Dodge and Roll"]}],"is_beta":false,"boss_relics":[{"not_picked":["Lizard Tail","Ring of the Serpent"],"picked":"Sozu"}],"items_purged_floors":[22],"is_endless":false,"potions_floor_spawned":[6,12,30],"killed_by":"Champ","ascension_level":9}