{"gold_per_floor":[111,125,125,137,237,272,272,292,318,318,329,345,394,413,413,515,515,455,45,45,45,59,59,59,72,151,163,163,94,94,107,107,204,204,217,217,142,156,156,156,173,173,173,187,187,205,205,222,222,222],"floor_reached":51,"playtime":4408,"items_purged":["Injury"],"score":674,"play_id":"8f038a77-f1be-4349-bb2d-3f96033d4e90","local_time":"20180728222450","is_ascension_mode":false,"campfire_choices":[{"data":"Metallicize","floor":7.0,"key":"SMITH"},{"data":"Searing Blow","floor":15.0,"key":"SMITH"},{"floor":23.0,"key":"REST"},{"data":"Metallicize","floor":30,"key":"SMITH"},{"floor":32,"key":"REST"},{"data":"Metallicize","floor":40,"key":"SMITH"},{"data":"Metallicize","floor":42,"key":"SMITH"},{"data":"Shrug It Off","floor":45,"key":"SMITH"},{"floor":49,"key":"REST"}],"neow_cost":"NONE","seed_source_timestamp":0,"circlet_count":0,"master_deck":["Strike_R","Strike_R","Strike_R","Strike_R","Strike_R","Defend_R","Defend_R","Defend_R+1","Defend_R","Bash+1","Metallicize+1","Evolve","Searing Blow+1","Metallicize+1","Perfected Strike+1","Metallicize+1","Shrug It Off+1","Carnage","Barricade+1","Armaments","Metallicize+1","Dramatic Entrance+1","Necronomicurse","Feed+1","Flash of Steel+1","Ghostly Armor+1","Carnage+1","Bludgeon+1","Body Slam+1","Perfected Strike+1","Metallicize+1","Power Through+1","Pain"],"special_seed":0,"relics":["Burning Blood","Juzu Bracelet","Lantern","Regal Pillow","Velvet Choker","Molten Egg 2","Necronomicon","Shuriken","Cursed Key","Frozen Egg 2","Pear"],"potions_floor_usage":[33,33,50,50,50],"damage_taken":[{"damage":1.0,"enemies":"Jaw Worm","floor":1.0,"turns":5.0},{"damage":0.0,"enemies":"2 Louse","floor":2.0,"turns":4.0},{"damage":0.0,"enemies":"Small Slimes","floor":4.0,"turns":5.0},{"damage":16.0,"enemies":"3 Sentries","floor":6.0,"turns":9.0},{"damage":7.0,"enemies":"Looter","floor":8.0,"turns":4.0},{"damage":0.0,"enemies":"Gremlin Gang","floor":11.0,"turns":7.0},{"damage":1.0,"enemies":"Red Slaver","floor":12.0,"turns":4.0},{"damage":3.0,"enemies":"Exordium Wildlife","floor":14.0,"turns":4.0},{"damage":47.0,"enemies":"Hexaghost","floor":16.0,"turns":12.0},{"damage":23.0,"enemies":"2 Thieves","floor":18.0,"turns":4.0},{"damage":8.0,"enemies":"3 Byrds","floor":22.0,"turns":6.0},{"damage":0,"enemies":"Centurion and Healer","floor":25,"turns":7},{"damage":11,"enemies":"Snake Plant","floor":27,"turns":8},{"damage":25,"enemies":"Slaver and Parasite","floor":31,"turns":8},{"damage":28,"enemies":"Collector","floor":33,"turns":16},{"damage":8,"enemies":"3 Shapes","floor":35,"turns":8},{"damage":18,"enemies":"3 Darklings","floor":38,"turns":7},{"damage":16,"enemies":"Spire Growth","floor":41,"turns":6},{"damage":3,"enemies":"Maw","floor":44,"turns":6},{"damage":23,"enemies":"4 Shapes","floor":46,"turns":7},{"damage":25,"enemies":"3 Darklings","floor":48,"turns":8},{"damage":41,"enemies":"Time Eater","floor":50,"turns":10}],"seed_played":"3059334207296588538","potions_obtained":[{"floor":1.0,"key":"Fire Potion"},{"floor":4.0,"key":"Explosive Potion"},{"floor":6.0,"key":"SkillPotion"},{"floor":8.0,"key":"Fruit Juice"},{"floor":14.0,"key":"Block Potion"},{"floor":22.0,"key":"Poison Potion"},{"floor":25,"key":"Poison Potion"},{"floor":27,"key":"Ancient Potion"},{"floor":33,"key":"Explosive Potion"},{"floor":35,"key":"AttackPotion"},{"floor":48,"key":"Block Potion"}],"is_trial":false,"path_per_floor":["M","M","?","M","?","E","R","M","T","?","M","M","T","M","R","B",null,"M","$","?","?","M","R","?","M","T","M","?","$","R","M","R","B",null,"M","T","$","M","?","R","M","R","T","M","R","M","?","M","R","B"],"character_chosen":"IRONCLAD","items_purchased":["Metallicize","Molten Egg 2","Dramatic Entrance+1","Carnage+1"],"campfire_rested":3,"item_purchase_floors":[19,19,19,29],"current_hp_per_floor":[88,88,88,88,88,78,78,77,77,59,65,70,70,73,73,37,93,76,76,60,60,58,93,75,85,85,84,84,84,84,69,105,87,109,111,111,111,99,99,99,93,93,103,106,106,93,93,74,128,93],"gold":222,"neow_bonus":"TEN_PERCENT_HP_BONUS","is_prod":false,"is_daily":false,"chose_seed":false,"campfire_upgraded":6,"win_rate":0.0,"timestamp":1532809490,"path_taken":["M","M","?","M","?","E","R","M","T","?","M","M","?","M","R","BOSS","M","$","?","?","M","R","?","M","T","M","?","$","R","M","R","BOSS","M","?","$","M","?","R","M","R","T","M","R","M","?","M","R","BOSS"],"build_version":"2018-07-26","purchased_purges":1,"victory":true,"max_hp_per_floor":[88,88,88,88,88,88,88,88,88,88,88,88,88,88,88,93,93,93,93,93,93,93,93,93,97,97,101,101,101,101,105,105,109,109,113,113,113,113,113,113,117,117,127,127,127,131,131,131,131,131],"card_choices":[{"not_picked":["Twin Strike","Iron Wave"],"picked":"Metallicize","floor":1.0},{"not_picked":["Shockwave","Pummel"],"picked":"Evolve","floor":2.0},{"not_picked":["Corruption","Warcry"],"picked":"Searing Blow","floor":4.0},{"not_picked":["Headbutt","Heavy Blade"],"picked":"Metallicize","floor":6.0},{"not_picked":["Pommel Strike","Iron Wave"],"picked":"Perfected Strike","floor":8.0},{"not_picked":["Disarm","Headbutt"],"picked":"Metallicize","floor":11.0},{"not_picked":["Cleave","Dual Wield"],"picked":"Shrug It Off","floor":12.0},{"not_picked":["Pummel","Heavy Blade"],"picked":"Carnage","floor":14.0},{"not_picked":["Impervious","Juggernaut"],"picked":"Barricade","floor":16.0},{"not_picked":["Anger","Carnage"],"picked":"Armaments","floor":18.0},{"not_picked":["Shrug It Off+1","Dropkick+1"],"picked":"Feed+1","floor":22.0},{"not_picked":["Dual Wield","Clash+1","Sever Soul+1"],"picked":"SKIP","floor":25},{"not_picked":["Rupture","True Grit+1"],"picked":"Ghostly Armor+1","floor":27},{"not_picked":["Body Slam+1","Evolve","Warcry"],"picked":"SKIP","floor":31},{"not_picked":["Berserk","Impervious"],"picked":"Bludgeon+1","floor":33},{"not_picked":["Disarm","Flame Barrier"],"picked":"Body Slam+1","floor":35},{"not_picked":["Clash+1","Feel No Pain+1"],"picked":"Perfected Strike+1","floor":38},{"not_picked":["Disarm+1","Wild Strike+1"],"picked":"Power Through+1","floor":41},{"not_picked":["Pommel Strike+1","Warcry+1","Wild Strike+1"],"picked":"SKIP","floor":44},{"not_picked":["Clash+1","Bloodletting","Disarm+1"],"picked":"SKIP","floor":46},{"not_picked":["Feel No Pain+1","Iron Wave+1","Whirlwind+1"],"picked":"SKIP","floor":48}],"player_experience":42255,"relics_obtained":[{"floor":6.0,"key":"Juzu Bracelet"},{"floor":9.0,"key":"Lantern"},{"floor":13.0,"key":"Regal Pillow"},{"floor":20.0,"key":"Necronomicon"},{"floor":26,"key":"Shuriken"},{"floor":36,"key":"Frozen Egg 2"},{"floor":43,"key":"Pear"}],"event_choices":[{"event_name":"Living Wall","player_choice":"Grow","floor":3.0,"damage_taken":0.0},{"event_name":"Golden Shrine","player_choice":"Pray","floor":5.0,"damage_taken":0.0},{"event_name":"Shining Light","player_choice":"Entered Light","floor":10.0,"damage_taken":0.0},{"event_name":"Cursed Tome","player_choice":"Obtained Book","floor":20.0,"damage_taken":0.0},{"event_name":"Upgrade Shrine","player_choice":"Upgraded","floor":21.0,"damage_taken":0.0},{"event_name":"Knowing Skull","player_choice":"CARD ","floor":24.0,"damage_taken":0.0},{"event_name":"Drug Dealer","player_choice":"Ignored","floor":28,"damage_taken":0},{"event_name":"Duplicator","player_choice":"One dupe","floor":39,"damage_taken":0},{"event_name":"SecretPortal","player_choice":"Rejected Portal.","floor":47,"damage_taken":0}],"is_beta":false,"boss_relics":[{"not_picked":["Lizard Tail","Eternal Feather"],"picked":"Velvet Choker"},{"not_picked":["Philosopher\u0027s Stone","Fusion Hammer"],"picked":"Cursed Key"}],"items_purged_floors":[37],"is_endless":false,"potions_floor_spawned":[1,4,6,8,14,22,25,27,33,35,44,48],"ascension_level":0}