{"gold_per_floor":[144,163,88,99,99,131,131,157,157,182,182,59,59,74,74,178,178,196,216,316,58,75,75,106,106,133,144,144,178,178,204,204,309,309,321,42,93,103,103,103,134,134,160,160,180,211,211,211,211,211],"floor_reached":51,"playtime":3214,"items_purged":["Strike_R","Strike_R","Warcry"],"score":867,"play_id":"bd07a01f-a159-4bc6-926a-92d3822c0411","local_time":"20190108014830","is_ascension_mode":true,"campfire_choices":[{"data":"Metallicize","floor":7.0,"key":"SMITH"},{"data":"Seeing Red","floor":11.0,"key":"SMITH"},{"data":"Dark Embrace","floor":15.0,"key":"SMITH"},{"floor":23.0,"key":"REST"},{"floor":25.0,"key":"REST"},{"data":"Corruption","floor":28.0,"key":"SMITH"},{"floor":32.0,"key":"REST"},{"floor":40,"key":"REST"},{"data":"Berserk","floor":44,"key":"SMITH"},{"data":"Impervious","floor":47,"key":"SMITH"},{"floor":49,"key":"REST"}],"neow_cost":"NONE","seed_source_timestamp":49010105301058,"circlet_count":0,"master_deck":["Strike_R+1","Defend_R","Defend_R","Defend_R","Bash","Seeing Red+1","Bludgeon+1","Metallicize+1","Berserk+1","Dark Embrace+1","Impervious+1","Shockwave+1","Corruption+1","Shrug It Off","Power Through+1","Intimidate+1","RitualDagger","Exhume+1","Exhume+1","Inflame+1","Carnage+1","Disarm+1","Shrug It Off+1","The Bomb+1","Ghostly Armor+1","Feed","Flex+1"],"special_seed":0,"relics":["Burning Blood","Tiny Chest","Vajra","Matryoshka","Whetstone","Art of War","Anchor","Blood Vial","Centennial Puzzle","Empty Cage","Calipers","Kunai","Toxic Egg 2","Self Forming Clay","Dream Catcher","PreservedInsect","Gremlin Horn","Runic Pyramid","Lantern","Unceasing Top","Bottled Tornado","Omamori","Regal Pillow"],"potions_floor_usage":[37,46],"damage_taken":[{"damage":7.0,"enemies":"Jaw Worm","floor":1.0,"turns":6.0},{"damage":1.0,"enemies":"Cultist","floor":2.0,"turns":3.0},{"damage":10.0,"enemies":"Small Slimes","floor":4.0,"turns":4.0},{"damage":30.0,"enemies":"3 Sentries","floor":6.0,"turns":8.0},{"damage":13.0,"enemies":"Lagavulin","floor":8.0,"turns":7.0},{"damage":0.0,"enemies":"Gremlin Nob","floor":10.0,"turns":2.0},{"damage":2.0,"enemies":"3 Louse","floor":14.0,"turns":3.0},{"damage":49.0,"enemies":"Hexaghost","floor":16.0,"turns":10.0},{"damage":11.0,"enemies":"2 Thieves","floor":18.0,"turns":3.0},{"damage":4.0,"enemies":"Spheric Guardian","floor":19.0,"turns":4.0},{"damage":5.0,"enemies":"Colosseum Slavers","floor":20.0,"turns":4.0},{"damage":71.0,"enemies":"Colosseum Nobs","floor":20.0,"turns":6.0},{"damage":1.0,"enemies":"Snecko","floor":22.0,"turns":5.0},{"damage":1.0,"enemies":"Book of Stabbing","floor":24.0,"turns":4.0},{"damage":1.0,"enemies":"Shelled Parasite and Fungi","floor":27.0,"turns":6.0},{"damage":24.0,"enemies":"Slavers","floor":29.0,"turns":5.0},{"damage":33.0,"enemies":"Gremlin Leader","floor":31.0,"turns":5.0},{"damage":53.0,"enemies":"Automaton","floor":33.0,"turns":11.0},{"damage":20,"enemies":"3 Shapes","floor":35,"turns":6},{"damage":43,"enemies":"2 Orb Walkers","floor":37,"turns":6},{"damage":10,"enemies":"3 Darklings","floor":38,"turns":4},{"damage":0,"enemies":"Nemesis","floor":41,"turns":5},{"damage":11,"enemies":"Spire Growth","floor":45,"turns":4},{"damage":0,"enemies":"Giant Head","floor":46,"turns":7},{"damage":61,"enemies":"Time Eater","floor":50,"turns":13}],"seed_played":"-590782687180152165","potions_obtained":[{"floor":2.0,"key":"Block Potion"},{"floor":8.0,"key":"SmokeBomb"},{"floor":10.0,"key":"SpeedPotion"},{"floor":16.0,"key":"SteroidPotion"},{"floor":18.0,"key":"Strength Potion"},{"floor":20.0,"key":"Poison Potion"},{"floor":33.0,"key":"PowerPotion"},{"floor":35,"key":"Block Potion"},{"floor":41,"key":"Weak Potion"}],"is_trial":false,"path_per_floor":["M","M","$","M","?","E","R","E","T","E","R","$","T","M","R","B",null,"M","M","?","$","M","R","E","R","T","M","R","E","?","E","R","B",null,"M","$","?","M","$","R","E","?","T","R","M","E","R","?","R","B",null],"character_chosen":"IRONCLAD","items_purchased":["Warcry","Toxic Egg 2","Lantern"],"campfire_rested":5,"item_purchase_floors":[12,21,36],"current_hp_per_floor":[79,80,80,76,76,52,52,45,45,51,51,51,51,57,57,16,80,75,79,15,15,22,46,53,77,77,80,80,62,56,31,55,10,80,66,66,31,29,29,53,61,61,61,61,58,66,66,66,80,25],"gold":211,"neow_bonus":"RANDOM_COMMON_RELIC","is_prod":false,"is_daily":false,"chose_seed":false,"campfire_upgraded":6,"win_rate":0,"timestamp":1546908510,"path_taken":["M","M","$","M","?","E","R","E","T","E","R","$","?","M","R","BOSS","M","M","?","$","M","R","E","R","T","M","R","E","?","E","R","BOSS","M","$","?","M","$","R","E","?","T","R","M","E","R","?","R","BOSS"],"build_version":"2019-01-03v4","purchased_purges":3,"victory":true,"max_hp_per_floor":[80,80,80,80,80,80,80,80,80,80,80,80,80,80,80,80,80,80,80,80,80,80,80,80,80,80,80,80,80,80,80,80,80,80,80,80,80,80,80,80,80,80,80,80,80,80,80,80,80,80],"card_choices":[{"not_picked":["Armaments","Clash"],"picked":"True Grit","floor":1.0},{"not_picked":["Thunderclap","Body Slam"],"picked":"Seeing Red","floor":2.0},{"not_picked":["Pommel Strike","Warcry"],"picked":"Bludgeon","floor":4.0},{"not_picked":["True Grit","Cleave"],"picked":"Metallicize","floor":6.0},{"not_picked":["Perfected Strike","Cleave"],"picked":"Berserk","floor":8.0},{"not_picked":["Perfected Strike","Iron Wave"],"picked":"Dark Embrace","floor":10.0},{"not_picked":["Cleave","Evolve","Body Slam"],"picked":"SKIP","floor":14.0},{"not_picked":["Feed","Double Tap"],"picked":"Impervious","floor":16.0},{"not_picked":["Anger","Twin Strike+1"],"picked":"Shockwave+1","floor":18.0},{"not_picked":["Pummel","Flame Barrier"],"picked":"Corruption","floor":19.0},{"not_picked":["Intimidate","Perfected Strike"],"picked":"Shrug It Off","floor":20.0},{"not_picked":["Uppercut","Metallicize","Reckless Charge+1"],"picked":"SKIP","floor":22.0},{"not_picked":["Heavy Blade","Headbutt"],"picked":"Power Through+1","floor":24.0},{"not_picked":["Thunderclap","Clash"],"picked":"Intimidate+1","floor":27.0},{"not_picked":["Rupture","Reckless Charge","Dropkick+1"],"picked":"SKIP","floor":29.0},{"not_picked":["Uppercut","Corruption+1"],"picked":"Exhume+1","floor":31.0},{"not_picked":["Berserk","Feed"],"picked":"Exhume+1","floor":33.0},{"not_picked":["Shockwave+1","Twin Strike"],"picked":"Inflame+1","floor":35},{"not_picked":["Body Slam+1","Havoc+1"],"picked":"Carnage+1","floor":38},{"not_picked":["Havoc+1","Clash+1"],"picked":"Disarm+1","floor":40},{"not_picked":["Rupture+1","Burning Pact+1"],"picked":"Shrug It Off+1","floor":41},{"not_picked":["Trip+1","Dark Shackles+1"],"picked":"The Bomb+1","floor":42},{"not_picked":["Rupture","Combust","Headbutt+1"],"picked":"SKIP","floor":45},{"not_picked":["Corruption+1","Rampage+1"],"picked":"Ghostly Armor+1","floor":46},{"not_picked":["Bloodletting+1","Intimidate+1"],"picked":"Flex+1","floor":49}],"player_experience":143928,"relics_obtained":[{"floor":6.0,"key":"Vajra"},{"floor":8.0,"key":"Matryoshka"},{"floor":9.0,"key":"Whetstone"},{"floor":9.0,"key":"Art of War"},{"floor":10.0,"key":"Anchor"},{"floor":13.0,"key":"Blood Vial"},{"floor":13.0,"key":"Centennial Puzzle"},{"floor":20.0,"key":"Calipers"},{"floor":20.0,"key":"Kunai"},{"floor":24.0,"key":"Self Forming Clay"},{"floor":26.0,"key":"Dream Catcher"},{"floor":29.0,"key":"PreservedInsect"},{"floor":31.0,"key":"Gremlin Horn"},{"floor":37,"key":"Unceasing Top"},{"floor":41,"key":"Bottled Tornado"},{"floor":43,"key":"Omamori"},{"floor":46,"key":"Regal Pillow"}],"event_choices":[{"cards_removed":["Strike_R"],"damage_healed":0.0,"max_hp_gain":0.0,"max_hp_loss":0.0,"gold_gain":0.0,"event_name":"Purifier","player_choice":"Purged","floor":5.0,"gold_loss":0.0,"damage_taken":0.0},{"damage_healed":0.0,"max_hp_gain":0.0,"max_hp_loss":0.0,"gold_gain":0.0,"event_name":"Colosseum","player_choice":"Fight","floor":20.0,"gold_loss":0.0,"damage_taken":0.0},{"damage_healed":0.0,"max_hp_gain":0.0,"max_hp_loss":0.0,"gold_gain":0.0,"event_name":"Colosseum","player_choice":"Fought Nobs","floor":20.0,"gold_loss":0.0,"damage_taken":0.0},{"damage_healed":0.0,"max_hp_gain":0.0,"max_hp_loss":0.0,"gold_gain":0.0,"event_name":"Nest","player_choice":"Joined the Cult","floor":30.0,"gold_loss":0.0,"damage_taken":6.0,"cards_obtained":["RitualDagger"]},{"damage_healed":0,"gold_gain":0,"player_choice":"Fight","damage_taken":0,"max_hp_gain":0,"max_hp_loss":0,"event_name":"Mysterious Sphere","floor":37,"gold_loss":0},{"damage_healed":0,"gold_gain":0,"player_choice":"Memory 1","damage_taken":0,"max_hp_gain":0,"max_hp_loss":0,"event_name":"SensoryStone","floor":42,"gold_loss":0},{"damage_healed":0,"gold_gain":0,"cards_transformed":["True Grit"],"player_choice":"Transformed","damage_taken":0,"max_hp_gain":0,"max_hp_loss":0,"event_name":"Transmorgrifier","floor":48,"gold_loss":0,"cards_obtained":["Feed"]}],"is_beta":false,"boss_relics":[{"not_picked":["Pandora\u0027s Box","Busted Crown"],"picked":"Empty Cage"},{"not_picked":["Velvet Choker","Runic Cube"],"picked":"Runic Pyramid"}],"items_purged_floors":[3,12,36],"is_endless":false,"potions_floor_spawned":[2,8,10,16,18,20,22,31,33,35,41,45],"ascension_level":1}