{"gold_per_floor":[99,2,2,2,18,18,44,55,55,55],"floor_reached":10,"playtime":337,"items_purged":[],"score":123,"play_id":"f2461c0b-14d6-4749-b44b-e37c6c4441ff","local_time":"20181222143904","is_ascension_mode":true,"campfire_choices":[{"data":"Neutralize","floor":6,"key":"SMITH"}],"neow_cost":"NONE","seed_source_timestamp":224784709092629,"circlet_count":0,"master_deck":["Defend_G","Defend_G","Defend_G","Defend_G","Defend_G","Strike_G","Strike_G","Strike_G","Survivor","Neutralize+1","Sucker Punch","Quick Slash","Leg Sweep"],"relics":["Ring of the Snake","NeowsBlessing","Calipers","Bottled Lightning"],"potions_floor_usage":[3],"damage_taken":[{"damage":0,"enemies":"Cultist","floor":1,"turns":1},{"damage":0,"enemies":"2 Louse","floor":5,"turns":1},{"damage":0,"enemies":"3 Sentries","floor":7,"turns":2},{"damage":0,"enemies":"Jaw Worm","floor":8,"turns":5},{"damage":36,"enemies":"Lagavulin","floor":10,"turns":12}],"seed_played":"-8856773033978827869","potions_obtained":[{"floor":5,"key":"PowerPotion"}],"is_trial":false,"path_per_floor":["M","$","?","?","M","R","E","M","T","E"],"character_chosen":"THE_SILENT","items_purchased":["Fruit Juice"],"campfire_rested":0,"item_purchase_floors":[2],"current_hp_per_floor":[63,63,61,61,61,61,61,61,61,25],"gold":55,"neow_bonus":"THREE_ENEMY_KILL","is_prod":false,"is_daily":false,"chose_seed":false,"campfire_upgraded":1,"win_rate":0,"timestamp":1545518344,"path_taken":["M","?","?","?","?","R","E","?","T","E"],"build_version":"2018-12-20","purchased_purges":0,"victory":false,"max_hp_per_floor":[70,70,75,75,75,75,75,75,75,75],"card_choices":[{"not_picked":["Heel Hook","Sucker Punch","Footwork"],"picked":"SKIP","floor":1},{"not_picked":["Bane","Setup"],"picked":"Sucker Punch","floor":5},{"not_picked":["Envenom","Phantasmal Killer"],"picked":"Quick Slash","floor":7},{"not_picked":["Flechettes","Underhanded Strike"],"picked":"Leg Sweep","floor":8}],"player_experience":221974,"relics_obtained":[{"floor":7,"key":"Calipers"},{"floor":9,"key":"Bottled Lightning"}],"event_choices":[{"cards_removed":["Strike_G"],"damage_healed":0,"gold_gain":0,"player_choice":"Card Removal","damage_taken":7,"max_hp_gain":0,"max_hp_loss":0,"event_name":"Golden Wing","floor":3,"gold_loss":0},{"cards_removed":["Strike_G"],"damage_healed":0,"gold_gain":0,"player_choice":"Purged","damage_taken":0,"max_hp_gain":0,"max_hp_loss":0,"event_name":"Purifier","floor":4,"gold_loss":0}],"is_beta":false,"boss_relics":[],"items_purged_floors":[],"is_endless":false,"potions_floor_spawned":[1,5],"killed_by":"Lagavulin","ascension_level":7}