{"gold_per_floor":[118,138,149,166,166,166,197,197,223,237,237,250,263,279,279,379,429,443,462,462,479,145,145,173,173,173,173,83,98,98,111,111,111],"floor_reached":33,"playtime":3173,"items_purged":[],"score":271,"play_id":"c934aae5-e471-47ee-ad65-ceb012d13e45","local_time":"20190103200032","is_ascension_mode":false,"campfire_choices":[{"data":"Go for the Eyes","floor":6,"key":"SMITH"},{"floor":8,"key":"REST"},{"floor":11,"key":"REST"},{"floor":15,"key":"REST"},{"data":"Echo Form","floor":23,"key":"SMITH"},{"data":"Scrape","floor":27,"key":"SMITH"},{"data":"Magnetism","floor":30,"key":"SMITH"},{"floor":32,"key":"REST"}],"neow_cost":"NONE","seed_source_timestamp":195726894705400,"circlet_count":0,"master_deck":["Strike_B","Strike_B","Defend_B","Defend_B","Defend_B","Defend_B","Zap","Dualcast+1","All For One","Go for the Eyes+1","Redo","Hologram","Echo Form+1","Go for the Eyes","Beam Cell","Scrape+1","Beam Cell","All For One","Sweeping Beam","Steam+1","Coolheaded","Genetic Algorithm+1","Magnetism+1","Reinforced Body","Gash","Loop"],"relics":["Cracked Core","Oddly Smooth Stone","Ancient Tea Set","Happy Flower","Tiny House","MutagenicStrength","Blood Vial","WingedGreaves","Bottled Flame"],"potions_floor_usage":[13,13,16,21,29,29,33],"damage_taken":[{"damage":0,"enemies":"Small Slimes","floor":1,"turns":3},{"damage":1,"enemies":"Cultist","floor":2,"turns":3},{"damage":0,"enemies":"2 Louse","floor":3,"turns":2},{"damage":17,"enemies":"Gremlin Gang","floor":4,"turns":4},{"damage":50,"enemies":"3 Sentries","floor":7,"turns":9},{"damage":3,"enemies":"3 Louse","floor":10,"turns":3},{"damage":5,"enemies":"Blue Slaver","floor":12,"turns":3},{"damage":1,"enemies":"Exordium Wildlife","floor":13,"turns":4},{"damage":0,"enemies":"3 Louse","floor":14,"turns":3},{"damage":21,"enemies":"Slime Boss","floor":16,"turns":10},{"damage":1,"enemies":"Spheric Guardian","floor":18,"turns":3},{"damage":6,"enemies":"Chosen","floor":19,"turns":3},{"damage":9,"enemies":"Snake Plant","floor":21,"turns":5},{"damage":21,"enemies":"Book of Stabbing","floor":24,"turns":7},{"damage":15,"enemies":"Centurion and Healer","floor":29,"turns":8},{"damage":17,"enemies":"3 Cultists","floor":31,"turns":5},{"damage":71,"enemies":"Collector","floor":33,"turns":10}],"seed_played":"4145975361810035017","potions_obtained":[{"floor":3,"key":"Strength Potion"},{"floor":7,"key":"FearPotion"},{"floor":10,"key":"Block Potion"},{"floor":12,"key":"Regen Potion"},{"floor":16,"key":"LiquidBronze"},{"floor":17,"key":"Block Potion"},{"floor":24,"key":"Block Potion"},{"floor":29,"key":"SneckoOil"}],"is_trial":false,"path_per_floor":["M","M","M","M","?","R","E","R","T","M","R","M","M","M","R","B",null,"M","M","?","M","$","R","E","?","T","R","?","M","R","M","R","B"],"character_chosen":"DEFECT","items_purchased":["Blood Vial","Magnetism"],"campfire_rested":4,"item_purchase_floors":[22,22],"current_hp_per_floor":[75,74,74,57,57,57,7,29,29,26,48,43,54,54,75,54,80,79,73,73,64,64,64,45,71,71,71,71,58,58,43,67,0],"gold":111,"neow_bonus":"TRANSFORM_CARD","is_prod":false,"is_daily":false,"chose_seed":false,"campfire_upgraded":4,"win_rate":0.0,"timestamp":1546545632,"path_taken":["M","M","M","M","?","R","E","R","T","?","R","M","M","M","R","BOSS","M","M","?","M","$","R","E","?","T","R","?","?","R","M","R","BOSS"],"build_version":"2018-12-20","purchased_purges":0,"victory":false,"max_hp_per_floor":[75,75,75,75,75,75,75,75,75,75,75,75,75,75,75,75,80,80,80,80,80,80,80,80,80,80,80,80,80,80,80,80,80],"card_choices":[{"not_picked":["Steam","Aggregate","Auto Shields"],"picked":"SKIP","floor":1},{"not_picked":["BootSequence","Steam"],"picked":"Go for the Eyes","floor":2},{"not_picked":["Compile Driver","Stack"],"picked":"Redo","floor":3},{"not_picked":["Streamline","Capacitor"],"picked":"Hologram","floor":4},{"not_picked":["Go for the Eyes","Hello World"],"picked":"Echo Form","floor":7},{"not_picked":["Cold Snap","Defragment"],"picked":"Go for the Eyes","floor":10},{"not_picked":["Amplify","Stack"],"picked":"Beam Cell","floor":12},{"not_picked":["Conserve Battery","Storm"],"picked":"Scrape","floor":13},{"not_picked":["Defragment","Consume"],"picked":"Beam Cell","floor":14},{"not_picked":["Buffer","Fission"],"picked":"All For One","floor":16},{"not_picked":["Chill","Redo"],"picked":"Sweeping Beam","floor":17},{"not_picked":["Compile Driver","Loop"],"picked":"Steam","floor":18},{"not_picked":["Creative AI","Cold Snap"],"picked":"Coolheaded","floor":19},{"not_picked":["Capacitor","Go for the Eyes+1"],"picked":"Genetic Algorithm+1","floor":21},{"not_picked":["Thunder Strike","Cold Snap"],"picked":"Reinforced Body","floor":24},{"not_picked":["Hologram+1","Sweeping Beam"],"picked":"Gash","floor":29},{"not_picked":["Tempest","Heatsinks+1"],"picked":"Loop","floor":31}],"player_experience":12626,"relics_obtained":[{"floor":5,"key":"Oddly Smooth Stone"},{"floor":7,"key":"Ancient Tea Set"},{"floor":9,"key":"Happy Flower"},{"floor":24,"key":"WingedGreaves"},{"floor":26,"key":"Bottled Flame"}],"event_choices":[{"damage_healed":0,"gold_gain":0,"player_choice":"Relic","damage_taken":0,"max_hp_gain":0,"max_hp_loss":0,"event_name":"Wheel of Change","floor":5,"gold_loss":0},{"damage_healed":0,"gold_gain":0,"player_choice":"Inject Mutagens","damage_taken":0,"relics_obtained":["MutagenicStrength"],"max_hp_gain":0,"max_hp_loss":0,"event_name":"Drug Dealer","floor":20,"gold_loss":0},{"damage_healed":26,"gold_gain":0,"player_choice":"Heal","damage_taken":0,"max_hp_gain":0,"max_hp_loss":0,"event_name":"The Library","floor":25,"gold_loss":0},{"cards_removed":["Strike_B"],"damage_healed":0,"gold_gain":0,"player_choice":"Upgrade and Remove","damage_taken":0,"max_hp_gain":0,"max_hp_loss":0,"event_name":"Designer","floor":28,"gold_loss":90,"cards_upgraded":["Steam"]}],"is_beta":false,"boss_relics":[{"not_picked":["Black Star","Sozu"],"picked":"Tiny House"}],"items_purged_floors":[],"is_endless":false,"potions_floor_spawned":[3,7,10,12,16,24,29],"killed_by":"Collector","ascension_level":0}