{"gold_per_floor":[116,127,127,145,48,87,87,52,76,76,351,367,398,0,0,0],"floor_reached":16,"playtime":716,"items_purged":["Strike_B","Regret"],"score":124,"play_id":"4c599b02-1d72-4a9b-b3a0-8ebee6495282","local_time":"20190115120936","is_ascension_mode":true,"campfire_choices":[{"data":"Rip and Tear","floor":7.0,"key":"SMITH"},{"data":"Fusion","floor":10.0,"key":"SMITH"},{"floor":15,"key":"REST"}],"neow_cost":"NONE","seed_source_timestamp":3328048412222786,"circlet_count":0,"master_deck":["Strike_B","Strike_B","Strike_B","Defend_B","Defend_B","Defend_B","Defend_B","Zap+1","Dualcast","Genetic Algorithm","Fusion+1","Seek","Coolheaded","Rip and Tear+1","Coolheaded","Biased Cognition"],"special_seed":0,"relics":["Cracked Core","Golden Idol","Regal Pillow","Boot","Bag of Preparation","Incense Burner"],"potions_floor_usage":[],"damage_taken":[{"damage":2.0,"enemies":"Jaw Worm","floor":1.0,"turns":3.0},{"damage":0.0,"enemies":"Small Slimes","floor":2.0,"turns":3.0},{"damage":0.0,"enemies":"2 Louse","floor":4.0,"turns":3.0},{"damage":21.0,"enemies":"Lagavulin","floor":6.0,"turns":8.0},{"damage":12.0,"enemies":"Lots of Slimes","floor":12.0,"turns":3.0},{"damage":33,"enemies":"Gremlin Nob","floor":13,"turns":5},{"damage":18,"enemies":"The Guardian","floor":16,"turns":10}],"seed_played":"6149731101298457460","potions_obtained":[{"floor":2.0,"key":"Dexterity Potion"},{"floor":13,"key":"Strength Potion"}],"is_trial":false,"path_per_floor":["M","M","?","M","$","E","R","?","T","R","?","M","E","$","R","B"],"character_chosen":"DEFECT","items_purchased":["Coolheaded","Incense Burner"],"campfire_rested":1,"item_purchase_floors":[5,14],"current_hp_per_floor":[73,73,55,55,55,34,34,52,52,52,52,40,7,7,44,26],"gold":0,"neow_bonus":"UPGRADE_CARD","is_prod":false,"is_daily":false,"chose_seed":false,"campfire_upgraded":2,"win_rate":0,"timestamp":1547550576,"path_taken":["M","M","?","M","$","E","R","?","T","R","?","?","E","?","R","BOSS"],"build_version":"2019-01-10","purchased_purges":2,"victory":false,"max_hp_per_floor":[75,75,75,75,75,75,75,75,75,75,75,75,75,75,75,75],"card_choices":[{"not_picked":["Redo","Lockon"],"picked":"Genetic Algorithm","floor":1.0},{"not_picked":["Beam Cell","Conserve Battery"],"picked":"Fusion","floor":2.0},{"not_picked":["Go for the Eyes","Static Discharge"],"picked":"Seek","floor":4.0},{"not_picked":["Hologram","Beam Cell"],"picked":"Rip and Tear","floor":6.0},{"not_picked":["Stack","Ball Lightning"],"picked":"Coolheaded","floor":12.0},{"not_picked":["Lockon","Rebound"],"picked":"Biased Cognition","floor":13}],"player_experience":740084,"relics_obtained":[{"floor":6.0,"key":"Regal Pillow"},{"floor":9.0,"key":"Boot"},{"floor":13,"key":"Bag of Preparation"}],"event_choices":[{"damage_healed":0.0,"max_hp_gain":0.0,"max_hp_loss":0.0,"gold_gain":0.0,"event_name":"Golden Idol","player_choice":"Take Damage","floor":3.0,"gold_loss":0.0,"damage_taken":18.0,"relics_obtained":["Golden Idol"]},{"damage_healed":18.0,"max_hp_gain":0.0,"max_hp_loss":0.0,"gold_gain":0.0,"event_name":"The Cleric","player_choice":"Healed","floor":8.0,"gold_loss":35.0,"damage_taken":0.0},{"damage_healed":0.0,"max_hp_gain":0.0,"max_hp_loss":0.0,"gold_gain":275.0,"event_name":"Golden Shrine","player_choice":"Desecrate","floor":11.0,"gold_loss":0.0,"damage_taken":0.0,"cards_obtained":["Regret"]}],"is_beta":false,"boss_relics":[],"items_purged_floors":[5,14],"is_endless":false,"potions_floor_spawned":[2,13],"killed_by":"The Guardian","ascension_level":3}