{"gold_per_floor":[109,126,137,151,166,194,159,159,184,200,200,46,66,76,76,179,179,198,113,113,38,53,53,79,79,149,159,175,188,188,35,35,35],"floor_reached":33,"playtime":1469,"items_purged":["Strike_G"],"score":271,"play_id":"e9adf624-2281-472c-8d70-fa57fbd04367","local_time":"20190202123739","is_ascension_mode":false,"campfire_choices":[{"data":"Backstab","floor":11,"key":"SMITH"},{"data":"Footwork","floor":15,"key":"SMITH"},{"floor":23,"key":"RECALL"},{"floor":25,"key":"REST"},{"floor":30,"key":"REST"},{"data":"A Thousand Cuts","floor":32,"key":"SMITH"}],"neow_cost":"NONE","seed_source_timestamp":233738462364738,"circlet_count":0,"master_deck":["Defend_G","Defend_G","Defend_G","Defend_G","Defend_G","Strike_G","Strike_G","Strike_G","Survivor","Neutralize","Poisoned Stab","Backstab+1","Accuracy","Cloak And Dagger","Backflip","Catalyst+1","Backstab","Footwork+1","Crippling Poison","Die Die Die","RitualDagger","Deadly Poison","Bane+1","A Thousand Cuts+1"],"relics":["Ring of the Serpent","Bag of Marbles","Centennial Puzzle","Strawberry","Orichalcum","Letter Opener"],"potions_floor_usage":[6,16,18,27,33],"damage_taken":[{"damage":6,"enemies":"Small Slimes","floor":1,"turns":3},{"damage":0,"enemies":"2 Louse","floor":2,"turns":3},{"damage":1,"enemies":"Jaw Worm","floor":3,"turns":3},{"damage":0,"enemies":"3 Louse","floor":4,"turns":4},{"damage":3,"enemies":"Exordium Wildlife","floor":5,"turns":6},{"damage":10,"enemies":"Lagavulin","floor":6,"turns":5},{"damage":0,"enemies":"2 Fungi Beasts","floor":10,"turns":2},{"damage":0,"enemies":"Large Slime","floor":13,"turns":3},{"damage":0,"enemies":"Blue Slaver","floor":14,"turns":1},{"damage":38,"enemies":"Slime Boss","floor":16,"turns":16},{"damage":10,"enemies":"Spheric Guardian","floor":18,"turns":7},{"damage":2,"enemies":"Shell Parasite","floor":22,"turns":6},{"damage":20,"enemies":"Book of Stabbing","floor":24,"turns":7},{"damage":16,"enemies":"Snake Plant","floor":27,"turns":2},{"damage":7,"enemies":"Chosen and Byrds","floor":28,"turns":7},{"damage":7,"enemies":"Snecko","floor":29,"turns":4},{"damage":70,"enemies":"Champ","floor":33,"turns":13}],"seed_played":"-3254636175871030733","potions_obtained":[{"floor":3,"key":"Poison Potion"},{"floor":4,"key":"Block Potion"},{"floor":5,"key":"Fire Potion"},{"floor":24,"key":"SkillPotion"},{"floor":27,"key":"Weak Potion"}],"is_trial":false,"path_per_floor":["M","M","M","M","M","E","?","?","T","M","R","$","M","M","R","B",null,"M","?","?","?","M","R","E","R","T","M","M","M","R","$","R","B"],"character_chosen":"THE_SILENT","items_purchased":["Footwork","A Thousand Cuts"],"campfire_rested":2,"item_purchase_floors":[12,31],"current_hp_per_floor":[64,64,63,63,60,50,67,67,67,67,67,67,67,67,67,29,70,60,67,61,61,59,59,39,62,62,46,39,32,55,55,55,0],"gold":35,"neow_bonus":"RANDOM_COMMON_RELIC","is_prod":false,"is_daily":false,"chose_seed":false,"campfire_upgraded":3,"win_rate":0,"timestamp":1549139859,"path_taken":["M","M","M","M","M","E","?","?","T","M","R","$","M","M","R","BOSS","M","?","?","?","M","R","E","R","T","M","?","M","R","$","R","BOSS"],"build_version":"2019-01-23","purchased_purges":1,"victory":false,"max_hp_per_floor":[70,70,70,70,70,70,70,70,70,70,70,70,70,70,70,70,70,70,77,77,77,77,77,77,77,77,77,77,77,77,77,77,77],"card_choices":[{"not_picked":["Expertise","Deflect"],"picked":"Poisoned Stab","floor":1},{"not_picked":["Blade Dance","Reflex"],"picked":"Backstab","floor":2},{"not_picked":["Acrobatics","Poisoned Stab"],"picked":"Accuracy","floor":3},{"not_picked":["Bane","Distraction"],"picked":"Cloak And Dagger","floor":4},{"not_picked":["Prepared","Reflex"],"picked":"Backflip","floor":5},{"not_picked":["Cloak And Dagger","Expertise"],"picked":"Catalyst","floor":6},{"not_picked":["Flying Knee","Slice"],"picked":"Backstab","floor":10},{"not_picked":["Prepared","Bullet Time","Dagger Spray"],"picked":"SKIP","floor":13},{"not_picked":["Predator","PiercingWail"],"picked":"Crippling Poison","floor":14},{"not_picked":["Tools of the Trade","Unload"],"picked":"Die Die Die","floor":16},{"not_picked":["Sucker Punch","Quick Slash","Riddle With Holes"],"picked":"SKIP","floor":18},{"not_picked":["Deflect","Concentrate","Slice"],"picked":"SKIP","floor":22},{"not_picked":["Deflect","Wraith Form v2","Cloak And Dagger"],"picked":"SKIP","floor":24},{"not_picked":["Dagger Spray","Outmaneuver","Quick Slash"],"picked":"SKIP","floor":27},{"not_picked":["Flying Knee","Poisoned Stab"],"picked":"Deadly Poison","floor":28},{"not_picked":["Dagger Throw+1","Quick Slash"],"picked":"Bane+1","floor":29}],"player_experience":162229,"relics_obtained":[{"floor":6,"key":"Centennial Puzzle"},{"floor":24,"key":"Orichalcum"},{"floor":26,"key":"Letter Opener"}],"event_choices":[{"damage_healed":17,"gold_gain":0,"player_choice":"Healed","damage_taken":0,"max_hp_gain":0,"max_hp_loss":0,"event_name":"The Cleric","floor":7,"gold_loss":35},{"damage_healed":0,"gold_gain":0,"player_choice":"Grow","damage_taken":0,"max_hp_gain":0,"max_hp_loss":0,"event_name":"Living Wall","floor":8,"gold_loss":0,"cards_upgraded":["Catalyst"]},{"damage_healed":0,"gold_gain":0,"player_choice":"Obtained Relic","damage_taken":0,"relics_obtained":["Strawberry"],"max_hp_gain":0,"max_hp_loss":0,"event_name":"Addict","floor":19,"gold_loss":85},{"damage_healed":0,"gold_gain":0,"player_choice":"Joined the Cult","damage_taken":6,"max_hp_gain":0,"max_hp_loss":0,"event_name":"Nest","floor":20,"gold_loss":0,"cards_obtained":["RitualDagger"]},{"cards_removed":["Strike_G"],"damage_healed":0,"gold_gain":0,"player_choice":"Gave Gold","damage_taken":0,"max_hp_gain":0,"max_hp_loss":0,"event_name":"Beggar","floor":21,"gold_loss":75}],"is_beta":false,"boss_relics":[{"not_picked":["Calling Bell","Tiny House"],"picked":"Ring of the Serpent"}],"items_purged_floors":[12],"is_endless":false,"potions_floor_spawned":[3,4,5,24,27],"killed_by":"Champ","ascension_level":0}