{"gold_per_floor":[209,384,70,84,57,90,101,111,186,200,228,252,252,263,263,366,366,384,384,193,211,224,224,224],"floor_reached":24,"playtime":1142,"items_purged":["Doubt"],"score":284,"play_id":"d64b40cb-fd87-4147-aed5-c8e122ff901d","local_time":"20181228115928","is_ascension_mode":true,"campfire_choices":[{"floor":13,"key":"REST"},{"floor":15,"key":"REST"},{"floor":23,"key":"REST"}],"neow_cost":"NONE","seed_source_timestamp":0,"circlet_count":0,"master_deck":["Survivor","Neutralize","Leg Sweep","Slice","Burst","Poisoned Stab","Catalyst","Deadly Poison","PiercingWail","Catalyst","Venomology","Slice","Bullet Time","Dash","Deflect","Slice","Underhanded Strike","Prepared","Quick Slash","Blade Dance","Dagger Throw","Blade Dance+1"],"special_seed":0,"relics":["Ring of the Snake","Question Card","Turnip","Dream Catcher","Happy Flower","Pandora\u0027s Box","NlothsMask","TwistedFunnel"],"potions_floor_usage":[11,11,18,18],"damage_taken":[{"damage":0.0,"enemies":"2 Louse","floor":1.0,"turns":3.0},{"damage":0.0,"enemies":"Jaw Worm","floor":4.0,"turns":8.0},{"damage":30.0,"enemies":"Gremlin Nob","floor":6.0,"turns":6.0},{"damage":0.0,"enemies":"Cultist","floor":7.0,"turns":5.0},{"damage":4.0,"enemies":"Blue Slaver","floor":8.0,"turns":5.0},{"damage":6.0,"enemies":"Lots of Slimes","floor":10.0,"turns":6.0},{"damage":27,"enemies":"Lagavulin","floor":11,"turns":11},{"damage":0,"enemies":"Looter","floor":14,"turns":4},{"damage":0,"enemies":"The Guardian","floor":16,"turns":9},{"damage":0,"enemies":"3 Byrds","floor":18,"turns":6},{"damage":17,"enemies":"2 Thieves","floor":21,"turns":4},{"damage":32,"enemies":"Shelled Parasite and Fungi","floor":22,"turns":3},{"damage":0,"enemies":"Centurion and Healer","floor":24,"turns":1}],"seed_played":"7436302462350749071","potions_obtained":[{"floor":6.0,"key":"Fire Potion"},{"floor":7.0,"key":"Fire Potion"},{"floor":11,"key":"Weak Potion"},{"floor":16,"key":"Fire Potion"},{"floor":21,"key":"Strength Potion"}],"is_trial":false,"path_per_floor":["M","?","$","M","?","E","M","M","T","M","E","T","R","M","R","B",null,"M","?","$","M","M","R","M"],"character_chosen":"THE_SILENT","items_purchased":["Question Card","TwistedFunnel"],"campfire_rested":3,"item_purchase_floors":[3,20],"current_hp_per_floor":[70,70,70,70,70,40,40,36,36,30,3,3,24,24,45,45,70,70,70,70,53,21,42,42],"gold":224,"neow_bonus":"HUNDRED_GOLD","is_prod":false,"is_daily":false,"chose_seed":false,"campfire_upgraded":0,"win_rate":0,"timestamp":1545994768,"path_taken":["M","?","$","M","?","E","M","M","T","M","E","?","R","?","R","BOSS","M","?","$","M","?","R","M"],"build_version":"2018-12-20","purchased_purges":1,"victory":false,"max_hp_per_floor":[70,70,70,70,70,70,70,70,70,70,70,70,70,70,70,70,70,70,70,70,70,70,70,70],"card_choices":[{"not_picked":["Sucker Punch","Slice"],"picked":"Leg Sweep","floor":1.0},{"not_picked":["PiercingWail","Quick Slash","Outmaneuver"],"picked":"Slice","floor":4.0},{"not_picked":["Acrobatics","Sucker Punch","Deflect"],"picked":"Burst","floor":6.0},{"not_picked":["Tactician","Dagger Throw","Sucker Punch"],"picked":"Poisoned Stab","floor":7.0},{"not_picked":["Outmaneuver","Blade Dance","Slice"],"picked":"Catalyst","floor":8.0},{"not_picked":["Endless Agony","Blade Dance","Backflip","Slice"],"picked":"SKIP","floor":10.0},{"not_picked":["Die Die Die","Sucker Punch","Footwork"],"picked":"Deadly Poison","floor":11},{"not_picked":["Endless Agony","Flying Knee","Backflip"],"picked":"PiercingWail","floor":13},{"not_picked":["Cloak And Dagger","Prepared","Reflex","Slice"],"picked":"SKIP","floor":14},{"not_picked":["Riddle With Holes","Prepared","Infinite Blades"],"picked":"Catalyst","floor":15},{"not_picked":["Tools of the Trade","After Image","Unload"],"picked":"Venomology","floor":16},{"not_picked":["Concentrate","Eviscerate+1","Flying Knee"],"picked":"Blade Dance+1","floor":18},{"not_picked":["Calculated Gamble","Flechettes","Sucker Punch","Acrobatics"],"picked":"SKIP","floor":21},{"not_picked":["Eviscerate","Masterful Stab","Flying Knee","Calculated Gamble"],"picked":"SKIP","floor":22}],"player_experience":235467,"relics_obtained":[{"floor":6.0,"key":"Turnip"},{"floor":11,"key":"Dream Catcher"},{"floor":12,"key":"Happy Flower"}],"event_choices":[{"damage_healed":0.0,"max_hp_gain":0.0,"max_hp_loss":0.0,"gold_gain":175.0,"event_name":"Liars Game","player_choice":"AGREE","floor":2.0,"gold_loss":0.0,"damage_taken":0.0,"cards_obtained":["Doubt"]},{"damage_healed":0.0,"max_hp_gain":0.0,"max_hp_loss":0.0,"gold_gain":0.0,"event_name":"World of Goop","player_choice":"Left Gold","floor":5.0,"gold_loss":27.0,"damage_taken":0.0},{"damage_healed":0,"gold_gain":0,"player_choice":"Trade","damage_taken":0,"relics_obtained":["NlothsMask"],"max_hp_gain":0,"max_hp_loss":0,"event_name":"FaceTrader","floor":19,"gold_loss":0}],"is_beta":false,"boss_relics":[{"not_picked":["Black Star","Tiny House"],"picked":"Pandora\u0027s Box"}],"items_purged_floors":[3],"is_endless":false,"potions_floor_spawned":[6,7,11,16,21],"killed_by":"Centurion and Healer","ascension_level":2}