{"gold_per_floor":[118,129,140,140,154,179,179,179,179,205,187,45,59,59,59,154,154,139,139,149,161,172,172,199,199,223,103,103,116,116,126,126,222,222,232,249,249],"floor_reached":37,"playtime":2379,"items_purged":["Strike_G"],"score":544,"play_id":"02410de0-4c3e-4ac6-8a80-b7c39f7b78f7","local_time":"20190110163350","is_ascension_mode":true,"campfire_choices":[{"floor":7.0,"key":"REST"},{"floor":15.0,"key":"REST"},{"floor":23.0,"key":"REST"},{"data":"Footwork","floor":25.0,"key":"SMITH"},{"data":"Envenom","floor":32.0,"key":"SMITH"}],"neow_cost":"NONE","seed_source_timestamp":2910100947552382,"circlet_count":0,"master_deck":["Defend_G","Defend_G","Defend_G","Defend_G","Defend_G","Strike_G","Strike_G","Strike_G","Strike_G","Survivor","Neutralize","Purity","Skewer+1","Quick Slash","PiercingWail","Blur","Footwork+1","Backflip+1","Finesse+1","Deadly Poison+1","Acrobatics+1","Envenom+1","Bane","Bane","Distraction+1","Crippling Poison+1","Footwork+1","Backflip+1","Footwork+1","Prepared+1","Acrobatics+1","Corpse Explosion+1","Flechettes+1","Prepared+1"],"special_seed":0,"relics":["Ring of the Snake","Oddly Smooth Stone","CultistMask","Toxic Egg 2","Torii","Sozu","Ancient Tea Set","Dream Catcher","Art of War","Eternal Feather"],"potions_floor_usage":[],"damage_taken":[{"damage":2.0,"enemies":"Cultist","floor":1.0,"turns":5.0},{"damage":5.0,"enemies":"2 Louse","floor":2.0,"turns":2.0},{"damage":5.0,"enemies":"Small Slimes","floor":3.0,"turns":3.0},{"damage":14.0,"enemies":"Gremlin Gang","floor":5.0,"turns":7.0},{"damage":30.0,"enemies":"3 Sentries","floor":6.0,"turns":10.0},{"damage":9.0,"enemies":"Lagavulin","floor":10.0,"turns":5.0},{"damage":2.0,"enemies":"Exordium Thugs","floor":11.0,"turns":4.0},{"damage":0.0,"enemies":"2 Fungi Beasts","floor":13.0,"turns":4.0},{"damage":3.0,"enemies":"Hexaghost","floor":16.0,"turns":13.0},{"damage":12.0,"enemies":"2 Thieves","floor":18.0,"turns":4.0},{"damage":6.0,"enemies":"Chosen","floor":20.0,"turns":6.0},{"damage":1.0,"enemies":"Centurion and Healer","floor":21.0,"turns":7.0},{"damage":10.0,"enemies":"Snake Plant","floor":22.0,"turns":5.0},{"damage":32.0,"enemies":"Book of Stabbing","floor":24.0,"turns":8.0},{"damage":0.0,"enemies":"3 Cultists","floor":29.0,"turns":4.0},{"damage":0.0,"enemies":"Sentry and Sphere","floor":31.0,"turns":7.0},{"damage":20.0,"enemies":"Automaton","floor":33.0,"turns":15.0},{"damage":13.0,"enemies":"3 Darklings","floor":35.0,"turns":5.0},{"damage":22.0,"enemies":"3 Shapes","floor":36.0,"turns":6.0},{"damage":18,"enemies":"Jaw Worm Horde","floor":37,"turns":2}],"seed_played":"5225113962064851067","potions_obtained":[{"floor":2.0,"key":"EssenceOfSteel"},{"floor":5.0,"key":"SteroidPotion"},{"floor":6.0,"key":"Poison Potion"},{"floor":10.0,"key":"PowerPotion"}],"is_trial":false,"path_per_floor":["M","M","M","?","M","E","R","?","T","E","M","$","M","$","R","B",null,"M","?","M","M","M","R","E","R","T","$","?","M","?","M","R","B",null,"M","M","M"],"character_chosen":"THE_SILENT","items_purchased":["Finesse+1","Deadly Poison+1","Backflip+1"],"campfire_rested":3,"item_purchase_floors":[12,12,27],"current_hp_per_floor":[61,56,51,51,37,7,28,28,28,19,17,17,17,17,38,35,61,49,49,43,42,32,53,21,21,21,21,21,21,21,21,21,1,53,40,18,0],"gold":249,"neow_bonus":"RANDOM_COLORLESS","is_prod":false,"is_daily":false,"chose_seed":false,"campfire_upgraded":2,"win_rate":0,"timestamp":1547134430,"path_taken":["M","?","M","?","M","E","R","?","T","E","?","$","M","?","R","BOSS","M","?","M","M","M","R","E","R","T","?","?","?","?","M","R","BOSS","M","M","?"],"build_version":"2019-01-03v4","purchased_purges":1,"victory":false,"max_hp_per_floor":[70,70,70,70,70,70,70,70,70,70,70,70,70,70,70,70,70,70,70,70,70,70,70,70,70,70,70,70,70,70,70,70,70,70,70,70,70],"card_choices":[{"not_picked":["Backstab","Outmaneuver"],"picked":"Skewer","floor":1.0},{"not_picked":["Crippling Poison","Leg Sweep"],"picked":"Quick Slash","floor":2.0},{"not_picked":["Acrobatics","Unload","Calculated Gamble"],"picked":"SKIP","floor":3.0},{"not_picked":["Calculated Gamble","Dodge and Roll"],"picked":"PiercingWail","floor":5.0},{"not_picked":["Underhanded Strike","Backflip"],"picked":"Blur","floor":6.0},{"not_picked":["Sucker Punch","Accuracy"],"picked":"Footwork","floor":10.0},{"not_picked":["Burst+1","Slice"],"picked":"Backflip+1","floor":11.0},{"not_picked":["Dagger Spray","Deflect+1"],"picked":"Acrobatics+1","floor":13.0},{"not_picked":["Unload","Wraith Form v2"],"picked":"Envenom","floor":16.0},{"not_picked":["Sucker Punch","Acrobatics+1"],"picked":"Bane","floor":18.0},{"not_picked":["Deflect+1","Slice"],"picked":"Bane","floor":20.0},{"not_picked":["Reflex+1","Unload"],"picked":"Distraction+1","floor":21.0},{"not_picked":["Dagger Spray","Deflect+1"],"picked":"Crippling Poison+1","floor":22.0},{"not_picked":["Predator+1","Acrobatics+1"],"picked":"Footwork","floor":24.0},{"not_picked":["Outmaneuver+1","All Out Attack"],"picked":"Prepared+1","floor":29.0},{"not_picked":["Deflect+1","Expertise+1"],"picked":"Acrobatics+1","floor":31.0},{"not_picked":["Malaise+1","Glass Knife"],"picked":"Corpse Explosion+1","floor":33.0},{"not_picked":["Bouncing Flask+1","Leg Sweep+1"],"picked":"Flechettes+1","floor":35.0},{"not_picked":["Backflip+1","Flying Knee+1"],"picked":"Prepared+1","floor":36.0}],"player_experience":713499,"relics_obtained":[{"floor":6.0,"key":"Oddly Smooth Stone"},{"floor":9.0,"key":"Toxic Egg 2"},{"floor":10.0,"key":"Torii"},{"floor":24.0,"key":"Ancient Tea Set"},{"floor":26.0,"key":"Dream Catcher"},{"floor":30.0,"key":"Art of War"}],"event_choices":[{"damage_healed":0.0,"max_hp_gain":0.0,"max_hp_loss":0.0,"gold_gain":0.0,"event_name":"Living Wall","player_choice":"Grow","floor":4.0,"gold_loss":0.0,"damage_taken":0.0,"cards_upgraded":["Skewer"]},{"damage_healed":0.0,"max_hp_gain":0.0,"max_hp_loss":0.0,"gold_gain":0.0,"event_name":"FaceTrader","player_choice":"Trade","floor":8.0,"gold_loss":0.0,"damage_taken":0.0,"relics_obtained":["CultistMask"]},{"damage_healed":0.0,"max_hp_gain":0.0,"max_hp_loss":0.0,"gold_gain":0.0,"event_name":"Accursed Blacksmith","player_choice":"Forge","floor":19.0,"gold_loss":0.0,"damage_taken":0.0,"cards_upgraded":["Footwork"]},{"damage_healed":0.0,"max_hp_gain":0.0,"max_hp_loss":0.0,"gold_gain":0.0,"event_name":"Duplicator","player_choice":"Copied","floor":28.0,"gold_loss":0.0,"damage_taken":0.0,"cards_obtained":["Footwork"]},{"damage_healed":0.0,"max_hp_gain":0.0,"max_hp_loss":0.0,"gold_gain":0.0,"event_name":"Wheel of Change","player_choice":"Relic","floor":30.0,"gold_loss":0.0,"damage_taken":0.0}],"is_beta":false,"boss_relics":[{"not_picked":["Fusion Hammer","Snecko Eye"],"picked":"Sozu"},{"not_picked":["Runic Dome","Ring of the Serpent"],"picked":"Eternal Feather"}],"items_purged_floors":[27],"is_endless":false,"potions_floor_spawned":[2,5,6,10,18,21,33,36],"killed_by":"Jaw Worm Horde","ascension_level":7}