{"gold_per_floor":[114,77,91,91,105,139,139,158,158,124,124,56,67,67,67,169,169,153,169,94,110,27,27,27,0,25,37,62,92,123,147,159,276,288,315,344,45,145,145,145,156,156,156,156,173,199,6,21,21,21],"floor_reached":50,"playtime":4473,"items_purged":["Strike_G","Injury"],"score":474,"play_id":"48f81ed0-3bae-4445-9093-3fa94f5a0c2e","local_time":"20190109235301","is_ascension_mode":false,"campfire_choices":[{"data":"Prepared","floor":11.0,"key":"SMITH"},{"floor":15.0,"key":"REST"},{"floor":23.0,"key":"REST"},{"floor":32.0,"key":"REST"},{"floor":40.0,"key":"REST"},{"floor":42.0,"key":"REST"},{"floor":44.0,"key":"REST"},{"floor":49.0,"key":"REST"}],"neow_cost":"CURSE","seed_source_timestamp":0,"circlet_count":0,"master_deck":["Defend_G","Defend_G","Defend_G","Defend_G","Defend_G","Strike_G","Strike_G","Strike_G","Survivor","Neutralize","Bouncing Flask+1","Flying Knee","Prepared+1","Distraction","Noxious Fumes+1","Doppelganger","Footwork+1","Dodge and Roll+1","Purity","Backflip","Noxious Fumes+1","Prepared+1","Well Laid Plans","Flechettes+1","Bane","Outmaneuver","Bandage Up","Flying Knee+1","Madness","Madness","Outmaneuver+1","Deadly Poison+1","Bandage Up"],"special_seed":0,"relics":["Ring of the Snake","Bottled Flame","Kunai","Fusion Hammer","MawBank","Lizard Tail","Snake Skull","Calipers","Meat on the Bone","Mummified Hand"],"potions_floor_usage":[50],"damage_taken":[{"damage":0.0,"enemies":"2 Louse","floor":1.0,"turns":4.0},{"damage":0.0,"enemies":"Small Slimes","floor":3.0,"turns":3.0},{"damage":0.0,"enemies":"Cultist","floor":5.0,"turns":3.0},{"damage":10.0,"enemies":"Lagavulin","floor":6.0,"turns":5.0},{"damage":2.0,"enemies":"Looter","floor":8.0,"turns":3.0},{"damage":22.0,"enemies":"Exordium Wildlife","floor":13.0,"turns":7.0},{"damage":30.0,"enemies":"Hexaghost","floor":16.0,"turns":9.0},{"damage":25.0,"enemies":"2 Thieves","floor":18.0,"turns":4.0},{"damage":16.0,"enemies":"3 Byrds","floor":19.0,"turns":6.0},{"damage":13.0,"enemies":"Centurion and Healer","floor":21.0,"turns":6.0},{"damage":15.0,"enemies":"Colosseum Slavers","floor":27.0,"turns":7.0},{"damage":2.0,"enemies":"Shelled Parasite and Fungi","floor":28.0,"turns":5.0},{"damage":0.0,"enemies":"Cultist and Chosen","floor":29.0,"turns":6.0},{"damage":1.0,"enemies":"Centurion and Healer","floor":30.0,"turns":8.0},{"damage":4.0,"enemies":"Sentry and Sphere","floor":31.0,"turns":5.0},{"damage":15.0,"enemies":"Collector","floor":33.0,"turns":9.0},{"damage":24.0,"enemies":"3 Shapes","floor":35.0,"turns":5.0},{"damage":17.0,"enemies":"Orb Walker","floor":36.0,"turns":6.0},{"damage":19.0,"enemies":"Mind Bloom Boss Battle","floor":38.0,"turns":9.0},{"damage":40.0,"enemies":"Spire Growth","floor":41.0,"turns":6.0},{"damage":6.0,"enemies":"4 Shapes","floor":45.0,"turns":5.0},{"damage":71.0,"enemies":"Nemesis","floor":46.0,"turns":9.0},{"damage":30.0,"enemies":"Maw","floor":48.0,"turns":7.0},{"damage":111,"enemies":"Time Eater","floor":50,"turns":13}],"seed_played":"-8567341400360989369","potions_obtained":[{"floor":1.0,"key":"FairyPotion"},{"floor":3.0,"key":"Strength Potion"},{"floor":8.0,"key":"Energy Potion"},{"floor":16.0,"key":"LiquidBronze"},{"floor":18.0,"key":"Energy Potion"},{"floor":19.0,"key":"FairyPotion"},{"floor":28.0,"key":"Swift Potion"},{"floor":29.0,"key":"LiquidBronze"},{"floor":38.0,"key":"FearPotion"},{"floor":41.0,"key":"Dexterity Potion"},{"floor":48.0,"key":"Weak Potion"}],"is_trial":false,"path_per_floor":["M","$","M","?","M","E","?","M","T","?","R","$","M","?","R","B",null,"M","M","$","M","$","R","?","$","T","?","M","M","M","M","R","B",null,"M","M","$","?","?","R","M","R","T","R","M","E","$","M","R","B"],"character_chosen":"THE_SILENT","items_purchased":["Bouncing Flask","Noxious Fumes","Purity","Backflip","Bane","Outmaneuver","Snake Skull","Bandage Up","Bandage Up"],"campfire_rested":7,"item_purchase_floors":[2,12,22,25,37,37,37,37,47],"current_hp_per_floor":[84,84,84,84,84,74,74,72,72,72,72,72,50,50,75,45,84,59,43,43,30,30,55,55,55,55,40,38,38,37,33,58,43,84,60,43,43,28,17,42,6,31,31,56,54,18,18,20,45,0],"gold":21,"neow_bonus":"TWENTY_PERCENT_HP_BONUS","is_prod":false,"is_daily":false,"chose_seed":false,"campfire_upgraded":1,"win_rate":0.0,"timestamp":1547095981,"path_taken":["M","$","M","?","M","E","?","M","T","?","R","?","M","?","R","BOSS","M","M","$","M","?","R","?","?","T","?","M","M","M","M","R","BOSS","M","M","$","?","?","R","M","R","T","R","M","E","$","M","R","BOSS"],"build_version":"2019-01-03v4","purchased_purges":2,"victory":false,"max_hp_per_floor":[84,84,84,84,84,84,84,84,84,84,84,84,84,84,84,84,84,84,84,84,84,84,84,84,84,84,84,84,84,84,84,84,84,84,84,84,84,84,84,84,84,84,84,84,84,84,84,84,84,84],"card_choices":[{"not_picked":["Dagger Throw","Reflex","PiercingWail"],"picked":"SKIP","floor":1.0},{"not_picked":["Dagger Throw","Dodge and Roll"],"picked":"Flying Knee","floor":3.0},{"not_picked":["Bane","Distraction"],"picked":"Prepared","floor":5.0},{"not_picked":["Reflex","Eviscerate"],"picked":"Distraction","floor":6.0},{"not_picked":["Poisoned Stab","Distraction","Dash"],"picked":"SKIP","floor":8.0},{"not_picked":["Masterful Stab","Heel Hook","Quick Slash"],"picked":"SKIP","floor":13.0},{"not_picked":["Unload","Die Die Die"],"picked":"Doppelganger","floor":16.0},{"not_picked":["Slice","PiercingWail","Distraction"],"picked":"SKIP","floor":18.0},{"not_picked":["Choke","Slice"],"picked":"Footwork+1","floor":19.0},{"not_picked":["Blade Dance+1","Sucker Punch"],"picked":"Dodge and Roll+1","floor":21.0},{"not_picked":["Caltrops+1","Well Laid Plans"],"picked":"Noxious Fumes+1","floor":28.0},{"not_picked":["PiercingWail","Flying Knee","Dagger Spray"],"picked":"SKIP","floor":29.0},{"not_picked":["Dagger Throw","Poisoned Stab"],"picked":"Prepared+1","floor":30.0},{"not_picked":["Bullet Time","Acrobatics"],"picked":"Well Laid Plans","floor":31.0},{"not_picked":["Bane+1","PiercingWail","Dagger Throw+1"],"picked":"SKIP","floor":35.0},{"not_picked":["Leg Sweep","Underhanded Strike+1"],"picked":"Flechettes+1","floor":36.0},{"not_picked":["Poisoned Stab","Dagger Spray"],"picked":"Flying Knee+1","floor":38.0},{"not_picked":["Backstab","Deadly Poison+1"],"picked":"Outmaneuver+1","floor":41.0},{"not_picked":["PiercingWail+1","Dodge and Roll+1"],"picked":"Deadly Poison+1","floor":45.0},{"not_picked":["Flechettes","Leg Sweep+1","Dagger Throw"],"picked":"SKIP","floor":46.0},{"not_picked":["Predator","Heel Hook+1","Dodge and Roll"],"picked":"SKIP","floor":48.0}],"player_experience":26560,"relics_obtained":[{"floor":6.0,"key":"Bottled Flame"},{"floor":9.0,"key":"Kunai"},{"floor":26.0,"key":"MawBank"},{"floor":38.0,"key":"Calipers"},{"floor":43.0,"key":"Meat on the Bone"},{"floor":46.0,"key":"Mummified Hand"}],"event_choices":[{"damage_healed":0.0,"max_hp_gain":0.0,"max_hp_loss":0.0,"gold_gain":0.0,"event_name":"Living Wall","player_choice":"Grow","floor":4.0,"gold_loss":0.0,"damage_taken":0.0,"cards_upgraded":["Bouncing Flask"]},{"damage_healed":0.0,"max_hp_gain":0.0,"max_hp_loss":0.0,"gold_gain":0.0,"event_name":"Golden Idol","player_choice":"Ignored","floor":7.0,"gold_loss":0.0,"damage_taken":0.0},{"damage_healed":0.0,"max_hp_gain":0.0,"max_hp_loss":0.0,"gold_gain":0.0,"event_name":"World of Goop","player_choice":"Left Gold","floor":10.0,"gold_loss":34.0,"damage_taken":0.0},{"damage_healed":0.0,"max_hp_gain":0.0,"max_hp_loss":0.0,"gold_gain":0.0,"event_name":"Accursed Blacksmith","player_choice":"Forge","floor":14.0,"gold_loss":0.0,"damage_taken":0.0,"cards_upgraded":["Noxious Fumes"]},{"cards_removed":["Strike_G"],"damage_healed":0.0,"max_hp_gain":0.0,"max_hp_loss":0.0,"gold_gain":0.0,"event_name":"Back to Basics","player_choice":"Elegance","floor":24.0,"gold_loss":0.0,"damage_taken":0.0},{"damage_healed":0.0,"max_hp_gain":0.0,"max_hp_loss":0.0,"gold_gain":0.0,"event_name":"Colosseum","player_choice":"Fight","floor":27.0,"gold_loss":0.0,"damage_taken":0.0},{"damage_healed":0.0,"max_hp_gain":0.0,"max_hp_loss":0.0,"gold_gain":0.0,"event_name":"Colosseum","player_choice":"Fled From Nobs","floor":27.0,"gold_loss":0.0,"damage_taken":0.0},{"damage_healed":0.0,"max_hp_gain":0.0,"max_hp_loss":0.0,"gold_gain":0.0,"event_name":"MindBloom","player_choice":"Fight","floor":38.0,"gold_loss":0.0,"damage_taken":0.0},{"damage_healed":0.0,"max_hp_gain":0.0,"max_hp_loss":0.0,"gold_gain":0.0,"event_name":"Winding Halls","player_choice":"Embrace Madness","floor":39.0,"gold_loss":0.0,"damage_taken":11.0,"cards_obtained":["Madness","Madness"]}],"is_beta":false,"boss_relics":[{"not_picked":["HoveringKite","White Beast Statue"],"picked":"Fusion Hammer"},{"not_picked":["Black Star","WristBlade"],"picked":"Lizard Tail"}],"items_purged_floors":[20,47],"is_endless":false,"potions_floor_spawned":[1,3,8,16,18,19,28,29,31,35,38,41,48],"killed_by":"Time Eater","ascension_level":0}