{"gold_per_floor":[114,64,139,139,156,156,168,199,199,199,217,235,235,188,188,291,291,303,9,9,9,28,28,63,63,63,79,94,111,111,111,111,206,206,224,241,257,275,288,288,188,198,224,255,274,291,370,59,59,59],"floor_reached":51,"playtime":3188,"items_purged":["Strike_G","Pain"],"score":864,"play_id":"6ce53720-8e33-4631-a2b3-d9f2c14d5270","local_time":"20190202125621","is_ascension_mode":true,"campfire_choices":[{"data":"Neutralize","floor":6.0,"key":"SMITH"},{"data":"Poisoned Stab","floor":10.0,"key":"SMITH"},{"floor":15.0,"key":"REST"},{"data":"Wraith Form v2","floor":23.0,"key":"SMITH"},{"floor":25.0,"key":"REST"},{"floor":32.0,"key":"REST"},{"data":"Wraith Form v2","floor":40.0,"key":"SMITH"},{"floor":49,"key":"REST"}],"neow_cost":"NONE","seed_source_timestamp":159304130756700,"circlet_count":0,"master_deck":["Defend_G+1","Defend_G+1","Defend_G+1","Defend_G+1","Defend_G+1","Strike_G+1","Survivor","Neutralize+1","Poisoned Stab+1","Predator","Cloak And Dagger","Well Laid Plans","Footwork","Cloak And Dagger","Backflip","Wraith Form v2+1","PiercingWail","Predator","Wraith Form v2+1","Dagger Spray+1","Backflip","Quick Slash+1","Venomology","Adrenaline","After Image","Predator+1","Noxious Fumes","Cloak And Dagger+1","Tactician","Quick Slash","Tactician+1"],"special_seed":0,"relics":["HoveringKite","Singing Bowl","Pear","Sozu","Bag of Preparation","Bag of Marbles","Shuriken","WarpedTongs","Runic Pyramid","Pen Nib","Peace Pipe","Ornamental Fan","Thread and Needle"],"potions_floor_usage":[],"damage_taken":[{"damage":11.0,"enemies":"Cultist","floor":1.0,"turns":5.0},{"damage":8.0,"enemies":"Small Slimes","floor":5.0,"turns":4.0},{"damage":1.0,"enemies":"Jaw Worm","floor":7.0,"turns":3.0},{"damage":17.0,"enemies":"Lagavulin","floor":8.0,"turns":7.0},{"damage":17.0,"enemies":"Exordium Thugs","floor":11.0,"turns":5.0},{"damage":1.0,"enemies":"Exordium Wildlife","floor":12.0,"turns":3.0},{"damage":18.0,"enemies":"Hexaghost","floor":16.0,"turns":10.0},{"damage":29.0,"enemies":"3 Byrds","floor":18.0,"turns":7.0},{"damage":9.0,"enemies":"2 Thieves","floor":22.0,"turns":4.0},{"damage":22.0,"enemies":"Gremlin Leader","floor":24.0,"turns":7.0},{"damage":15.0,"enemies":"Centurion and Healer","floor":27.0,"turns":6.0},{"damage":0.0,"enemies":"3 Cultists","floor":28.0,"turns":5.0},{"damage":12.0,"enemies":"Sentry and Sphere","floor":29.0,"turns":5.0},{"damage":11.0,"enemies":"Champ","floor":33.0,"turns":14.0},{"damage":0.0,"enemies":"3 Shapes","floor":35.0,"turns":2.0},{"damage":3.0,"enemies":"Orb Walker","floor":36.0,"turns":4.0},{"damage":0.0,"enemies":"Spire Growth","floor":37.0,"turns":6.0},{"damage":3.0,"enemies":"3 Darklings","floor":38.0,"turns":6.0},{"damage":2.0,"enemies":"Jaw Worm Horde","floor":39.0,"turns":5.0},{"damage":0.0,"enemies":"4 Shapes","floor":42.0,"turns":5.0},{"damage":13.0,"enemies":"Nemesis","floor":44.0,"turns":11.0},{"damage":2.0,"enemies":"Maw","floor":45.0,"turns":7.0},{"damage":0.0,"enemies":"Spire Growth","floor":46.0,"turns":5.0},{"damage":9,"enemies":"Donu and Deca","floor":50,"turns":10}],"seed_played":"7858018734163466142","potions_obtained":[{"floor":1.0,"key":"Ancient Potion"},{"floor":5.0,"key":"GamblersBrew"},{"floor":8.0,"key":"GhostInAJar"},{"floor":13.0,"key":"Fruit Juice"},{"floor":13.0,"key":"PowerPotion"},{"floor":16.0,"key":"Swift Potion"}],"is_trial":false,"path_per_floor":["M","?","?","?","M","R","M","E","T","R","M","M","?","$","R","B",null,"M","$","?","?","M","R","E","R","T","M","M","M","?","?","R","B",null,"M","M","M","M","M","R","$","M","T","E","M","M","T","$","R","B",null],"character_chosen":"THE_SILENT","items_purchased":["Backflip","Predator","Bag of Preparation","Thread and Needle"],"campfire_rested":4,"item_purchase_floors":[14,19,19,48],"current_hp_per_floor":[59,59,48,48,40,40,39,22,32,32,15,14,19,19,44,26,70,41,41,41,41,34,34,12,38,38,23,25,13,13,13,39,28,74,76,73,75,72,70,70,70,70,70,57,57,57,57,57,85,76],"gold":59,"neow_bonus":"BOSS_RELIC","is_prod":false,"is_daily":false,"chose_seed":false,"campfire_upgraded":4,"win_rate":0,"timestamp":1549112181,"path_taken":["M","?","?","?","M","R","M","E","T","R","M","?","?","$","R","BOSS","M","$","?","?","?","R","E","R","T","M","M","M","?","?","R","BOSS","M","M","?","M","M","R","$","M","T","E","M","M","?","$","R","BOSS"],"build_version":"2019-01-23","purchased_purges":2,"victory":true,"max_hp_per_floor":[70,70,70,70,70,70,70,70,80,80,80,80,85,85,85,85,85,85,85,85,85,87,87,87,87,87,87,89,89,89,89,89,89,89,91,91,93,93,93,93,93,93,93,93,95,95,95,95,95,95],"card_choices":[{"not_picked":["Footwork","Backflip"],"picked":"Poisoned Stab","floor":1.0},{"not_picked":["Underhanded Strike","Bane"],"picked":"Predator","floor":5.0},{"not_picked":["Prepared","Infinite Blades"],"picked":"Cloak And Dagger","floor":7.0},{"not_picked":["Backstab","PiercingWail"],"picked":"Well Laid Plans","floor":8.0},{"not_picked":["Accuracy","PiercingWail"],"picked":"Footwork","floor":11.0},{"not_picked":["Riddle With Holes","Dodge and Roll"],"picked":"Cloak And Dagger","floor":12.0},{"not_picked":["Unload","Night Terror"],"picked":"Wraith Form v2","floor":16.0},{"not_picked":["Dagger Spray","Bane"],"picked":"PiercingWail","floor":18.0},{"not_picked":["Footwork","Blade Dance","Reflex"],"picked":"Singing Bowl","floor":22.0},{"not_picked":["Dash","Deflect"],"picked":"Dagger Spray+1","floor":24.0},{"not_picked":["Unload","Blade Dance"],"picked":"Backflip","floor":27.0},{"not_picked":["Flying Knee","Infinite Blades","Blade Dance"],"picked":"Singing Bowl","floor":28.0},{"not_picked":["Calculated Gamble","Flying Knee"],"picked":"Quick Slash+1","floor":29.0},{"not_picked":["Grand Finale","Burst"],"picked":"After Image","floor":33.0},{"not_picked":["Slice","Deflect","Cloak And Dagger"],"picked":"Singing Bowl","floor":35.0},{"not_picked":["Backstab","Outmaneuver+1"],"picked":"Predator+1","floor":36.0},{"not_picked":["Sucker Punch","Poisoned Stab+1","Cloak And Dagger"],"picked":"Singing Bowl","floor":37.0},{"not_picked":["Dagger Spray","Blur"],"picked":"Noxious Fumes","floor":38.0},{"not_picked":["Malaise","Slice"],"picked":"Cloak And Dagger+1","floor":39.0},{"not_picked":["Dagger Throw","Deflect"],"picked":"Tactician","floor":42.0},{"not_picked":["Eviscerate","Poisoned Stab"],"picked":"Quick Slash","floor":44.0},{"not_picked":["Deadly Poison","Acrobatics","Prepared"],"picked":"Singing Bowl","floor":45.0},{"not_picked":["Slice","Dodge and Roll"],"picked":"Tactician+1","floor":46.0}],"player_experience":203535,"relics_obtained":[{"floor":8.0,"key":"Singing Bowl"},{"floor":9.0,"key":"Pear"},{"floor":24.0,"key":"Bag of Marbles"},{"floor":26.0,"key":"Shuriken"},{"floor":43.0,"key":"Pen Nib"},{"floor":44.0,"key":"Peace Pipe"},{"floor":47.0,"key":"Ornamental Fan"}],"event_choices":[{"cards_removed":["Strike_G"],"damage_healed":0.0,"max_hp_gain":0.0,"max_hp_loss":0.0,"gold_gain":0.0,"event_name":"The Cleric","player_choice":"Card Removal","floor":2.0,"gold_loss":50.0,"damage_taken":0.0},{"damage_healed":0.0,"max_hp_gain":0.0,"max_hp_loss":0.0,"gold_gain":75.0,"event_name":"World of Goop","player_choice":"Gather Gold","floor":3.0,"gold_loss":0.0,"damage_taken":11.0},{"damage_healed":0.0,"max_hp_gain":0.0,"max_hp_loss":0.0,"gold_gain":0.0,"event_name":"Liars Game","player_choice":"Ignored","floor":4.0,"gold_loss":0.0,"damage_taken":0.0},{"damage_healed":0.0,"max_hp_gain":0.0,"max_hp_loss":0.0,"gold_gain":0.0,"event_name":"Lab","player_choice":"Got Potions","floor":13.0,"gold_loss":0.0,"damage_taken":0.0},{"damage_healed":0.0,"max_hp_gain":0.0,"max_hp_loss":0.0,"gold_gain":0.0,"event_name":"Back to Basics","player_choice":"Simplicity","floor":20.0,"gold_loss":0.0,"damage_taken":0.0,"cards_upgraded":["Defend_G","Defend_G","Defend_G","Defend_G","Defend_G","Strike_G","Strike_G","Strike_G"]},{"damage_healed":0.0,"max_hp_gain":0.0,"max_hp_loss":0.0,"gold_gain":0.0,"event_name":"Duplicator","player_choice":"Copied","floor":21.0,"gold_loss":0.0,"damage_taken":0.0,"cards_obtained":["Wraith Form v2"]},{"damage_healed":0.0,"max_hp_gain":0.0,"max_hp_loss":0.0,"gold_gain":0.0,"cards_transformed":["Strike_G","Strike_G"],"event_name":"Drug Dealer","player_choice":"Became Test Subject","floor":30.0,"gold_loss":0.0,"damage_taken":0.0,"cards_obtained":["Venomology","Adrenaline"]},{"damage_healed":0.0,"max_hp_gain":0.0,"max_hp_loss":0.0,"gold_gain":0.0,"event_name":"Accursed Blacksmith","player_choice":"Rummage","floor":31.0,"gold_loss":0.0,"damage_taken":0.0,"relics_obtained":["WarpedTongs"],"cards_obtained":["Pain"]}],"is_beta":false,"boss_relics":[{"not_picked":["Empty Cage","Lizard Tail"],"picked":"Sozu"},{"not_picked":["Calling Bell","Fusion Hammer"],"picked":"Runic Pyramid"}],"items_purged_floors":[19,41],"is_endless":false,"potions_floor_spawned":[1,5,8,16,18,24,27,37,39,42,44,45],"ascension_level":5}