{"gold_per_floor":[119,84,94,105,105,105,137,154,178,178,198,198,198,228,228,333,333,345,363,374,374],"floor_reached":21,"playtime":1227,"items_purged":[],"score":296,"play_id":"ec336772-d450-4eb6-880b-f70bfa6f10ab","local_time":"20190201152202","is_ascension_mode":true,"campfire_choices":[{"data":"Armaments","floor":6,"key":"SMITH"},{"floor":10,"key":"REST"},{"data":"Intimidate","floor":13,"key":"SMITH"},{"floor":15,"key":"REST"}],"neow_cost":"NONE","seed_source_timestamp":1590960373208,"circlet_count":0,"master_deck":["AscendersBane","Strike_R","Strike_R","Strike_R","Defend_R+1","Defend_R","Defend_R+1","Defend_R","Bash","Armaments+1","Intimidate+1","Rampage","Offering","Evolve","Seeing Red","Headbutt","Brutality","Metallicize","Burning Pact"],"relics":["Burning Blood","War Paint","Dream Catcher","Strawberry","Bottled Lightning","Empty Cage"],"potions_floor_usage":[14,16,18],"damage_taken":[{"damage":8,"enemies":"Small Slimes","floor":1,"turns":3},{"damage":0,"enemies":"2 Louse","floor":3,"turns":5},{"damage":0,"enemies":"Cultist","floor":4,"turns":3},{"damage":24,"enemies":"Gremlin Nob","floor":7,"turns":4},{"damage":9,"enemies":"Red Slaver","floor":8,"turns":4},{"damage":14,"enemies":"Exordium Thugs","floor":11,"turns":8},{"damage":41,"enemies":"Lagavulin","floor":14,"turns":9},{"damage":49,"enemies":"Slime Boss","floor":16,"turns":11},{"damage":31,"enemies":"Chosen","floor":18,"turns":5},{"damage":16,"enemies":"Shell Parasite","floor":19,"turns":7},{"damage":23,"enemies":"Centurion and Healer","floor":20,"turns":7},{"damage":36,"enemies":"Cultist and Chosen","floor":21,"turns":6}],"seed_played":"-3891734112318087814","potions_obtained":[{"floor":8,"key":"BloodPotion"},{"floor":11,"key":"Regen Potion"},{"floor":16,"key":"Regen Potion"},{"floor":18,"key":"Ancient Potion"}],"is_trial":false,"path_per_floor":["M","$","M","M","?","R","E","M","T","R","M","?","R","E","R","B",null,"M","M","M","M"],"character_chosen":"IRONCLAD","items_purchased":["Intimidate"],"campfire_rested":2,"item_purchase_floors":[2],"current_hp_per_floor":[70,70,76,80,62,62,51,48,48,74,66,58,58,38,64,29,73,62,52,35,0],"gold":374,"neow_bonus":"RANDOM_COMMON_RELIC","is_prod":false,"is_daily":false,"chose_seed":false,"campfire_upgraded":2,"win_rate":0,"timestamp":1549027322,"path_taken":["M","$","M","M","?","R","E","M","T","R","M","?","R","E","R","BOSS","M","M","?","M"],"build_version":"2019-01-23","purchased_purges":0,"victory":false,"max_hp_per_floor":[80,80,80,80,80,80,87,87,87,87,87,87,87,87,87,87,87,87,87,87,87],"card_choices":[{"not_picked":["Twin Strike","Shockwave"],"picked":"Armaments","floor":1},{"not_picked":["Clothesline","Anger"],"picked":"Rampage","floor":3},{"not_picked":["Perfected Strike","Heavy Blade","Rage"],"picked":"SKIP","floor":4},{"not_picked":["Seeing Red","Perfected Strike"],"picked":"Offering","floor":7},{"not_picked":["Spot Weakness","Wild Strike"],"picked":"Evolve","floor":8},{"not_picked":["Pummel","Power Through"],"picked":"Seeing Red","floor":10},{"not_picked":["Battle Trance","Armaments","Ghostly Armor"],"picked":"SKIP","floor":11},{"not_picked":["Pommel Strike","Carnage","Sword Boomerang"],"picked":"SKIP","floor":14},{"not_picked":["Intimidate","Fire Breathing"],"picked":"Headbutt","floor":15},{"not_picked":["Demon Form","Berserk"],"picked":"Brutality","floor":16},{"not_picked":["Twin Strike","Anger"],"picked":"Metallicize","floor":18},{"not_picked":["Clothesline","Heavy Blade+1"],"picked":"Burning Pact","floor":19},{"not_picked":["Hemokinesis","Flex+1","Pommel Strike+1"],"picked":"SKIP","floor":20}],"player_experience":696931,"relics_obtained":[{"floor":7,"key":"Strawberry"},{"floor":14,"key":"Bottled Lightning"}],"event_choices":[{"damage_healed":0,"gold_gain":0,"player_choice":"Success","damage_taken":18,"relics_obtained":["Dream Catcher"],"max_hp_gain":0,"max_hp_loss":0,"event_name":"Scrap Ooze","floor":5,"gold_loss":0},{"damage_healed":0,"gold_gain":0,"player_choice":"Damaged","damage_taken":8,"max_hp_gain":0,"max_hp_loss":0,"event_name":"Wheel of Change","floor":12,"gold_loss":0}],"is_beta":false,"boss_relics":[{"not_picked":["Cursed Key","Tiny House"],"picked":"Empty Cage"}],"items_purged_floors":[],"is_endless":false,"potions_floor_spawned":[8,11,16,18],"killed_by":"Cultist and Chosen","ascension_level":11}