{"gold_per_floor":[18,18,30,30,46,74,85,119,119,119,132,57,57,75,75,176,176,192,192],"floor_reached":19,"playtime":1012,"items_purged":["Strike_B"],"score":231,"play_id":"077a9251-33ed-4bd9-bf7c-fc0999789301","local_time":"20190116111143","is_ascension_mode":true,"campfire_choices":[{"floor":13,"key":"REST"},{"floor":15,"key":"REST"}],"neow_cost":"NO_GOLD","seed_source_timestamp":475705104669004,"circlet_count":0,"master_deck":["Strike_B","Strike_B+1","Defend_B","Defend_B","Defend_B","Defend_B","Zap","Dualcast","Double Energy","Coolheaded+1","Defragment","Conserve Battery","Double Energy","Cold Snap","Electrodynamics"],"relics":["Cracked Core","Mango","Strawberry","Shuriken","Kunai","Velvet Choker"],"potions_floor_usage":[16,19],"damage_taken":[{"damage":2,"enemies":"Jaw Worm","floor":1,"turns":3},{"damage":9,"enemies":"2 Louse","floor":3,"turns":2},{"damage":0,"enemies":"Small Slimes","floor":5,"turns":2},{"damage":31,"enemies":"3 Sentries","floor":6,"turns":7},{"damage":0,"enemies":"2 Fungi Beasts","floor":7,"turns":2},{"damage":25,"enemies":"Gremlin Nob","floor":8,"turns":4},{"damage":0,"enemies":"Looter","floor":11,"turns":3},{"damage":0,"enemies":"3 Louse","floor":14,"turns":4},{"damage":43,"enemies":"Hexaghost","floor":16,"turns":16},{"damage":16,"enemies":"3 Byrds","floor":18,"turns":2},{"damage":19,"enemies":"Colosseum Slavers","floor":19,"turns":4},{"damage":86,"enemies":"Colosseum Nobs","floor":19,"turns":4}],"seed_played":"7310230767112792198","potions_obtained":[{"floor":1,"key":"FearPotion"},{"floor":7,"key":"Energy Potion"},{"floor":14,"key":"Weak Potion"},{"floor":16,"key":"SkillPotion"}],"is_trial":false,"path_per_floor":["M","?","M","?","M","E","M","E","T","?","M","$","R","M","R","B",null,"M","?"],"character_chosen":"DEFECT","items_purchased":[],"campfire_rested":2,"item_purchase_floors":[],"current_hp_per_floor":[87,92,83,64,64,40,40,15,15,8,8,8,38,38,68,25,101,85,0],"gold":192,"neow_bonus":"ONE_RARE_RELIC","is_prod":false,"is_daily":false,"chose_seed":false,"campfire_upgraded":0,"win_rate":0,"timestamp":1547649703,"path_taken":["M","?","M","?","M","E","M","E","T","?","M","?","R","M","R","BOSS","M","?"],"build_version":"2019-01-10","purchased_purges":1,"victory":false,"max_hp_per_floor":[89,94,94,94,94,101,101,101,101,101,101,101,101,101,101,101,101,101,101],"card_choices":[{"not_picked":["Undo","Compile Driver"],"picked":"Double Energy","floor":1},{"not_picked":["Hologram","Lockon"],"picked":"Coolheaded","floor":3},{"not_picked":["Stack","Static Discharge"],"picked":"Defragment","floor":5},{"not_picked":["Darkness","Reprogram","Rebound"],"picked":"SKIP","floor":6},{"not_picked":["Scrape","Buffer"],"picked":"Conserve Battery","floor":7},{"not_picked":["Stack","Compile Driver"],"picked":"Double Energy","floor":8},{"not_picked":["Turbo","Streamline","Hologram"],"picked":"SKIP","floor":11},{"not_picked":["Compile Driver","Doom and Gloom"],"picked":"Cold Snap","floor":14},{"not_picked":["Multi-Cast","Buffer"],"picked":"Electrodynamics","floor":16},{"not_picked":["Cold Snap","Leap","Rebound"],"picked":"SKIP","floor":18}],"player_experience":169969,"relics_obtained":[{"floor":6,"key":"Strawberry"},{"floor":8,"key":"Shuriken"},{"floor":9,"key":"Kunai"}],"event_choices":[{"damage_healed":0,"gold_gain":0,"player_choice":"Donut","damage_taken":0,"max_hp_gain":5,"max_hp_loss":0,"event_name":"Big Fish","floor":2,"gold_loss":0},{"damage_healed":0,"gold_gain":0,"player_choice":"Entered Light","damage_taken":19,"max_hp_gain":0,"max_hp_loss":0,"event_name":"Shining Light","floor":4,"gold_loss":0,"cards_upgraded":["Strike_B","Coolheaded"]},{"cards_removed":["Strike_B"],"damage_healed":0,"gold_gain":0,"player_choice":"Card Removal","damage_taken":7,"max_hp_gain":0,"max_hp_loss":0,"event_name":"Golden Wing","floor":10,"gold_loss":0},{"damage_healed":0,"gold_gain":0,"player_choice":"Fight","damage_taken":0,"max_hp_gain":0,"max_hp_loss":0,"event_name":"Colosseum","floor":19,"gold_loss":0},{"damage_healed":0,"gold_gain":0,"player_choice":"Fought Nobs","damage_taken":0,"max_hp_gain":0,"max_hp_loss":0,"event_name":"Colosseum","floor":19,"gold_loss":0}],"is_beta":false,"boss_relics":[{"not_picked":["Snecko Eye","Eternal Feather"],"picked":"Velvet Choker"}],"items_purged_floors":[12],"is_endless":false,"potions_floor_spawned":[1,7,14,16],"killed_by":"Colosseum Nobs","ascension_level":3}