{"gold_per_floor":[117,192,192,192,216,216,255,27,27,70,70,94,135,156,156,285,285,304,143,156,170,189,189,220,220,220,129,153,153,177,210,210,340,340,355,379,220,22,38,38,82,82,82,22,22,36,36,52,52,52],"floor_reached":50,"playtime":2345,"items_purged":["Strike_B","Strike_B","Strike_B","Strike_B"],"score":610,"play_id":"3df68dfe-aa68-4eb1-8dc0-84e0d86c4a49","local_time":"20190201172337","is_ascension_mode":true,"campfire_choices":[{"data":"Zap","floor":6.0,"key":"SMITH"},{"floor":11.0,"key":"REST"},{"floor":15.0,"key":"REST"},{"floor":23.0,"key":"REST"},{"data":"Go for the Eyes","floor":25.0,"key":"SMITH"},{"data":"Sweeping Beam","floor":29.0,"key":"SMITH"},{"floor":32,"key":"REST"},{"floor":40,"key":"REST"},{"floor":45,"key":"REST"},{"floor":49,"key":"REST"}],"neow_cost":"NONE","seed_source_timestamp":90814132943600,"circlet_count":0,"master_deck":["Defend_B","Defend_B","Defend_B","Zap+1","Dualcast","Rebound","Sweeping Beam","Coolheaded","Leap","Go for the Eyes+1","Ball Lightning","Sweeping Beam+1","Steam","Cold Snap","Stack","Ball Lightning+1","Cold Snap+1","Hologram","Beam Cell+1","Ball Lightning+1","Hologram","Go for the Eyes+1","Stack","Conserve Battery"],"special_seed":0,"relics":["Cracked Core","Golden Idol","Art of War","PreservedInsect","The Courier","Vajra","Pen Nib","Velvet Choker","Meat on the Bone","Gremlin Horn","Happy Flower","Cables","Busted Crown","Incense Burner","Bottled Lightning"],"potions_floor_usage":[33,33,33,39,39,39,50,50,50],"damage_taken":[{"damage":7.0,"enemies":"Jaw Worm","floor":1.0,"turns":4.0},{"damage":6.0,"enemies":"2 Louse","floor":5.0,"turns":3.0},{"damage":20.0,"enemies":"3 Sentries","floor":7.0,"turns":6.0},{"damage":21.0,"enemies":"Lagavulin","floor":10.0,"turns":6.0},{"damage":1.0,"enemies":"Cultist","floor":12.0,"turns":3.0},{"damage":18.0,"enemies":"3 Sentries","floor":13.0,"turns":4.0},{"damage":2.0,"enemies":"Lots of Slimes","floor":14.0,"turns":3.0},{"damage":32.0,"enemies":"The Guardian","floor":16.0,"turns":10.0},{"damage":0.0,"enemies":"Spheric Guardian","floor":18.0,"turns":3.0},{"damage":12.0,"enemies":"2 Thieves","floor":20.0,"turns":3.0},{"damage":7.0,"enemies":"Snake Plant","floor":21.0,"turns":3.0},{"damage":8.0,"enemies":"Shelled Parasite and Fungi","floor":22.0,"turns":4.0},{"damage":26.0,"enemies":"Slavers","floor":24.0,"turns":3.0},{"damage":0.0,"enemies":"3 Cultists","floor":28.0,"turns":3.0},{"damage":0.0,"enemies":"Centurion and Healer","floor":30.0,"turns":3.0},{"damage":15.0,"enemies":"Book of Stabbing","floor":31.0,"turns":3.0},{"damage":44,"enemies":"Automaton","floor":33,"turns":8},{"damage":35,"enemies":"3 Shapes","floor":35,"turns":4},{"damage":30,"enemies":"3 Darklings","floor":36,"turns":4},{"damage":32,"enemies":"Spire Growth","floor":39,"turns":4},{"damage":26,"enemies":"Reptomancer","floor":41,"turns":6},{"damage":0,"enemies":"Maw","floor":46,"turns":7},{"damage":25,"enemies":"Jaw Worm Horde","floor":48,"turns":3},{"damage":66,"enemies":"Time Eater","floor":50,"turns":12}],"seed_played":"-2531430818549899081","potions_obtained":[{"floor":0.0,"key":"FearPotion"},{"floor":0.0,"key":"Block Potion"},{"floor":0.0,"key":"Block Potion"},{"floor":1.0,"key":"EntropicBrew"},{"floor":18.0,"key":"Swift Potion"},{"floor":28.0,"key":"LiquidBronze"},{"floor":33,"key":"Swift Potion"},{"floor":35,"key":"Energy Potion"},{"floor":41,"key":"SkillPotion"}],"is_trial":false,"path_per_floor":["M","?","?","?","M","R","E","$","T","E","R","M","E","M","R","B",null,"M","$","M","M","M","R","E","R","T","?","M","R","M","E","R","B",null,"M","M","$","$","M","R","E","$","T","?","R","M","$","M","R","B"],"character_chosen":"DEFECT","items_purchased":["PreservedInsect","Cold Snap","Stack","Regen Potion","EntropicBrew"],"campfire_rested":7,"item_purchase_floors":[8,19,19,37,38],"current_hp_per_floor":[68,57,57,62,56,56,36,36,36,15,37,36,18,16,38,6,74,74,74,62,55,47,69,43,43,43,43,43,43,43,40,62,30,74,39,21,21,21,13,35,21,21,21,21,43,43,43,30,52,0],"gold":52,"neow_bonus":"THREE_SMALL_POTIONS","is_prod":false,"is_daily":false,"chose_seed":false,"campfire_upgraded":3,"win_rate":0,"timestamp":1549041817,"path_taken":["M","?","?","?","M","R","E","$","T","E","R","?","E","M","R","BOSS","M","$","M","M","M","R","E","R","T","?","M","R","M","E","R","BOSS","M","M","?","$","?","R","E","$","T","?","R","?","?","M","R","BOSS"],"build_version":"2019-01-23","purchased_purges":4,"victory":false,"max_hp_per_floor":[75,75,69,74,74,74,74,74,74,74,74,74,74,74,74,74,74,74,74,74,74,74,74,74,74,74,74,74,74,74,74,74,74,74,74,74,74,74,74,74,74,74,74,74,74,74,74,74,74,74],"card_choices":[{"not_picked":["Scrape","Barrage"],"picked":"Rebound","floor":1.0},{"not_picked":["Hello World","Streamline"],"picked":"Sweeping Beam","floor":5.0},{"not_picked":["Beam Cell","Lockon"],"picked":"Coolheaded","floor":7.0},{"not_picked":["Meteor Strike","Genetic Algorithm"],"picked":"Leap","floor":10.0},{"not_picked":["Sweeping Beam","Turbo"],"picked":"Go for the Eyes","floor":12.0},{"not_picked":["Cold Snap","White Noise"],"picked":"Ball Lightning","floor":13.0},{"not_picked":["Scrape","Tempest"],"picked":"Sweeping Beam","floor":14.0},{"not_picked":["BootSequence","Sunder+1"],"picked":"Steam","floor":18.0},{"not_picked":["Hello World","Glacier+1"],"picked":"Ball Lightning+1","floor":20.0},{"not_picked":["Redo+1","Compile Driver"],"picked":"Cold Snap+1","floor":21.0},{"not_picked":["Self Repair","Barrage+1"],"picked":"Hologram","floor":22.0},{"not_picked":["Amplify","Gash"],"picked":"Beam Cell+1","floor":24.0},{"not_picked":["Rip and Tear","Static Discharge","Steam Power"],"picked":"SKIP","floor":28.0},{"not_picked":["Cold Snap+1","Fusion"],"picked":"Ball Lightning+1","floor":30.0},{"not_picked":["Core Surge","Coolheaded"],"picked":"Hologram","floor":31.0},{"not_picked":["Consume+1"],"picked":"SKIP","floor":35},{"not_picked":["Gash"],"picked":"SKIP","floor":36},{"not_picked":[],"picked":"Go for the Eyes+1","floor":39},{"not_picked":["Gash"],"picked":"SKIP","floor":41},{"not_picked":[],"picked":"Stack","floor":46},{"not_picked":[],"picked":"Conserve Battery","floor":48}],"player_experience":191182,"relics_obtained":[{"floor":7.0,"key":"Art of War"},{"floor":9.0,"key":"The Courier"},{"floor":10.0,"key":"Vajra"},{"floor":13.0,"key":"Pen Nib"},{"floor":24.0,"key":"Meat on the Bone"},{"floor":26.0,"key":"Gremlin Horn"},{"floor":31.0,"key":"Cables"},{"floor":41,"key":"Incense Burner"},{"floor":43,"key":"Bottled Lightning"}],"event_choices":[{"damage_healed":0.0,"max_hp_gain":0.0,"max_hp_loss":0.0,"gold_gain":75.0,"event_name":"World of Goop","player_choice":"Gather Gold","floor":2.0,"gold_loss":0.0,"damage_taken":11.0},{"damage_healed":0.0,"max_hp_gain":0.0,"max_hp_loss":6.0,"gold_gain":0.0,"event_name":"Golden Idol","player_choice":"Lose Max HP","floor":3.0,"gold_loss":0.0,"damage_taken":0.0,"relics_obtained":["Golden Idol"]},{"damage_healed":0.0,"max_hp_gain":5.0,"max_hp_loss":0.0,"gold_gain":0.0,"event_name":"Big Fish","player_choice":"Donut","floor":4.0,"gold_loss":0.0,"damage_taken":0.0},{"damage_healed":0.0,"max_hp_gain":0.0,"max_hp_loss":0.0,"gold_gain":0.0,"event_name":"WeMeetAgain","player_choice":"Paid Gold","floor":27.0,"gold_loss":91.0,"damage_taken":0.0,"relics_obtained":["Happy Flower"]},{"cards_removed":["Defend_B"],"damage_healed":0,"gold_gain":0,"player_choice":"Single Remove","damage_taken":0,"max_hp_gain":0,"max_hp_loss":0,"event_name":"Designer","floor":44,"gold_loss":60}],"is_beta":false,"boss_relics":[{"not_picked":["Calling Bell","Empty Cage"],"picked":"Velvet Choker"},{"not_picked":["Fusion Hammer","Astrolabe"],"picked":"Busted Crown"}],"items_purged_floors":[8,19,37,38],"is_endless":false,"potions_floor_spawned":[1,7,10,13,18,21,28,33,35,41,46],"killed_by":"Time Eater","ascension_level":3}