{"path_per_floor":["M","$","M","M","?","E","?","R","T","?","E","R","E","M","R","B",null,"M","?","M","$","M","R","M","M","T","?","M","E","R","?","R"],"character_chosen":"IRONCLAD","items_purchased":["Anger","Vajra","Armaments"],"gold_per_floor":[114,69,79,91,91,121,121,121,121,121,150,150,178,192,192,296,296,316,231,249,59,74,74,89,100,100,100,119,145,145,145,145,145],"floor_reached":33,"campfire_rested":2,"playtime":1707,"item_purchase_floors":[2,21,21],"current_hp_per_floor":[80,80,80,80,80,51,51,51,51,35,25,49,49,45,69,66,80,66,66,71,71,56,56,48,54,54,54,51,47,47,47,47,0],"items_purged":[],"gold":145,"score":285,"play_id":"6b9c5132-fa1d-4832-811e-5f8894361c2d","local_time":"20180614233042","is_prod":false,"is_daily":false,"chose_seed":false,"is_ascension_mode":false,"campfire_upgraded":4,"win_rate":0.0,"timestamp":1529011842,"campfire_choices":[{"data":"Inflame","floor":8,"key":"SMITH"},{"floor":12,"key":"REST"},{"floor":15,"key":"REST"},{"data":"Armaments","floor":23,"key":"SMITH"},{"data":"Heavy Blade","floor":30,"key":"SMITH"},{"data":"Seeing Red","floor":32,"key":"SMITH"}],"path_taken":["M","$","M","M","?","E","?","R","T","?","E","R","E","M","R","BOSS","M","?","?","$","M","R","M","M","T","?","M","E","R","?","R","BOSS"],"build_version":"2018-06-07v3","seed_source_timestamp":597386789436407,"purchased_purges":0,"victory":false,"master_deck":["Strike_R","Strike_R","Strike_R","Strike_R","Defend_R+1","Defend_R","Defend_R","Defend_R","Bash+1","Headbutt","Anger+1","Clothesline+1","Twin Strike","Inflame+1","Seeing Red+1","Twin Strike","Clothesline","Barricade+1","Armaments+1","Cleave+1","Armaments","Perfected Strike","Cleave","Heavy Blade+1","Body Slam","Rampage+1"],"max_hp_per_floor":[80,80,80,80,80,80,80,80,80,80,80,80,80,80,80,80,80,80,80,80,80,80,80,80,80,80,80,80,80,80,80,80,80],"relics":["Burning Blood","Torii","Frozen Egg 2","Bottled Tornado","Bag of Marbles","Cursed Key","Anchor","Vajra","Gremlin Horn","Ornamental Fan","Potion Belt"],"card_choices":[{"not_picked":["Cleave","Clothesline"],"picked":"Headbutt","floor":1},{"not_picked":["Spot Weakness","Burning Pact"],"picked":"Clothesline","floor":3},{"not_picked":["Carnage","Warcry"],"picked":"Twin Strike","floor":4},{"not_picked":["Feed","Perfected Strike"],"picked":"Inflame","floor":6},{"not_picked":["Uppercut","Searing Blow"],"picked":"Seeing Red","floor":11},{"not_picked":["Pommel Strike","Clash"],"picked":"Twin Strike","floor":13},{"not_picked":["Disarm","Power Through"],"picked":"Clothesline","floor":14},{"not_picked":["Reaper","Bludgeon"],"picked":"Barricade+1","floor":16},{"not_picked":["Clash","Dropkick"],"picked":"Armaments","floor":18},{"not_picked":["Power Through","True Grit"],"picked":"Cleave+1","floor":20},{"not_picked":["Corruption+1","True Grit"],"picked":"Perfected Strike","floor":22},{"not_picked":["True Grit","Sever Soul"],"picked":"Cleave","floor":24},{"not_picked":["Bloodletting","Second Wind"],"picked":"Heavy Blade","floor":25},{"not_picked":["Pommel Strike","Shrug It Off"],"picked":"Body Slam","floor":28},{"not_picked":["Thunderclap","Clash"],"picked":"Rampage+1","floor":29}],"player_experience":8003,"potions_floor_usage":[11,18,24,28,33,33,33],"damage_taken":[{"damage":4,"enemies":"Small Slimes","floor":1,"turns":3},{"damage":0,"enemies":"Cultist","floor":3,"turns":3},{"damage":6,"enemies":"Jaw Worm","floor":4,"turns":3},{"damage":35,"enemies":"Gremlin Nob","floor":6,"turns":5},{"damage":24,"enemies":"3 Sentries","floor":11,"turns":5},{"damage":6,"enemies":"Gremlin Nob","floor":13,"turns":3},{"damage":10,"enemies":"Looter","floor":14,"turns":2},{"damage":9,"enemies":"Hexaghost","floor":16,"turns":8},{"damage":20,"enemies":"Spheric Guardian","floor":18,"turns":4},{"damage":1,"enemies":"Chosen","floor":20,"turns":3},{"damage":21,"enemies":"Sentry and Sphere","floor":22,"turns":5},{"damage":14,"enemies":"Centurion and Healer","floor":24,"turns":3},{"damage":0,"enemies":"Snecko","floor":25,"turns":2},{"damage":9,"enemies":"Sentry and Sphere","floor":28,"turns":4},{"damage":10,"enemies":"Gremlin Leader","floor":29,"turns":4},{"damage":47,"enemies":"Collector","floor":33,"turns":5}],"relics_obtained":[{"floor":6,"key":"Torii"},{"floor":9,"key":"Frozen Egg 2"},{"floor":11,"key":"Bottled Tornado"},{"floor":13,"key":"Bag of Marbles"},{"floor":26,"key":"Gremlin Horn"},{"floor":29,"key":"Ornamental Fan"}],"event_choices":[{"event_name":"Wheel of Change","player_choice":"Card Removal","floor":5,"damage_taken":0},{"event_name":"Upgrade Shrine","player_choice":"Upgraded","floor":7,"damage_taken":0},{"event_name":"Shining Light","player_choice":"Entered Light","floor":10,"damage_taken":0},{"event_name":"Addict","player_choice":"Obtained Relic","floor":19,"damage_taken":0},{"event_name":"Fountain of Cleansing","player_choice":"Removed Curse","floor":27,"damage_taken":0},{"event_name":"The Mausoleum","player_choice":"Yes","floor":31,"damage_taken":0}],"boss_relics":[{"not_picked":["Tiny House","Philosopher\u0027s Stone"],"picked":"Cursed Key"}],"items_purged_floors":[],"potions_floor_spawned":[4,6,14,16,22,24,25,29],"seed_played":"-9054673056814718936","killed_by":"Collector","ascension_level":0,"potions_obtained":[{"floor":4,"key":"BloodPotion"},{"floor":6,"key":"Poison Potion"},{"floor":14,"key":"Swift Potion"},{"floor":16,"key":"Ancient Potion"},{"floor":22,"key":"Dexterity Potion"},{"floor":24,"key":"Block Potion"},{"floor":29,"key":"SkillPotion"}],"is_trial":false}