{"gold_per_floor":[109,109,34,309,14,47,47,80,148,148,181,194,219,238,238,238],"floor_reached":16,"playtime":559,"items_purged":["Injury","Regret"],"score":130,"play_id":"0992b7a7-503f-4d5c-879b-423c344f02c7","local_time":"20181125193618","is_ascension_mode":true,"campfire_choices":[{"floor":7.0,"key":"REST"},{"data":"Shrug It Off","floor":10.0,"key":"SMITH"},{"data":"Barricade","floor":15.0,"key":"SMITH"}],"neow_cost":"TEN_PERCENT_HP_LOSS","seed_source_timestamp":0,"circlet_count":0,"master_deck":["Strike_R","Strike_R","Strike_R","Strike_R","Strike_R","Defend_R","Defend_R","Defend_R","Defend_R","Bash","Dropkick","Shrug It Off+1","Double Tap","Seeing Red","Body Slam+1","Clash+1","Barricade+1"],"special_seed":0,"relics":["Burning Blood","Nunchaku","Golden Idol","Regal Pillow","Vajra","Singing Bowl","Molten Egg 2","Bottled Flame"],"potions_floor_usage":[],"damage_taken":[{"damage":7.0,"enemies":"Jaw Worm","floor":1.0,"turns":5.0},{"damage":46.0,"enemies":"3 Sentries","floor":6.0,"turns":12.0},{"damage":6.0,"enemies":"Gremlin Nob","floor":8.0,"turns":3.0},{"damage":31.0,"enemies":"Lagavulin","floor":11.0,"turns":7.0},{"damage":0.0,"enemies":"Small Slimes","floor":12.0,"turns":3.0},{"damage":0.0,"enemies":"Cultist","floor":13.0,"turns":2.0},{"damage":0.0,"enemies":"Looter","floor":14.0,"turns":1.0},{"damage":62,"enemies":"Hexaghost","floor":16,"turns":12}],"seed_played":"-7404405340481738703","potions_obtained":[{"floor":1.0,"key":"SteroidPotion"},{"floor":6.0,"key":"Strength Potion"}],"is_trial":false,"path_per_floor":["M","?","$","?","$","E","R","E","T","R","E","M","M","M","R","B"],"character_chosen":"IRONCLAD","items_purchased":["Regal Pillow","Shrug It Off"],"campfire_rested":1,"item_purchase_floors":[5,5],"current_hp_per_floor":[71,71,71,71,71,31,67,69,69,69,44,50,56,62,62,0],"gold":238,"neow_bonus":"ONE_RARE_RELIC","is_prod":false,"is_daily":false,"chose_seed":false,"campfire_upgraded":2,"win_rate":0,"timestamp":1543203378,"path_taken":["M","?","$","?","$","E","R","E","T","R","E","M","M","M","R","BOSS"],"build_version":"2018-11-15","purchased_purges":2,"victory":false,"max_hp_per_floor":[72,72,72,72,72,72,72,74,74,74,74,74,74,74,74,74],"card_choices":[{"not_picked":["Infernal Blade","Power Through"],"picked":"Dropkick","floor":1.0},{"not_picked":["Perfected Strike","Twin Strike"],"picked":"Double Tap","floor":6.0},{"not_picked":["Blood for Blood","Searing Blow","Wild Strike"],"picked":"Singing Bowl","floor":8.0},{"not_picked":["Wild Strike+1","Dropkick+1"],"picked":"Seeing Red","floor":11.0},{"not_picked":["Thunderclap+1","Perfected Strike+1"],"picked":"Body Slam+1","floor":12.0},{"not_picked":["Rupture","Shrug It Off"],"picked":"Clash+1","floor":13.0},{"not_picked":["Shrug It Off","Disarm"],"picked":"Barricade","floor":14.0}],"player_experience":135846,"relics_obtained":[{"floor":6.0,"key":"Vajra"},{"floor":8.0,"key":"Singing Bowl"},{"floor":9.0,"key":"Molten Egg 2"},{"floor":11.0,"key":"Bottled Flame"}],"event_choices":[{"damage_healed":0.0,"max_hp_gain":0.0,"max_hp_loss":0.0,"gold_gain":0.0,"event_name":"Golden Idol","player_choice":"Take Wound","floor":2.0,"gold_loss":0.0,"damage_taken":0.0,"relics_obtained":["Golden Idol"],"cards_obtained":["Injury"]},{"damage_healed":0.0,"max_hp_gain":0.0,"max_hp_loss":0.0,"gold_gain":275.0,"event_name":"Golden Shrine","player_choice":"Desecrate","floor":4.0,"gold_loss":0.0,"damage_taken":0.0,"cards_obtained":["Regret"]}],"is_beta":false,"boss_relics":[],"items_purged_floors":[3,5],"is_endless":false,"potions_floor_spawned":[1,6],"killed_by":"Hexaghost","ascension_level":2}