{"gold_per_floor":[116,291,301,311,130,130,143,143,143,43,58,78,78,93,93,194,194,208,208,208,220,64,64,64,391,415,415,425,439,454,471,471,471],"floor_reached":33,"playtime":1620,"items_purged":["Doubt","Regret"],"score":286,"play_id":"5cf416ea-beae-47f9-b066-6ca918af67d8","local_time":"20190109210221","is_ascension_mode":false,"campfire_choices":[{"data":"Bouncing Flask","floor":6.0,"key":"SMITH"},{"data":"Crippling Poison","floor":15.0,"key":"SMITH"},{"data":"Ghostly","floor":23.0,"key":"SMITH"},{"data":"Ghostly","floor":32.0,"key":"SMITH"}],"neow_cost":"NONE","seed_source_timestamp":0,"circlet_count":0,"master_deck":["Defend_G","Defend_G","Defend_G","Defend_G","Defend_G","Strike_G","Strike_G","Strike_G","Strike_G","Strike_G","Survivor","Neutralize","Choke","Deadly Poison","Cloak And Dagger","Bouncing Flask+1","PiercingWail","Dark Shackles","Deadly Poison","Crippling Poison+1","Flying Knee","Well Laid Plans","Burst","Ghostly+1","Ghostly+1","Ghostly","Ghostly","Ghostly","Deflect","PiercingWail+1"],"special_seed":0,"relics":["Ring of the Snake","StoneCalendar","Meat on the Bone","Black Star","Blood Vial","Regal Pillow","Old Coin","Boot"],"potions_floor_usage":[33,33],"damage_taken":[{"damage":0.0,"enemies":"Small Slimes","floor":1.0,"turns":5.0},{"damage":3.0,"enemies":"2 Louse","floor":3.0,"turns":3.0},{"damage":0.0,"enemies":"Jaw Worm","floor":4.0,"turns":4.0},{"damage":4.0,"enemies":"Blue Slaver","floor":7.0,"turns":4.0},{"damage":6.0,"enemies":"3 Louse","floor":11.0,"turns":3.0},{"damage":3.0,"enemies":"Gremlin Gang","floor":12.0,"turns":5.0},{"damage":4.0,"enemies":"2 Fungi Beasts","floor":14.0,"turns":3.0},{"damage":6.0,"enemies":"Hexaghost","floor":16.0,"turns":7.0},{"damage":0.0,"enemies":"Chosen","floor":18.0,"turns":5.0},{"damage":3.0,"enemies":"Spheric Guardian","floor":21.0,"turns":5.0},{"damage":4.0,"enemies":"Colosseum Slavers","floor":24.0,"turns":6.0},{"damage":6.0,"enemies":"Gremlin Leader","floor":25.0,"turns":7.0},{"damage":3.0,"enemies":"Shelled Parasite and Fungi","floor":28.0,"turns":7.0},{"damage":9.0,"enemies":"Snake Plant","floor":29.0,"turns":7.0},{"damage":2.0,"enemies":"Snecko","floor":30.0,"turns":7.0},{"damage":3.0,"enemies":"Shelled Parasite and Fungi","floor":31.0,"turns":5.0},{"damage":44,"enemies":"Automaton","floor":33,"turns":8}],"seed_played":"1027648204943062955","potions_obtained":[{"floor":3.0,"key":"GhostInAJar"},{"floor":11.0,"key":"Swift Potion"},{"floor":16.0,"key":"Weak Potion"},{"floor":21.0,"key":"Weak Potion"},{"floor":25.0,"key":"SmokeBomb"},{"floor":27.0,"key":"FairyPotion"},{"floor":27.0,"key":"PowerPotion"}],"is_trial":false,"path_per_floor":["M","?","M","M","$","R","M","?","T","$","M","M","$","M","R","B",null,"M","?","?","M","$","R","?","E","T","?","M","M","M","M","R","B"],"character_chosen":"THE_SILENT","items_purchased":["PiercingWail","Dark Shackles","Blood Vial"],"campfire_rested":0,"item_purchase_floors":[5,5,22],"current_hp_per_floor":[70,70,67,67,67,67,63,63,63,63,57,54,54,50,50,44,70,70,35,29,26,26,26,24,20,20,20,19,24,24,23,23,0],"gold":471,"neow_bonus":"THREE_CARDS","is_prod":false,"is_daily":false,"chose_seed":false,"campfire_upgraded":4,"win_rate":0,"timestamp":1547064141,"path_taken":["M","?","M","M","$","R","M","?","T","?","M","M","$","M","R","BOSS","M","?","?","?","$","R","?","E","T","?","M","M","?","M","R","BOSS"],"build_version":"2019-01-03v4","purchased_purges":2,"victory":false,"max_hp_per_floor":[70,70,70,70,70,70,70,70,70,70,70,70,70,70,70,70,70,70,35,35,35,35,35,35,35,35,35,35,35,35,35,35,35],"card_choices":[{"not_picked":["Dagger Throw","Escape Plan"],"picked":"Choke","floor":0.0},{"not_picked":["Underhanded Strike","Blur"],"picked":"Deadly Poison","floor":1.0},{"not_picked":["Underhanded Strike","Deflect"],"picked":"Cloak And Dagger","floor":3.0},{"not_picked":["Reflex","Slice"],"picked":"Bouncing Flask","floor":4.0},{"not_picked":["Tools of the Trade","Deflect"],"picked":"Deadly Poison","floor":7.0},{"not_picked":["Choke","Finisher"],"picked":"Crippling Poison","floor":11.0},{"not_picked":["Dagger Throw","Blur"],"picked":"Flying Knee","floor":12.0},{"not_picked":["Blade Dance","Outmaneuver"],"picked":"Well Laid Plans","floor":14.0},{"not_picked":["Adrenaline","Tools of the Trade"],"picked":"Burst","floor":16.0},{"not_picked":["Riddle With Holes","Underhanded Strike","Acrobatics"],"picked":"SKIP","floor":18.0},{"not_picked":["Footwork","Tactician+1","Backstab"],"picked":"SKIP","floor":21.0},{"not_picked":["Quick Slash","Riddle With Holes"],"picked":"Deflect","floor":25.0},{"not_picked":["Quick Slash","Blade Dance","Bane"],"picked":"SKIP","floor":28.0},{"not_picked":["Finisher","Infinite Blades","PiercingWail"],"picked":"SKIP","floor":29.0},{"not_picked":["Prepared","Bane"],"picked":"PiercingWail+1","floor":30.0},{"not_picked":["Sucker Punch","Infinite Blades","Deflect"],"picked":"SKIP","floor":31.0}],"player_experience":262896,"relics_obtained":[{"floor":9.0,"key":"Meat on the Bone"},{"floor":25.0,"key":"Regal Pillow"},{"floor":25.0,"key":"Old Coin"},{"floor":26.0,"key":"Boot"}],"event_choices":[{"damage_healed":0.0,"max_hp_gain":0.0,"max_hp_loss":0.0,"gold_gain":175.0,"event_name":"Liars Game","player_choice":"AGREE","floor":2.0,"gold_loss":0.0,"damage_taken":0.0,"cards_obtained":["Doubt"]},{"damage_healed":0.0,"max_hp_gain":0.0,"max_hp_loss":0.0,"gold_gain":0.0,"event_name":"Big Fish","player_choice":"Box","floor":8.0,"gold_loss":0.0,"damage_taken":0.0,"relics_obtained":["StoneCalendar"],"cards_obtained":["Regret"]},{"damage_healed":0.0,"max_hp_gain":0.0,"max_hp_loss":35.0,"gold_gain":0.0,"event_name":"Ghosts","player_choice":"Became a Ghost","floor":19.0,"gold_loss":0.0,"damage_taken":0.0,"cards_obtained":["Ghostly","Ghostly","Ghostly","Ghostly","Ghostly"]},{"damage_healed":0.0,"max_hp_gain":0.0,"max_hp_loss":0.0,"gold_gain":0.0,"event_name":"Knowing Skull","player_choice":"","floor":20.0,"potions_obtained":[],"gold_loss":0.0,"damage_taken":6.0,"cards_obtained":[]},{"damage_healed":0.0,"max_hp_gain":0.0,"max_hp_loss":0.0,"gold_gain":0.0,"event_name":"Colosseum","player_choice":"Fight","floor":24.0,"gold_loss":0.0,"damage_taken":0.0},{"damage_healed":0.0,"max_hp_gain":0.0,"max_hp_loss":0.0,"gold_gain":0.0,"event_name":"Colosseum","player_choice":"Fled From Nobs","floor":24.0,"gold_loss":0.0,"damage_taken":0.0},{"damage_healed":0.0,"max_hp_gain":0.0,"max_hp_loss":0.0,"gold_gain":0.0,"event_name":"Lab","player_choice":"Got Potions","floor":27.0,"gold_loss":0.0,"damage_taken":0.0}],"is_beta":false,"boss_relics":[{"not_picked":["Lizard Tail","HoveringKite"],"picked":"Black Star"}],"items_purged_floors":[5,10],"is_endless":false,"potions_floor_spawned":[3,11,16,21,24,25,31],"killed_by":"Automaton","ascension_level":0}