{"gold_per_floor":[115,115,115,128,142,142,169,184,184,184,78,89,54,54,54,150,150,161,181,4,4,4,4,4,4,54,72,107,127,127,42,42,146,146,166,166,183,283,283],"floor_reached":39,"playtime":2337,"items_purged":[],"score":547,"play_id":"50045a56-2238-4912-8c3a-e6298368afb8","local_time":"20181202165825","is_ascension_mode":false,"campfire_choices":[{"data":"Zap","floor":6,"key":"SMITH"},{"data":"Defragment","floor":10,"key":"SMITH"},{"data":"Dualcast","floor":15,"key":"SMITH"},{"floor":23,"key":"REST"},{"floor":25,"key":"REST"},{"floor":30,"key":"REST"},{"floor":32,"key":"REST"}],"neow_cost":"NONE","seed_source_timestamp":1538496903296609,"circlet_count":0,"master_deck":["Strike_B+1","Strike_B+1","Strike_B+1","Strike_B+1","Defend_B+1","Defend_B+1","Defend_B+1","Defend_B+1","Zap+1","Dualcast+1","Conserve Battery+1","Leap+1","Cold Snap","Defragment+1","Sunder+1","Darkness+1","Sweeping Beam+1","Echo Form+1","Double Energy+1","Conserve Battery+1","Rip and Tear+1","Loop","Sunder+1","Writhe","Streamline+1","Darkness+1","Echo Form","Clumsy","Regret","Injury","Reinforced Body+1","White Noise+1","Loop","Parasite"],"relics":["Cracked Core","Dodecahedron","Molten Egg 2","Toxic Egg 2","Orrery","Strawberry","Ginger","Smiling Mask","War Paint","Happy Flower","Calling Bell","Vajra","Darkstone Periapt","Thread and Needle","Incense Burner"],"potions_floor_usage":[7,27,28,29,33,39],"damage_taken":[{"damage":0,"enemies":"2 Louse","floor":1,"turns":3},{"damage":0,"enemies":"Cultist","floor":4,"turns":3},{"damage":0,"enemies":"Jaw Worm","floor":5,"turns":4},{"damage":13,"enemies":"Gremlin Nob","floor":7,"turns":5},{"damage":0,"enemies":"Large Slime","floor":8,"turns":5},{"damage":6,"enemies":"2 Fungi Beasts","floor":12,"turns":3},{"damage":40,"enemies":"Hexaghost","floor":16,"turns":9},{"damage":26,"enemies":"2 Thieves","floor":18,"turns":4},{"damage":15,"enemies":"3 Byrds","floor":19,"turns":5},{"damage":8,"enemies":"Centurion and Healer","floor":27,"turns":5},{"damage":34,"enemies":"Gremlin Leader","floor":28,"turns":7},{"damage":12,"enemies":"3 Cultists","floor":29,"turns":4},{"damage":84,"enemies":"Collector","floor":33,"turns":9},{"damage":39,"enemies":"3 Darklings","floor":35,"turns":6},{"damage":1,"enemies":"Orb Walker","floor":37,"turns":4},{"damage":7,"enemies":"Mind Bloom Boss Battle","floor":38,"turns":10},{"damage":58,"enemies":"Writhing Mass","floor":39,"turns":5}],"seed_played":"-5874241653371717957","potions_obtained":[{"floor":4,"key":"FearPotion"},{"floor":16,"key":"Strength Potion"},{"floor":19,"key":"Fire Potion"},{"floor":28,"key":"Explosive Potion"},{"floor":29,"key":"SkillPotion"},{"floor":38,"key":"PowerPotion"}],"is_trial":false,"path_per_floor":["M","?","?","M","M","R","E","M","T","R","$","M","?","?","R","B",null,"M","M","$","?","$","R","?","R","T","M","E","M","R","?","R","B",null,"M","?","M","?","M"],"character_chosen":"DEFECT","items_purchased":["Sunder+1","Darkness+1","Strawberry","Sunder+1"],"campfire_rested":4,"item_purchase_floors":[11,11,20,20],"current_hp_per_floor":[82,70,70,70,70,70,57,57,57,57,57,51,71,71,71,31,82,56,41,48,48,48,74,74,89,89,81,47,35,61,61,87,3,89,50,50,49,42,0],"gold":283,"neow_bonus":"TEN_PERCENT_HP_BONUS","is_prod":false,"is_daily":false,"chose_seed":false,"campfire_upgraded":3,"win_rate":0.0,"timestamp":1543766305,"path_taken":["M","?","?","?","M","R","E","?","T","R","$","M","?","?","R","BOSS","M","M","$","?","$","R","?","R","T","M","E","M","R","?","R","BOSS","M","?","?","?","M"],"build_version":"2018-11-15","purchased_purges":0,"victory":false,"max_hp_per_floor":[82,82,82,82,82,82,82,82,82,82,82,82,82,82,82,82,82,82,82,89,89,89,89,89,89,89,89,89,89,89,89,89,89,89,89,89,89,89,95],"card_choices":[{"not_picked":["Undo","Glacier"],"picked":"Conserve Battery","floor":1},{"not_picked":["Steam Power","Static Discharge"],"picked":"Leap","floor":4},{"not_picked":["Coolheaded","Go for the Eyes"],"picked":"Cold Snap","floor":5},{"not_picked":["Leap","Barrage","Storm"],"picked":"SKIP","floor":7},{"not_picked":["Streamline+1","Genetic Algorithm"],"picked":"Defragment","floor":8},{"not_picked":["Chaos+1","Leap+1"],"picked":"Sweeping Beam+1","floor":12},{"not_picked":["Meteor Strike+1","Multi-Cast+1"],"picked":"Echo Form","floor":16},{"not_picked":["Ball Lightning+1","Coolheaded+1"],"picked":"Double Energy+1","floor":17},{"not_picked":["Steam+1","Stack+1"],"picked":"Conserve Battery+1","floor":17},{"not_picked":["Reprogram+1","Hologram+1"],"picked":"Rip and Tear+1","floor":17},{"not_picked":["Steam Power+1","Barrage+1"],"picked":"Loop","floor":17},{"not_picked":["Redo+1","Compile Driver+1","Go for the Eyes+1"],"picked":"SKIP","floor":18},{"not_picked":["Hologram+1","Gash+1","Coolheaded+1"],"picked":"SKIP","floor":19},{"not_picked":["Hello World","Beam Cell+1"],"picked":"Streamline+1","floor":27},{"not_picked":["Consume+1","Compile Driver+1","Stack+1"],"picked":"SKIP","floor":28},{"not_picked":["Compile Driver+1","Hologram+1"],"picked":"Darkness+1","floor":29},{"not_picked":["Machine Learning","Fission+1"],"picked":"Echo Form","floor":33},{"not_picked":["Hologram+1","Rebound+1"],"picked":"Reinforced Body+1","floor":35},{"not_picked":["Scrape+1","Undo+1"],"picked":"White Noise+1","floor":37},{"not_picked":["Streamline+1","Reinforced Body+1"],"picked":"Loop","floor":38}],"player_experience":128594,"relics_obtained":[{"floor":7,"key":"Molten Egg 2"},{"floor":9,"key":"Toxic Egg 2"},{"floor":26,"key":"Smiling Mask"},{"floor":28,"key":"War Paint"},{"floor":34,"key":"Vajra"},{"floor":34,"key":"Darkstone Periapt"},{"floor":34,"key":"Thread and Needle"},{"floor":38,"key":"Incense Burner"}],"event_choices":[{"damage_healed":0,"gold_gain":0,"player_choice":"Success","damage_taken":12,"relics_obtained":["Dodecahedron"],"max_hp_gain":0,"max_hp_loss":0,"event_name":"Scrap Ooze","floor":2,"gold_loss":0},{"damage_healed":0,"gold_gain":0,"player_choice":"Ignored","damage_taken":0,"max_hp_gain":0,"max_hp_loss":0,"event_name":"Purifier","floor":3,"gold_loss":0},{"damage_healed":20,"gold_gain":0,"player_choice":"Healed","damage_taken":0,"max_hp_gain":0,"max_hp_loss":0,"event_name":"The Cleric","floor":13,"gold_loss":35},{"damage_healed":0,"gold_gain":0,"player_choice":"Ignored","damage_taken":0,"max_hp_gain":0,"max_hp_loss":0,"event_name":"Shining Light","floor":14,"gold_loss":0},{"damage_healed":0,"gold_gain":0,"player_choice":"Opened","damage_taken":0,"relics_obtained":["Ginger"],"max_hp_gain":0,"max_hp_loss":0,"event_name":"The Mausoleum","floor":21,"gold_loss":0,"cards_obtained":["Writhe"]},{"damage_healed":0,"gold_gain":0,"player_choice":"Simplicity","damage_taken":0,"max_hp_gain":0,"max_hp_loss":0,"event_name":"Back to Basics","floor":24,"gold_loss":0,"cards_upgraded":["Strike_B","Strike_B","Strike_B","Strike_B","Defend_B","Defend_B","Defend_B","Defend_B"]},{"damage_healed":0,"gold_gain":0,"player_choice":"Obtained Relic","damage_taken":0,"relics_obtained":["Happy Flower"],"max_hp_gain":0,"max_hp_loss":0,"event_name":"Addict","floor":31,"gold_loss":85},{"damage_healed":0,"gold_gain":0,"player_choice":"Upgraded","damage_taken":0,"max_hp_gain":0,"max_hp_loss":0,"event_name":"Upgrade Shrine","floor":36,"gold_loss":0,"cards_upgraded":["Echo Form"]},{"damage_healed":0,"gold_gain":0,"player_choice":"Fight","damage_taken":0,"max_hp_gain":0,"max_hp_loss":0,"event_name":"MindBloom","floor":38,"gold_loss":0}],"is_beta":false,"boss_relics":[{"not_picked":["White Beast Statue","Astrolabe"],"picked":"Orrery"},{"not_picked":["Philosopher\u0027s Stone","Eternal Feather"],"picked":"Calling Bell"}],"items_purged_floors":[],"is_endless":false,"potions_floor_spawned":[4,16,19,28,29,38],"killed_by":"Writhing Mass","ascension_level":0}