{"gold_per_floor":[113,113,128,143,68,68,82,100,100,0,0,0,18,31,31,132,132,151,26,26,26,38,38],"floor_reached":23,"playtime":1924,"items_purged":["Strike_R","Strike_R","Defend_R"],"score":183,"play_id":"406265ad-9e67-48c0-a472-39fba473b9d6","local_time":"20190103190649","is_ascension_mode":false,"campfire_choices":[{"data":"Rampage","floor":6,"key":"SMITH"},{"floor":15,"key":"REST"}],"neow_cost":"NONE","seed_source_timestamp":193763513006500,"circlet_count":0,"master_deck":["Strike_R","Defend_R","Defend_R","Defend_R","Bash","Brutality","Battle Trance","Rampage+1","Armaments","Feed","Rampage"],"relics":["Burning Blood","Champion Belt","Philosopher\u0027s Stone"],"potions_floor_usage":[8,18,23,23],"damage_taken":[{"damage":15,"enemies":"Jaw Worm","floor":1,"turns":3},{"damage":13,"enemies":"Cultist","floor":3,"turns":4},{"damage":7,"enemies":"2 Louse","floor":4,"turns":3},{"damage":10,"enemies":"Blue Slaver","floor":7,"turns":4},{"damage":8,"enemies":"Large Slime","floor":8,"turns":5},{"damage":5,"enemies":"Looter","floor":13,"turns":4},{"damage":10,"enemies":"Blue Slaver","floor":14,"turns":6},{"damage":48,"enemies":"Hexaghost","floor":16,"turns":9},{"damage":44,"enemies":"3 Byrds","floor":18,"turns":5},{"damage":12,"enemies":"Shell Parasite","floor":22,"turns":7},{"damage":57,"enemies":"Slavers","floor":23,"turns":4}],"seed_played":"4965606695876202070","potions_obtained":[{"floor":7,"key":"Fire Potion"},{"floor":13,"key":"GamblersBrew"},{"floor":14,"key":"Energy Potion"},{"floor":16,"key":"FearPotion"}],"is_trial":false,"path_per_floor":["M","?","M","M","$","R","M","M","T","$","?","?","M","M","R","B",null,"M","$","?","?","M","E"],"character_chosen":"IRONCLAD","items_purchased":[],"campfire_rested":1,"item_purchase_floors":[],"current_hp_per_floor":[71,71,64,63,63,63,59,57,57,57,57,57,58,54,78,36,80,42,42,42,42,40,0],"gold":38,"neow_bonus":"ONE_RANDOM_RARE_CARD","is_prod":false,"is_daily":false,"chose_seed":false,"campfire_upgraded":1,"win_rate":0.0,"timestamp":1546542409,"path_taken":["M","?","?","?","$","R","M","M","T","$","?","?","M","M","R","BOSS","M","$","?","?","M","E"],"build_version":"2018-12-20","purchased_purges":3,"victory":false,"max_hp_per_floor":[80,80,80,80,80,80,80,80,80,80,80,80,80,80,80,80,80,80,80,80,80,84,84],"card_choices":[{"not_picked":["Clash","Sword Boomerang"],"picked":"Battle Trance","floor":1},{"not_picked":["Iron Wave","Headbutt"],"picked":"Rampage","floor":3},{"not_picked":["Pommel Strike","Blood for Blood","Body Slam"],"picked":"SKIP","floor":4},{"not_picked":["True Grit","Shrug It Off","Pommel Strike"],"picked":"SKIP","floor":7},{"not_picked":["Second Wind","Heavy Blade"],"picked":"Armaments","floor":8},{"not_picked":["Body Slam","Rage","True Grit"],"picked":"SKIP","floor":13},{"not_picked":["Flex","True Grit","Sword Boomerang"],"picked":"SKIP","floor":14},{"not_picked":["Impervious","Berserk"],"picked":"Feed","floor":16},{"not_picked":["Power Through","Whirlwind","Bloodletting"],"picked":"SKIP","floor":18},{"not_picked":["True Grit","Clash","Carnage"],"picked":"SKIP","floor":22}],"player_experience":10702,"relics_obtained":[{"floor":9,"key":"Champion Belt"}],"event_choices":[{"cards_removed":["Strike_R"],"damage_healed":0,"gold_gain":0,"player_choice":"Card Removal","damage_taken":0,"max_hp_gain":0,"max_hp_loss":0,"event_name":"Wheel of Change","floor":2,"gold_loss":0},{"cards_removed":["Strike_R"],"damage_healed":0,"gold_gain":0,"player_choice":"Forget","damage_taken":0,"max_hp_gain":0,"max_hp_loss":0,"event_name":"Living Wall","floor":11,"gold_loss":0},{"damage_healed":0,"gold_gain":0,"player_choice":"Ignored","damage_taken":0,"max_hp_gain":0,"max_hp_loss":0,"event_name":"Liars Game","floor":12,"gold_loss":0},{"damage_healed":0,"gold_gain":0,"player_choice":"Ignored","damage_taken":0,"max_hp_gain":0,"max_hp_loss":0,"event_name":"Vampires","floor":20,"gold_loss":0},{"damage_healed":0,"gold_gain":0,"player_choice":"Read","damage_taken":0,"max_hp_gain":0,"max_hp_loss":0,"event_name":"The Library","floor":21,"gold_loss":0,"cards_obtained":["Rampage"]}],"is_beta":false,"boss_relics":[{"not_picked":["Busted Crown","Snecko Eye"],"picked":"Philosopher\u0027s Stone"}],"items_purged_floors":[5,10,19],"is_endless":false,"potions_floor_spawned":[7,13,14,16],"killed_by":"Slavers","ascension_level":0}