{"gold_per_floor":[118,41,41,61,22,48,48,48,48,48,61,73,73,85,85,185,185,195,195,195,215,226,258,36,36,118,146,146,146,146,157,157,260,260,271,371,386,406,425,425,0,26,26,26,42,42,58,58,58,58],"floor_reached":51,"playtime":2461,"items_purged":["Pain"],"score":972,"play_id":"22256ff2-8515-445d-bde6-e27b0666593c","local_time":"20181227123449","is_ascension_mode":true,"campfire_choices":[{"data":"Uppercut","floor":7.0,"key":"SMITH"},{"data":"Disarm","floor":10.0,"key":"SMITH"},{"data":"Armaments","floor":13.0,"key":"SMITH"},{"data":"Metallicize","floor":15.0,"key":"SMITH"},{"data":"Spot Weakness","floor":28.0,"key":"SMITH"},{"data":"Bite","floor":30.0,"key":"SMITH"},{"data":"Bite","floor":32.0,"key":"SMITH"},{"data":"Demon Form","floor":40.0,"key":"SMITH"},{"floor":44,"key":"REST"},{"data":"Ghostly Armor","floor":46,"key":"SMITH"},{"data":"Bite","floor":49,"key":"SMITH"}],"neow_cost":"PERCENT_DAMAGE","seed_source_timestamp":0,"circlet_count":0,"master_deck":["Defend_R","Defend_R","Defend_R","Defend_R","Bash","Disarm+1","Ghostly Armor","Uppercut+1","Armaments+1","Metallicize+1","Fiend Fire","Power Through","RitualDagger","Spot Weakness+1","RitualDagger","Bite+1","Bite+1","Bite+1","Bite","Bite","Inflame+1","Demon Form+1","Shockwave+1","Shrug It Off","Ghostly Armor+1","Infernal Blade+1","Heavy Blade+1"],"special_seed":0,"relics":["Black Blood","Incense Burner","Bird Faced Urn","Meat on the Bone","Velvet Choker","WarpedTongs","The Courier","DollysMirror","Pantograph","Anchor","Red Mask","StoneCalendar","Question Card"],"potions_floor_usage":[42,42,42],"damage_taken":[{"damage":1.0,"enemies":"Cultist","floor":1.0,"turns":4.0},{"damage":0.0,"enemies":"Small Slimes","floor":4.0,"turns":4.0},{"damage":50.0,"enemies":"3 Sentries","floor":6.0,"turns":14.0},{"damage":0.0,"enemies":"2 Louse","floor":11.0,"turns":2.0},{"damage":0.0,"enemies":"Exordium Thugs","floor":12.0,"turns":4.0},{"damage":9.0,"enemies":"Large Slime","floor":14.0,"turns":9.0},{"damage":14.0,"enemies":"Hexaghost","floor":16.0,"turns":14.0},{"damage":5.0,"enemies":"Shell Parasite","floor":18.0,"turns":7.0},{"damage":23.0,"enemies":"Chosen","floor":21.0,"turns":6.0},{"damage":15.0,"enemies":"Snake Plant","floor":22.0,"turns":4.0},{"damage":14.0,"enemies":"Book of Stabbing","floor":23.0,"turns":6.0},{"damage":15.0,"enemies":"Slavers","floor":27.0,"turns":5.0},{"damage":8.0,"enemies":"Snecko","floor":31.0,"turns":5.0},{"damage":89.0,"enemies":"Collector","floor":33.0,"turns":14.0},{"damage":38.0,"enemies":"3 Darklings","floor":35.0,"turns":6.0},{"damage":0.0,"enemies":"3 Shapes","floor":37.0,"turns":8.0},{"damage":42.0,"enemies":"Sphere and 2 Shapes","floor":38.0,"turns":8.0},{"damage":25.0,"enemies":"3 Darklings","floor":39.0,"turns":10.0},{"damage":76,"enemies":"Reptomancer","floor":42,"turns":9},{"damage":8,"enemies":"Writhing Mass","floor":45,"turns":6},{"damage":33,"enemies":"Maw","floor":47,"turns":7},{"damage":54,"enemies":"Time Eater","floor":50,"turns":11}],"seed_played":"3103228316760353320","potions_obtained":[{"floor":1.0,"key":"Strength Potion"},{"floor":4.0,"key":"FearPotion"},{"floor":14.0,"key":"EssenceOfSteel"},{"floor":16.0,"key":"SteroidPotion"},{"floor":18.0,"key":"Strength Potion"},{"floor":22.0,"key":"GamblersBrew"},{"floor":35.0,"key":"AttackPotion"},{"floor":37.0,"key":"Strength Potion"},{"floor":39.0,"key":"BloodPotion"},{"floor":47,"key":"GamblersBrew"}],"is_trial":false,"path_per_floor":["M","$","?","M","?","E","R","?","T","R","M","M","R","M","R","B",null,"M","?","?","M","M","E","$","?","T","E","R","$","R","M","R","B",null,"M","?","M","M","M","R","?","E","T","R","M","R","M","?","R","B",null],"character_chosen":"IRONCLAD","items_purchased":["Ghostly Armor","DollysMirror"],"campfire_rested":1,"item_purchase_floors":[2,24],"current_hp_per_floor":[72,72,77,83,83,39,39,39,39,39,57,63,63,60,60,66,92,95,89,89,74,67,61,61,61,61,68,68,68,68,70,70,38,62,55,55,70,50,65,65,65,39,39,60,70,70,63,63,63,51],"gold":58,"neow_bonus":"TWENTY_PERCENT_HP_BONUS","is_prod":false,"is_daily":false,"chose_seed":false,"campfire_upgraded":10,"win_rate":0,"timestamp":1545910489,"path_taken":["M","$","?","M","?","E","R","?","T","R","?","M","R","M","R","BOSS","M","?","?","?","M","E","$","?","T","E","R","?","R","M","R","BOSS","M","?","M","M","?","R","?","E","T","R","M","R","M","?","R","BOSS"],"build_version":"2018-12-20","purchased_purges":1,"victory":true,"max_hp_per_floor":[96,96,101,101,101,101,101,101,101,101,101,101,101,101,101,101,101,101,101,101,101,101,101,101,70,70,70,70,70,70,70,70,70,70,70,70,70,70,70,70,70,70,70,70,70,70,70,70,70,70],"card_choices":[{"not_picked":["Headbutt","Body Slam"],"picked":"Disarm","floor":1.0},{"not_picked":["True Grit","Iron Wave","Feel No Pain"],"picked":"SKIP","floor":4.0},{"not_picked":["Rampage","Exhume"],"picked":"Uppercut","floor":6.0},{"not_picked":["Blood for Blood","Searing Blow"],"picked":"Armaments","floor":11.0},{"not_picked":["Headbutt","Heavy Blade","Wild Strike"],"picked":"SKIP","floor":12.0},{"not_picked":["Feel No Pain","Clash"],"picked":"Metallicize","floor":14.0},{"not_picked":["Exhume","Brutality"],"picked":"Fiend Fire","floor":16.0},{"not_picked":["Warcry","Havoc"],"picked":"Power Through","floor":18.0},{"not_picked":["Uppercut","Clothesline+1"],"picked":"Spot Weakness","floor":21.0},{"not_picked":["Power Through","Seeing Red","Armaments"],"picked":"SKIP","floor":22.0},{"not_picked":["Wild Strike","Corruption","Dark Embrace"],"picked":"SKIP","floor":23.0},{"not_picked":["Shrug It Off","Corruption"],"picked":"Inflame+1","floor":27.0},{"not_picked":["Havoc","Sword Boomerang","Heavy Blade"],"picked":"SKIP","floor":31.0},{"not_picked":["Exhume","Juggernaut"],"picked":"Demon Form","floor":33.0},{"not_picked":["True Grit+1","Sentinel","Shrug It Off"],"picked":"SKIP","floor":35.0},{"not_picked":["Perfected Strike+1","Thunderclap+1"],"picked":"Shockwave+1","floor":37.0},{"not_picked":["Havoc","Headbutt"],"picked":"Shrug It Off","floor":38.0},{"not_picked":["Burning Pact","Hemokinesis+1","Iron Wave"],"picked":"SKIP","floor":39.0},{"not_picked":["Dark Embrace","Wild Strike+1"],"picked":"Ghostly Armor","floor":42},{"not_picked":["Ghostly Armor+1","Rampage","Searing Blow"],"picked":"Infernal Blade+1","floor":45},{"not_picked":["Cleave+1","Battle Trance","Thunderclap+1"],"picked":"Heavy Blade+1","floor":47}],"player_experience":233006,"relics_obtained":[{"floor":6.0,"key":"Incense Burner"},{"floor":9.0,"key":"Meat on the Bone"},{"floor":23.0,"key":"The Courier"},{"floor":26.0,"key":"Pantograph"},{"floor":27.0,"key":"Anchor"},{"floor":42,"key":"StoneCalendar"},{"floor":43,"key":"Question Card"}],"event_choices":[{"damage_healed":0.0,"max_hp_gain":5.0,"max_hp_loss":0.0,"gold_gain":0.0,"event_name":"Big Fish","player_choice":"Donut","floor":3.0,"gold_loss":0.0,"damage_taken":0.0},{"damage_healed":0.0,"max_hp_gain":0.0,"max_hp_loss":0.0,"gold_gain":0.0,"event_name":"World of Goop","player_choice":"Left Gold","floor":5.0,"gold_loss":39.0,"damage_taken":0.0},{"damage_healed":0.0,"max_hp_gain":0.0,"max_hp_loss":0.0,"gold_gain":0.0,"event_name":"WeMeetAgain","player_choice":"Gave Potion","floor":8.0,"gold_loss":0.0,"damage_taken":0.0,"relics_obtained":["Bird Faced Urn"]},{"damage_healed":0.0,"max_hp_gain":0.0,"max_hp_loss":0.0,"gold_gain":0.0,"event_name":"Nest","player_choice":"Joined the Cult","floor":19.0,"gold_loss":0.0,"damage_taken":6.0,"cards_obtained":["RitualDagger"]},{"damage_healed":0.0,"max_hp_gain":0.0,"max_hp_loss":0.0,"gold_gain":0.0,"event_name":"Accursed Blacksmith","player_choice":"Rummage","floor":20.0,"gold_loss":0.0,"damage_taken":0.0,"relics_obtained":["WarpedTongs"],"cards_obtained":["Pain"]},{"damage_healed":0.0,"max_hp_gain":0.0,"max_hp_loss":31.0,"gold_gain":0.0,"event_name":"Vampires","player_choice":"Became a vampire","floor":25.0,"gold_loss":0.0,"damage_taken":0.0,"cards_obtained":["Bite","Bite","Bite","Bite","Bite"]},{"damage_healed":0.0,"max_hp_gain":0.0,"max_hp_loss":0.0,"gold_gain":100.0,"event_name":"Golden Shrine","player_choice":"Pray","floor":36.0,"gold_loss":0.0,"damage_taken":0.0},{"damage_healed":0.0,"max_hp_gain":0.0,"max_hp_loss":0.0,"gold_gain":0.0,"event_name":"Tomb of Lord Red Mask","player_choice":"Paid","floor":41.0,"gold_loss":425.0,"damage_taken":0.0,"relics_obtained":["Red Mask"]},{"damage_healed":0,"gold_gain":0,"player_choice":"Memory 1","damage_taken":0,"max_hp_gain":0,"max_hp_loss":0,"event_name":"SensoryStone","floor":48,"gold_loss":0}],"is_beta":false,"boss_relics":[{"not_picked":["Empty Cage","Ectoplasm"],"picked":"Velvet Choker"},{"not_picked":["White Beast Statue","Mark of Pain"],"picked":"Black Blood"}],"items_purged_floors":[24],"is_endless":false,"potions_floor_spawned":[1,4,14,16,18,22,35,37,39,47],"ascension_level":6}