{"gold_per_floor":[214,214,234,252,270,270,288,5,5,5,18,32,32,46,46,46],"floor_reached":16,"playtime":629,"items_purged":[],"score":182,"play_id":"88dd1676-1810-4e7b-870f-ed4fe0c0db40","local_time":"20190116021814","is_ascension_mode":true,"campfire_choices":[{"data":"Searing Blow","floor":6,"key":"SMITH"},{"floor":10,"key":"REST"},{"data":"Searing Blow+1","floor":13,"key":"SMITH"},{"data":"Searing Blow+2","floor":15,"key":"SMITH"}],"neow_cost":"NONE","seed_source_timestamp":3379102120717229,"circlet_count":0,"master_deck":["AscendersBane","Strike_R","Strike_R","Strike_R","Strike_R","Strike_R","Defend_R","Defend_R","Defend_R","Defend_R","Bash","Ghostly Armor","Dark Embrace","Shrug It Off","Searing Blow+3","Spot Weakness","Sword Boomerang","Flame Barrier"],"special_seed":0,"relics":["Burning Blood","Singing Bowl","Champion Belt"],"potions_floor_usage":[12],"damage_taken":[{"damage":18.0,"enemies":"Cultist","floor":1.0,"turns":5.0},{"damage":4,"enemies":"Small Slimes","floor":3,"turns":4},{"damage":11,"enemies":"Jaw Worm","floor":4,"turns":6},{"damage":42,"enemies":"Exordium Thugs","floor":5,"turns":7},{"damage":11,"enemies":"3 Louse","floor":7,"turns":6},{"damage":1,"enemies":"Exordium Wildlife","floor":11,"turns":4},{"damage":15,"enemies":"Lots of Slimes","floor":12,"turns":5},{"damage":9,"enemies":"Blue Slaver","floor":14,"turns":3},{"damage":34,"enemies":"Slime Boss","floor":16,"turns":6}],"seed_played":"4142471057273910093","potions_obtained":[{"floor":7,"key":"Ancient Potion"},{"floor":11,"key":"LiquidBronze"}],"is_trial":false,"path_per_floor":["M","?","M","M","M","R","M","$","T","R","M","M","R","M","R","B"],"character_chosen":"IRONCLAD","items_purchased":["Singing Bowl"],"campfire_rested":1,"item_purchase_floors":[8],"current_hp_per_floor":[56,56,58,53,17,17,12,12,12,34,39,30,30,29,29,0],"gold":46,"neow_bonus":"HUNDRED_GOLD","is_prod":false,"is_daily":false,"chose_seed":false,"campfire_upgraded":3,"win_rate":0,"timestamp":1547601494,"path_taken":["M","?","?","M","M","R","M","$","T","R","M","M","R","M","R","BOSS"],"build_version":"2019-01-10","purchased_purges":0,"victory":false,"max_hp_per_floor":[75,75,75,75,75,75,75,75,75,75,75,75,75,77,77,77],"card_choices":[{"not_picked":["Sword Boomerang","Twin Strike"],"picked":"Ghostly Armor","floor":1.0},{"not_picked":["Iron Wave","Clothesline"],"picked":"Shrug It Off","floor":3},{"not_picked":["Uppercut","Thunderclap"],"picked":"Searing Blow","floor":4},{"not_picked":["Warcry","Seeing Red"],"picked":"Spot Weakness","floor":5},{"not_picked":["Perfected Strike","Havoc","Flex"],"picked":"SKIP","floor":7},{"not_picked":["Reckless Charge","Flex"],"picked":"Sword Boomerang","floor":11},{"not_picked":["Berserk","Metallicize"],"picked":"Flame Barrier","floor":12},{"not_picked":["Combust","Warcry","Carnage"],"picked":"Singing Bowl","floor":14}],"player_experience":742154,"relics_obtained":[{"floor":9,"key":"Champion Belt"}],"event_choices":[{"damage_healed":0,"gold_gain":0,"player_choice":"1 cards matched","damage_taken":0,"max_hp_gain":0,"max_hp_loss":0,"event_name":"Match and Keep!","floor":2,"gold_loss":0,"cards_obtained":["Dark Embrace"]}],"is_beta":false,"boss_relics":[],"items_purged_floors":[],"is_endless":false,"potions_floor_spawned":[7,11],"killed_by":"Slime Boss","ascension_level":18}