{"gold_per_floor":[111,111,111,123,123,150,164,164,164,118,137,114,114,139,139,270,270,290,309,309],"floor_reached":20,"playtime":1277,"items_purged":[],"score":174,"play_id":"8fbbfe1f-2af4-4b6c-9643-566280f3e171","local_time":"20190123203610","is_ascension_mode":false,"campfire_choices":[{"data":"Shrug It Off","floor":13,"key":"SMITH"},{"data":"Bandage Up","floor":15,"key":"SMITH"}],"neow_cost":"TEN_PERCENT_HP_LOSS","seed_source_timestamp":6204649623000,"circlet_count":0,"master_deck":["Defend_R","Defend_R","Defend_R","Defend_R","Bash","Bandage Up+1","Blind+1","Spot Weakness","Pommel Strike","Shockwave","Flame Barrier","Shrug It Off+1","Body Slam","Body Slam","Double Tap","Exhume","Inflame+1","Twin Strike+1","Uppercut+1","Thunderclap+1","Twin Strike"],"relics":["Burning Blood","Frozen Egg 2","Golden Idol","Paper Frog","Astrolabe"],"potions_floor_usage":[16,16],"damage_taken":[{"damage":3,"enemies":"Small Slimes","floor":1,"turns":4},{"damage":7,"enemies":"2 Louse","floor":4,"turns":3},{"damage":39,"enemies":"Gremlin Nob","floor":6,"turns":5},{"damage":0,"enemies":"Cultist","floor":7,"turns":4},{"damage":7,"enemies":"Looter","floor":11,"turns":3},{"damage":0,"enemies":"3 Louse","floor":14,"turns":5},{"damage":69,"enemies":"Hexaghost","floor":16,"turns":15},{"damage":0,"enemies":"Chosen","floor":18,"turns":4},{"damage":16,"enemies":"3 Byrds","floor":19,"turns":9},{"damage":70,"enemies":"Masked Bandits","floor":20,"turns":5}],"seed_played":"-4820629388082451941","potions_obtained":[{"floor":7,"key":"EssenceOfSteel"},{"floor":14,"key":"Regen Potion"},{"floor":18,"key":"FearPotion"}],"is_trial":false,"path_per_floor":["M","?","?","M","?","E","M","?","T","$","M","$","R","M","R","B",null,"M","M","?"],"character_chosen":"IRONCLAD","items_purchased":["Shrug It Off","Body Slam"],"campfire_rested":0,"item_purchase_floors":[10,12],"current_hp_per_floor":[72,65,65,68,68,39,49,49,49,49,52,52,52,62,62,19,67,67,67,0],"gold":309,"neow_bonus":"RANDOM_COLORLESS_2","is_prod":false,"is_daily":false,"chose_seed":false,"campfire_upgraded":2,"win_rate":0,"timestamp":1548304570,"path_taken":["M","?","?","M","?","E","?","?","T","$","M","$","R","M","R","BOSS","M","M","?"],"build_version":"2019-01-23","purchased_purges":0,"victory":false,"max_hp_per_floor":[72,72,72,72,72,72,72,67,67,67,67,67,67,67,67,67,67,67,67,67],"card_choices":[{"not_picked":["Warcry","Flex"],"picked":"Spot Weakness","floor":1},{"not_picked":["Thunderclap","Seeing Red"],"picked":"Pommel Strike","floor":4},{"not_picked":["Seeing Red","Blood for Blood"],"picked":"Shockwave","floor":6},{"not_picked":["Spot Weakness","Sentinel"],"picked":"Flame Barrier","floor":7},{"not_picked":["Reckless Charge","Shrug It Off"],"picked":"Body Slam","floor":11},{"not_picked":["Reckless Charge","Burning Pact"],"picked":"Double Tap","floor":14},{"not_picked":["Brutality+1","Double Tap"],"picked":"Exhume","floor":16},{"not_picked":["Ghostly Armor","Perfected Strike"],"picked":"Thunderclap+1","floor":18},{"not_picked":["Dropkick","Rupture+1"],"picked":"Twin Strike","floor":19}],"player_experience":57792,"relics_obtained":[{"floor":6,"key":"Frozen Egg 2"},{"floor":9,"key":"Paper Frog"}],"event_choices":[{"cards_removed":["Strike_R"],"damage_healed":0,"gold_gain":0,"player_choice":"Card Removal","damage_taken":7,"max_hp_gain":0,"max_hp_loss":0,"event_name":"Golden Wing","floor":2,"gold_loss":0},{"damage_healed":0,"gold_gain":0,"player_choice":"Grow","damage_taken":0,"max_hp_gain":0,"max_hp_loss":0,"event_name":"Living Wall","floor":3,"gold_loss":0,"cards_upgraded":["Blind"]},{"cards_removed":["Strike_R"],"damage_healed":0,"gold_gain":0,"player_choice":"Purged","damage_taken":0,"max_hp_gain":0,"max_hp_loss":0,"event_name":"Purifier","floor":5,"gold_loss":0},{"damage_healed":0,"gold_gain":0,"player_choice":"Lose Max HP","damage_taken":0,"relics_obtained":["Golden Idol"],"max_hp_gain":0,"max_hp_loss":5,"event_name":"Golden Idol","floor":8,"gold_loss":0},{"damage_healed":0,"gold_gain":0,"player_choice":"Fought Bandits","damage_taken":0,"max_hp_gain":0,"max_hp_loss":0,"event_name":"Masked Bandits","floor":20,"gold_loss":0}],"is_beta":false,"boss_relics":[{"not_picked":["Empty Cage","White Beast Statue"],"picked":"Astrolabe"}],"items_purged_floors":[],"is_endless":false,"potions_floor_spawned":[7,14,18],"killed_by":"Masked Bandits","ascension_level":0}