{"gold_per_floor":[116,126,126,126,142,167,167,167,190,190,207,233,246,220,220,320,320,334,334,334,334,348,348,363,391,418,418,437,437,453,472,472,573,573,590,106,119,129,147,147,21,21],"floor_reached":42,"playtime":3014,"items_purged":["Strike_B","Strike_B"],"score":528,"play_id":"6bab4c07-e131-4107-ade8-b1cad30f90b6","local_time":"20190124210327","is_ascension_mode":true,"campfire_choices":[{"data":"Coolheaded","floor":8,"key":"SMITH"},{"data":"Dualcast","floor":10,"key":"SMITH"},{"floor":15,"key":"REST"},{"data":"Glacier","floor":23,"key":"SMITH"},{"floor":27,"key":"REST"},{"floor":29,"key":"REST"},{"floor":32,"key":"REST"},{"floor":40,"key":"RECALL"}],"neow_cost":"CURSE","seed_source_timestamp":407306984396517,"circlet_count":0,"master_deck":["Strike_B","Strike_B","Defend_B","Defend_B","Defend_B","Defend_B","Zap","Dualcast+1","Chill","Go for the Eyes","Coolheaded+1","Go for the Eyes","Glacier+1","Darkness","Stack","Thunder Strike","Coolheaded+1","Fusion+1","Leap","Echo Form","Redo","Leap","Echo Form","Seek","BootSequence+1","Conserve Battery","Stack","Madness","Turbo+1","Reinforced Body+1","Barrage","Stack"],"relics":["Cracked Core","Unceasing Top","Vajra","Orichalcum","Blood Vial","Calling Bell","PreservedInsect","Mercury Hourglass","Peace Pipe","Bronze Scales","Lantern","Inserter","Cables"],"potions_floor_usage":[12,22,25,31,33,33,39,42],"damage_taken":[{"damage":11,"enemies":"2 Louse","floor":1,"turns":3},{"damage":5,"enemies":"Jaw Worm","floor":2,"turns":3},{"damage":1,"enemies":"Small Slimes","floor":5,"turns":3},{"damage":25,"enemies":"3 Sentries","floor":6,"turns":11},{"damage":8,"enemies":"Exordium Wildlife","floor":11,"turns":5},{"damage":11,"enemies":"Gremlin Nob","floor":12,"turns":5},{"damage":3,"enemies":"3 Louse","floor":13,"turns":4},{"damage":27,"enemies":"Hexaghost","floor":16,"turns":15},{"damage":8,"enemies":"Shell Parasite","floor":18,"turns":10},{"damage":37,"enemies":"Colosseum Slavers","floor":19,"turns":7},{"damage":0,"enemies":"3 Byrds","floor":22,"turns":2},{"damage":14,"enemies":"Snake Plant","floor":24,"turns":5},{"damage":17,"enemies":"Slavers","floor":25,"turns":7},{"damage":29,"enemies":"Cultist and Chosen","floor":28,"turns":9},{"damage":10,"enemies":"Sentry and Sphere","floor":30,"turns":6},{"damage":9,"enemies":"Centurion and Healer","floor":31,"turns":9},{"damage":0,"enemies":"Champ","floor":33,"turns":11},{"damage":19,"enemies":"3 Darklings","floor":35,"turns":6},{"damage":4,"enemies":"Orb Walker","floor":37,"turns":3},{"damage":0,"enemies":"4 Shapes","floor":38,"turns":10},{"damage":27,"enemies":"Spire Growth","floor":39,"turns":7},{"damage":40,"enemies":"Reptomancer","floor":42,"turns":2}],"seed_played":"-240720037446205286","potions_obtained":[{"floor":2,"key":"LiquidBronze"},{"floor":6,"key":"Swift Potion"},{"floor":11,"key":"Weak Potion"},{"floor":13,"key":"FearPotion"},{"floor":18,"key":"EssenceOfSteel"},{"floor":30,"key":"Fire Potion"},{"floor":31,"key":"PowerPotion"},{"floor":38,"key":"Energy Potion"},{"floor":39,"key":"EssenceOfSteel"}],"is_trial":false,"path_per_floor":["M","M","?","T","M","E","?","R","T","R","M","E","M","?","R","B",null,"M","?","?","?","M","R","M","E","T","R","M","R","M","M","R","B",null,"M","$","M","M","M","R","$","E"],"character_chosen":"DEFECT","items_purchased":["Conserve Battery","Stack","Cables","Madness","Stack"],"campfire_rested":4,"item_purchase_floors":[36,36,36,36,41],"current_hp_per_floor":[64,59,59,59,58,33,33,33,33,33,25,14,13,13,35,10,75,67,32,32,32,34,34,22,7,7,29,2,24,16,9,31,33,75,56,56,54,56,31,31,31,0],"gold":21,"neow_bonus":"ONE_RARE_RELIC","is_prod":false,"is_daily":false,"chose_seed":false,"campfire_upgraded":3,"win_rate":0,"timestamp":1548381807,"path_taken":["M","M","?","?","?","E","?","R","T","R","M","E","M","?","R","BOSS","M","?","?","?","M","R","M","E","T","R","?","R","M","M","R","BOSS","M","$","M","M","M","R","$","E"],"build_version":"2019-01-23","purchased_purges":2,"victory":false,"max_hp_per_floor":[75,75,75,75,75,75,75,75,75,75,75,75,75,75,75,75,75,75,75,75,75,75,75,75,75,75,75,75,75,75,75,75,75,75,75,75,75,75,75,75,75,75],"card_choices":[{"not_picked":["Turbo","Beam Cell"],"picked":"Chill","floor":1},{"not_picked":["Ball Lightning","Barrage"],"picked":"Go for the Eyes","floor":2},{"not_picked":["Steam","Consume"],"picked":"Coolheaded","floor":5},{"not_picked":["Beam Cell","Barrage"],"picked":"Go for the Eyes","floor":6},{"not_picked":["Reboot","Self Repair"],"picked":"Glacier","floor":11},{"not_picked":["Rip and Tear","Gash"],"picked":"Darkness","floor":12},{"not_picked":["Turbo","Genetic Algorithm"],"picked":"Stack","floor":13},{"not_picked":["All For One","Seek"],"picked":"Thunder Strike","floor":16},{"not_picked":["Rip and Tear","Barrage"],"picked":"Coolheaded+1","floor":18},{"not_picked":["Reprogram","Sweeping Beam"],"picked":"Fusion+1","floor":22},{"not_picked":["Coolheaded","Turbo"],"picked":"Leap","floor":24},{"not_picked":["Compile Driver+1","Ball Lightning"],"picked":"Echo Form","floor":25},{"not_picked":["Sweeping Beam","Rebound+1"],"picked":"Redo","floor":28},{"not_picked":["Stack","Barrage"],"picked":"Leap","floor":30},{"not_picked":["Gash","Consume"],"picked":"Echo Form","floor":31},{"not_picked":["Amplify","Biased Cognition"],"picked":"Seek","floor":33},{"not_picked":["Scrape+1","Chill"],"picked":"BootSequence+1","floor":35},{"not_picked":["Chill+1","Leap"],"picked":"Turbo+1","floor":37},{"not_picked":["Genetic Algorithm+1","Force Field+1"],"picked":"Reinforced Body+1","floor":38},{"not_picked":["Ball Lightning","Loop"],"picked":"Barrage","floor":39}],"player_experience":101722,"relics_obtained":[{"floor":6,"key":"Vajra"},{"floor":9,"key":"Orichalcum"},{"floor":12,"key":"Blood Vial"},{"floor":17,"key":"PreservedInsect"},{"floor":17,"key":"Mercury Hourglass"},{"floor":17,"key":"Peace Pipe"},{"floor":25,"key":"Bronze Scales"},{"floor":26,"key":"Lantern"}],"event_choices":[{"damage_healed":0,"gold_gain":0,"player_choice":"Ignored","damage_taken":0,"max_hp_gain":0,"max_hp_loss":0,"event_name":"Liars Game","floor":3,"gold_loss":0},{"cards_removed":["Pain"],"damage_healed":0,"gold_gain":0,"player_choice":"Forget","damage_taken":0,"max_hp_gain":0,"max_hp_loss":0,"event_name":"Living Wall","floor":7,"gold_loss":0},{"damage_healed":0,"gold_gain":0,"player_choice":"Left Gold","damage_taken":0,"max_hp_gain":0,"max_hp_loss":0,"event_name":"World of Goop","floor":14,"gold_loss":26},{"damage_healed":0,"gold_gain":0,"player_choice":"Fight","damage_taken":0,"max_hp_gain":0,"max_hp_loss":0,"event_name":"Colosseum","floor":19,"gold_loss":0},{"damage_healed":0,"gold_gain":0,"player_choice":"Fled From Nobs","damage_taken":0,"max_hp_gain":0,"max_hp_loss":0,"event_name":"Colosseum","floor":19,"gold_loss":0},{"damage_healed":0,"gold_gain":0,"player_choice":"Smashed Altar","damage_taken":0,"max_hp_gain":0,"max_hp_loss":0,"event_name":"Forgotten Altar","floor":20,"gold_loss":0,"cards_obtained":["Decay"]},{"cards_removed":["Decay","Clumsy","Clumsy","Regret"],"damage_healed":0,"gold_gain":0,"player_choice":"Removed Curses","damage_taken":0,"max_hp_gain":0,"max_hp_loss":0,"event_name":"Fountain of Cleansing","floor":21,"gold_loss":0}],"is_beta":false,"boss_relics":[{"not_picked":["Sozu","Eternal Feather"],"picked":"Calling Bell"},{"not_picked":["Astrolabe","White Beast Statue"],"picked":"Inserter"}],"items_purged_floors":[36,41],"is_endless":false,"potions_floor_spawned":[2,6,11,13,18,30,31,38,39],"killed_by":"Reptomancer","ascension_level":2}