{"gold_per_floor":[116,116,116,135,158,158,191,366,366,62,75,75,89,10,10,135,135,159,18,18,38,61,61,136,136],"floor_reached":25,"playtime":1130,"items_purged":[],"score":297,"play_id":"6e6a1476-11ca-4fa5-8003-7af53d79371d","local_time":"20181226225251","is_ascension_mode":true,"campfire_choices":[{"data":"Backflip","floor":6.0,"key":"SMITH"},{"floor":15.0,"key":"REST"}],"neow_cost":"NONE","seed_source_timestamp":0,"circlet_count":0,"master_deck":["Defend_G","Defend_G","Defend_G","Defend_G","Defend_G","Strike_G","Strike_G","Survivor","Neutralize+1","Bane","Deadly Poison","Backflip+1","Burst","Cloak And Dagger","Dagger Throw","Flying Knee","Escape Plan","Terror","PiercingWail","Quick Slash","Noxious Fumes","Corpse Explosion","Bullet Time+1","Poisoned Stab+1","Night Terror+1","Deadly Poison","Cloak And Dagger","Footwork","Dagger Throw+1"],"special_seed":0,"relics":["Ring of the Snake","Golden Idol","Mercury Hourglass","Meat on the Bone","The Courier","Astrolabe","Lantern","Spirit Poop"],"potions_floor_usage":[],"damage_taken":[{"damage":5.0,"enemies":"2 Louse","floor":1.0,"turns":3.0},{"damage":4.0,"enemies":"Cultist","floor":4.0,"turns":3.0},{"damage":0.0,"enemies":"Small Slimes","floor":5.0,"turns":3.0},{"damage":29.0,"enemies":"3 Sentries","floor":7.0,"turns":11.0},{"damage":9.0,"enemies":"Exordium Thugs","floor":11.0,"turns":5.0},{"damage":4.0,"enemies":"Looter","floor":13.0,"turns":4.0},{"damage":31.0,"enemies":"The Guardian","floor":16.0,"turns":8.0},{"damage":4.0,"enemies":"Chosen","floor":18.0,"turns":5.0},{"damage":22.0,"enemies":"Shell Parasite","floor":21.0,"turns":5.0},{"damage":0.0,"enemies":"Cultist and Chosen","floor":22.0,"turns":4.0},{"damage":0.0,"enemies":"Gremlin Leader","floor":23.0,"turns":6.0},{"damage":27,"enemies":"Slavers","floor":25,"turns":2}],"seed_played":"5342177394229461665","potions_obtained":[{"floor":4.0,"key":"Poison Potion"},{"floor":7.0,"key":"AttackPotion"},{"floor":16.0,"key":"FearPotion"},{"floor":18.0,"key":"Fire Potion"},{"floor":22.0,"key":"EntropicBrew"}],"is_trial":false,"path_per_floor":["M","?","?","M","M","R","E","?","T","$","M","T","M","$","R","B",null,"M","$","?","M","M","E","?","E"],"character_chosen":"THE_SILENT","items_purchased":["Cloak And Dagger","Dagger Throw","Flying Knee","SmokeBomb","Escape Plan","Quick Slash","Noxious Fumes","Lantern","Cloak And Dagger"],"campfire_rested":1,"item_purchase_floors":[10,10,10,10,10,14,14,19,19],"current_hp_per_floor":[58,58,58,54,54,54,25,25,25,25,28,28,36,36,57,38,62,58,58,58,36,36,36,29,2],"gold":136,"neow_bonus":"UPGRADE_CARD","is_prod":false,"is_daily":false,"chose_seed":false,"campfire_upgraded":1,"win_rate":0,"timestamp":1545893571,"path_taken":["M","?","?","M","M","R","E","?","T","$","M","?","?","?","R","BOSS","M","?","?","M","?","E","?","E"],"build_version":"2018-12-20","purchased_purges":0,"victory":false,"max_hp_per_floor":[70,70,70,70,70,70,70,70,70,70,70,70,70,70,70,70,70,70,70,70,70,70,70,70,70],"card_choices":[{"not_picked":["Outmaneuver","Infinite Blades"],"picked":"Bane","floor":1.0},{"not_picked":["Underhanded Strike","Deflect"],"picked":"Deadly Poison","floor":4.0},{"not_picked":["Flying Knee","Choke"],"picked":"Backflip","floor":5.0},{"not_picked":["Prepared","Finisher"],"picked":"Burst","floor":7.0},{"not_picked":["Distraction","Choke"],"picked":"Terror","floor":11.0},{"not_picked":["Blade Dance","Dagger Throw"],"picked":"PiercingWail","floor":13.0},{"not_picked":["Adrenaline","Phantasmal Killer"],"picked":"Corpse Explosion","floor":16.0},{"not_picked":["Prepared","Skewer"],"picked":"Deadly Poison","floor":18.0},{"not_picked":["Deflect","Caltrops"],"picked":"Footwork","floor":21.0},{"not_picked":["Doppelganger","Underhanded Strike"],"picked":"Dagger Throw+1","floor":22.0}],"player_experience":243041,"relics_obtained":[{"floor":7.0,"key":"Mercury Hourglass"},{"floor":9.0,"key":"Meat on the Bone"},{"floor":12.0,"key":"The Courier"}],"event_choices":[{"damage_healed":0.0,"max_hp_gain":0.0,"max_hp_loss":0.0,"gold_gain":0.0,"event_name":"Golden Idol","player_choice":"Take Wound","floor":2.0,"gold_loss":0.0,"damage_taken":0.0,"relics_obtained":["Golden Idol"],"cards_obtained":["Injury"]},{"cards_removed":["Injury"],"damage_healed":0.0,"max_hp_gain":0.0,"max_hp_loss":0.0,"gold_gain":0.0,"event_name":"Living Wall","player_choice":"Forget","floor":3.0,"gold_loss":0.0,"damage_taken":0.0},{"damage_healed":0.0,"max_hp_gain":0.0,"max_hp_loss":0.0,"gold_gain":175.0,"event_name":"Liars Game","player_choice":"AGREE","floor":8.0,"gold_loss":0.0,"damage_taken":0.0,"cards_obtained":["Doubt"]},{"cards_removed":["Doubt"],"damage_healed":0.0,"max_hp_gain":0.0,"max_hp_loss":0.0,"gold_gain":0.0,"event_name":"Bonfire Elementals","player_choice":"Offered Curse","floor":20.0,"gold_loss":0.0,"damage_taken":0.0,"relics_obtained":["Spirit Poop"]},{"damage_healed":0.0,"max_hp_gain":0.0,"max_hp_loss":0.0,"gold_gain":75.0,"event_name":"FaceTrader","player_choice":"Touch","floor":24.0,"gold_loss":0.0,"damage_taken":7.0}],"is_beta":false,"boss_relics":[{"not_picked":["Ring of the Serpent","Black Star"],"picked":"Astrolabe"}],"items_purged_floors":[],"is_endless":false,"potions_floor_spawned":[4,7,16,18,22],"killed_by":"Slavers","ascension_level":7}