{"gold_per_floor":[110,121,121,121,131,131,151,169,169,119,139,64,83,158,158,259,259,276,376,389,140,65,65],"floor_reached":23,"playtime":720,"items_purged":["Strike_R","Strike_R"],"score":183,"play_id":"29809de1-85e7-4e14-8307-631071d2b5fd","local_time":"20190131211850","is_ascension_mode":false,"campfire_choices":[{"data":"Strike_R","floor":6,"key":"SMITH"},{"floor":15,"key":"REST"}],"neow_cost":"NONE","seed_source_timestamp":174805016420766,"circlet_count":0,"master_deck":["Strike_R+1","Defend_R","Bash+1","Searing Blow"],"relics":["Burning Blood","Regal Pillow","Sundial","Empty Cage","Membership Card"],"potions_floor_usage":[16,16,16,18,23],"damage_taken":[{"damage":5,"enemies":"2 Louse","floor":1,"turns":3},{"damage":2,"enemies":"Small Slimes","floor":2,"turns":4},{"damage":1,"enemies":"Cultist","floor":5,"turns":4},{"damage":6,"enemies":"Blue Slaver","floor":7,"turns":5},{"damage":16,"enemies":"3 Louse","floor":8,"turns":4},{"damage":13,"enemies":"Red Slaver","floor":11,"turns":2},{"damage":0,"enemies":"Looter","floor":13,"turns":3},{"damage":78,"enemies":"Hexaghost","floor":16,"turns":11},{"damage":31,"enemies":"2 Thieves","floor":18,"turns":5},{"damage":5,"enemies":"Chosen","floor":20,"turns":4},{"damage":51,"enemies":"Slavers","floor":23,"turns":3}],"seed_played":"549919829046567142","potions_obtained":[{"floor":2,"key":"PowerPotion"},{"floor":8,"key":"SteroidPotion"},{"floor":11,"key":"LiquidBronze"},{"floor":16,"key":"Fire Potion"},{"floor":20,"key":"LiquidBronze"}],"is_trial":false,"path_per_floor":["M","M","?","?","M","R","M","M","T","?","M","$","M","?","R","B",null,"M","?","M","$","?","E"],"character_chosen":"IRONCLAD","items_purchased":["Membership Card"],"campfire_rested":1,"item_purchase_floors":[21],"current_hp_per_floor":[80,80,73,73,78,78,78,68,68,68,61,61,67,56,80,8,80,55,55,56,56,56,5],"gold":65,"neow_bonus":"RANDOM_COMMON_RELIC","is_prod":false,"is_daily":false,"chose_seed":false,"campfire_upgraded":1,"win_rate":0,"timestamp":1548982130,"path_taken":["M","M","?","?","M","R","?","M","T","?","M","$","M","?","R","BOSS","M","?","?","$","?","E"],"build_version":"2019-01-23","purchased_purges":2,"victory":false,"max_hp_per_floor":[80,80,80,80,80,80,80,80,80,80,80,80,80,80,80,80,80,80,80,80,80,80,80],"card_choices":[{"not_picked":["Cleave","Second Wind","Anger"],"picked":"SKIP","floor":1},{"not_picked":["True Grit","Havoc","Flex"],"picked":"SKIP","floor":2},{"not_picked":["Clothesline","Cleave","Dual Wield"],"picked":"SKIP","floor":5},{"not_picked":["Wild Strike","Body Slam","Shockwave"],"picked":"SKIP","floor":7},{"not_picked":["Anger","Thunderclap","Pummel"],"picked":"SKIP","floor":8},{"not_picked":["Havoc","Wild Strike","Cleave"],"picked":"SKIP","floor":11},{"not_picked":["Iron Wave","Limit Break","Cleave"],"picked":"SKIP","floor":13},{"not_picked":["Flame Barrier","Entrench"],"picked":"Searing Blow","floor":18},{"not_picked":["Carnage+1","Sword Boomerang+1","True Grit"],"picked":"SKIP","floor":20}],"player_experience":292086,"relics_obtained":[{"floor":9,"key":"Sundial"}],"event_choices":[{"cards_removed":["Strike_R"],"damage_healed":0,"gold_gain":0,"player_choice":"Card Removal","damage_taken":7,"max_hp_gain":0,"max_hp_loss":0,"event_name":"Golden Wing","floor":3,"gold_loss":0},{"damage_healed":0,"gold_gain":0,"player_choice":"Forge","damage_taken":0,"max_hp_gain":0,"max_hp_loss":0,"event_name":"Accursed Blacksmith","floor":4,"gold_loss":0,"cards_upgraded":["Bash"]},{"cards_removed":["Defend_R"],"damage_healed":0,"gold_gain":0,"player_choice":"Card Removal","damage_taken":0,"max_hp_gain":0,"max_hp_loss":0,"event_name":"The Cleric","floor":10,"gold_loss":50},{"damage_healed":0,"gold_gain":75,"player_choice":"Gather Gold","damage_taken":11,"max_hp_gain":0,"max_hp_loss":0,"event_name":"World of Goop","floor":14,"gold_loss":0},{"damage_healed":0,"gold_gain":100,"player_choice":"Pray","damage_taken":0,"max_hp_gain":0,"max_hp_loss":0,"event_name":"Golden Shrine","floor":19,"gold_loss":0},{"cards_removed":["Defend_R"],"damage_healed":0,"gold_gain":0,"player_choice":"Gave Gold","damage_taken":0,"max_hp_gain":0,"max_hp_loss":0,"event_name":"Beggar","floor":22,"gold_loss":75}],"is_beta":false,"boss_relics":[{"not_picked":["White Beast Statue","Runic Dome"],"picked":"Empty Cage"}],"items_purged_floors":[12,21],"is_endless":false,"potions_floor_spawned":[2,8,11,16,20],"killed_by":"Slavers","ascension_level":0}