{"gold_per_floor":[114,114,124,135,146,146,171,185,185,201,14,14,27,61,61,160,160,172,183,202,21,40,40,68,68,68,84,15,25,25,52,52,155,155,165,40,52,72,86,86,86,114,188,188,188,140,159,171,171,171,171,171,21,54,54],"floor_reached":55,"playtime":4403,"items_purged":["Writhe","Strike_R","Strike_R","Parasite"],"score":803,"play_id":"c1ec4743-0b9f-4442-a6c9-9ea1aaf311d5","local_time":"20190131193007","is_ascension_mode":false,"campfire_choices":[{"floor":6.0,"key":"RECALL"},{"floor":12.0,"key":"REST"},{"data":"Metallicize","floor":15.0,"key":"SMITH"},{"floor":23.0,"key":"REST"},{"floor":25.0,"key":"REST"},{"floor":32.0,"key":"REST"},{"floor":40.0,"key":"REST"},{"floor":44.0,"key":"REST"},{"floor":49.0,"key":"REST"},{"floor":52.0,"key":"REST"}],"neow_cost":"CURSE","seed_source_timestamp":0,"circlet_count":0,"master_deck":["Strike_R","Defend_R","Defend_R","Defend_R","Defend_R","Bash","Warcry","Impervious","Rampage","Body Slam","Pommel Strike","Shockwave","Flame Barrier","Shrug It Off","Spot Weakness","Heavy Blade","Metallicize+1","Feed","Pummel","Whirlwind","Limit Break","Shrug It Off","Twin Strike","Ghostly Armor+1","Inflame","Shrug It Off","Demon Form","Fire Breathing+1","Shrug It Off+1","Heavy Blade+1","Cleave","Entrench+1","Shrug It Off+1"],"special_seed":0,"relics":["Burning Blood","Calipers","Bronze Scales","Ornamental Fan","Fusion Hammer","Matryoshka","Kunai","Paper Frog","Pear","Runic Cube","Mummified Hand","Regal Pillow","Blue Candle","Vajra"],"potions_floor_usage":[55,55],"damage_taken":[{"damage":9.0,"enemies":"Small Slimes","floor":1.0,"turns":5.0},{"damage":12.0,"enemies":"Cultist","floor":3.0,"turns":5.0},{"damage":0.0,"enemies":"2 Louse","floor":4.0,"turns":3.0},{"damage":10.0,"enemies":"2 Fungi Beasts","floor":5.0,"turns":5.0},{"damage":32.0,"enemies":"Gremlin Nob","floor":7.0,"turns":6.0},{"damage":3.0,"enemies":"Lots of Slimes","floor":8.0,"turns":5.0},{"damage":3.0,"enemies":"Exordium Wildlife","floor":10.0,"turns":5.0},{"damage":0.0,"enemies":"3 Louse","floor":13.0,"turns":3.0},{"damage":20.0,"enemies":"3 Sentries","floor":14.0,"turns":8.0},{"damage":24.0,"enemies":"The Guardian","floor":16.0,"turns":13.0},{"damage":9.0,"enemies":"Shell Parasite","floor":18.0,"turns":5.0},{"damage":0.0,"enemies":"Spheric Guardian","floor":19.0,"turns":4.0},{"damage":0.0,"enemies":"Cultist and Chosen","floor":20.0,"turns":6.0},{"damage":22.0,"enemies":"Centurion and Healer","floor":22.0,"turns":16.0},{"damage":18.0,"enemies":"Gremlin Leader","floor":24.0,"turns":10.0},{"damage":11.0,"enemies":"Snecko","floor":27.0,"turns":7.0},{"damage":18.0,"enemies":"Cultist and Chosen","floor":29.0,"turns":7.0},{"damage":6.0,"enemies":"Slavers","floor":31.0,"turns":5.0},{"damage":60.0,"enemies":"Automaton","floor":33.0,"turns":14.0},{"damage":15.0,"enemies":"3 Darklings","floor":35.0,"turns":4.0},{"damage":5.0,"enemies":"3 Shapes","floor":37.0,"turns":8.0},{"damage":35.0,"enemies":"Writhing Mass","floor":38.0,"turns":8.0},{"damage":30.0,"enemies":"Spire Growth","floor":39.0,"turns":7.0},{"damage":30.0,"enemies":"Reptomancer","floor":42.0,"turns":8.0},{"damage":55.0,"enemies":"Maw","floor":47.0,"turns":7.0},{"damage":12.0,"enemies":"Sphere and 2 Shapes","floor":48.0,"turns":7.0},{"damage":51.0,"enemies":"Time Eater","floor":50.0,"turns":10.0},{"damage":101.0,"enemies":"Shield and Spear","floor":54.0,"turns":7.0},{"damage":16,"enemies":"The Heart","floor":55,"turns":2}],"seed_played":"-6759505371178814694","potions_obtained":[{"floor":7.0,"key":"Explosive Potion"},{"floor":10.0,"key":"GamblersBrew"},{"floor":14.0,"key":"Ancient Potion"},{"floor":16.0,"key":"Poison Potion"},{"floor":19.0,"key":"Fruit Juice"},{"floor":22.0,"key":"Regen Potion"},{"floor":31.0,"key":"Poison Potion"},{"floor":33.0,"key":"Fire Potion"},{"floor":48.0,"key":"Fire Potion"}],"is_trial":false,"path_per_floor":["M","?","M","M","M","R","E","M","T","M","$","R","M","E","R","B",null,"M","M","M","$","M","R","E","R","T","M","$","M","$","E","R","B",null,"M","$","M","M","M","R","?","E","T","R","?","$","M","M","R","B",null,"R","$","E","B"],"character_chosen":"IRONCLAD","items_purchased":["Spot Weakness","Heavy Blade","Limit Break","Inflame","Cleave"],"campfire_rested":8,"item_purchase_floors":[11,11,21,28,46],"current_hp_per_floor":[77,77,71,77,73,73,47,50,50,53,53,77,80,66,66,48,80,77,85,85,85,72,88,79,91,91,86,86,74,74,98,101,47,101,92,92,96,67,46,78,78,57,57,105,105,105,56,50,98,56,113,113,110,15,0],"gold":54,"neow_bonus":"ONE_RARE_RELIC","is_prod":false,"is_daily":false,"chose_seed":false,"campfire_upgraded":1,"win_rate":0,"timestamp":1548984607,"path_taken":["M","?","M","M","M","R","E","M","T","M","$","R","M","E","R","BOSS","M","M","M","$","M","R","E","R","T","M","$","?","$","E","R","BOSS","M","$","M","?","M","R","?","E","T","R","?","$","M","M","R","BOSS","R","$","E","BOSS"],"build_version":"2019-01-23","purchased_purges":4,"victory":false,"max_hp_per_floor":[80,80,80,80,80,80,80,80,80,80,80,80,80,80,80,80,80,80,85,85,85,88,88,91,91,91,91,91,91,91,101,101,101,101,101,101,104,104,107,107,107,110,110,110,110,110,110,110,110,113,113,113,110,110,110],"card_choices":[{"not_picked":["Flex","Clash"],"picked":"Warcry","floor":1.0},{"not_picked":["Thunderclap","Headbutt"],"picked":"Rampage","floor":3.0},{"not_picked":["Twin Strike","Flex"],"picked":"Body Slam","floor":4.0},{"not_picked":["Infernal Blade","Clothesline"],"picked":"Pommel Strike","floor":5.0},{"not_picked":["Flex","Clothesline"],"picked":"Shockwave","floor":7.0},{"not_picked":["Thunderclap","Shockwave"],"picked":"Flame Barrier","floor":8.0},{"not_picked":["Cleave","Intimidate"],"picked":"Shrug It Off","floor":10.0},{"not_picked":["Disarm","Heavy Blade"],"picked":"Metallicize","floor":13.0},{"not_picked":["Dual Wield","Battle Trance","Combust"],"picked":"SKIP","floor":14.0},{"not_picked":["Dark Embrace","Juggernaut"],"picked":"Feed","floor":16.0},{"not_picked":["Clash+1","Hemokinesis"],"picked":"Pummel","floor":18.0},{"not_picked":["Clothesline","Havoc"],"picked":"Whirlwind","floor":19.0},{"not_picked":["Body Slam","Sword Boomerang","Bloodletting"],"picked":"SKIP","floor":20.0},{"not_picked":["Sword Boomerang","Flex"],"picked":"Shrug It Off","floor":22.0},{"not_picked":["Clothesline+1","Intimidate"],"picked":"Twin Strike","floor":24.0},{"not_picked":["Dropkick","Evolve"],"picked":"Ghostly Armor+1","floor":27.0},{"not_picked":["Battle Trance","Disarm"],"picked":"Shrug It Off","floor":29.0},{"not_picked":["Bludgeon","Warcry","Rage"],"picked":"SKIP","floor":31.0},{"not_picked":["Immolate","Fiend Fire"],"picked":"Demon Form","floor":33.0},{"not_picked":["Sentinel","Bloodletting+1","Iron Wave+1"],"picked":"SKIP","floor":35.0},{"not_picked":["Blood for Blood","Thunderclap","Perfected Strike"],"picked":"SKIP","floor":37.0},{"not_picked":["Rage+1","Twin Strike+1"],"picked":"Fire Breathing+1","floor":38.0},{"not_picked":["Wild Strike","Disarm"],"picked":"Shrug It Off+1","floor":39.0},{"not_picked":["Clash+1","Pommel Strike"],"picked":"Heavy Blade+1","floor":42.0},{"not_picked":["Warcry","Flex+1"],"picked":"Entrench+1","floor":47.0},{"not_picked":["Headbutt","Intimidate","Feel No Pain"],"picked":"SKIP","floor":48.0},{"not_picked":["Intimidate","Spot Weakness+1"],"picked":"Shrug It Off+1","floor":54.0}],"player_experience":352447,"relics_obtained":[{"floor":7.0,"key":"Bronze Scales"},{"floor":14.0,"key":"Ornamental Fan"},{"floor":24.0,"key":"Matryoshka"},{"floor":26.0,"key":"Kunai"},{"floor":26.0,"key":"Paper Frog"},{"floor":31.0,"key":"Pear"},{"floor":42.0,"key":"Mummified Hand"},{"floor":43.0,"key":"Regal Pillow"},{"floor":43.0,"key":"Blue Candle"},{"floor":54.0,"key":"Vajra"}],"event_choices":[{"damage_healed":0.0,"max_hp_gain":0.0,"max_hp_loss":0.0,"gold_gain":0.0,"cards_transformed":["Strike_R"],"event_name":"Transmorgrifier","player_choice":"Transformed","floor":2.0,"gold_loss":0.0,"damage_taken":0.0,"cards_obtained":["Impervious"]},{"cards_removed":["Strike_R"],"damage_healed":0.0,"max_hp_gain":0.0,"max_hp_loss":0.0,"gold_gain":0.0,"event_name":"Falling","player_choice":"Removed Attack","floor":41.0,"gold_loss":0.0,"damage_taken":0.0},{"damage_healed":0.0,"max_hp_gain":0.0,"max_hp_loss":0.0,"gold_gain":0.0,"event_name":"Tomb of Lord Red Mask","player_choice":"Ignored","floor":45.0,"gold_loss":0.0,"damage_taken":0.0}],"is_beta":false,"boss_relics":[{"not_picked":["Tiny House","Eternal Feather"],"picked":"Fusion Hammer"},{"not_picked":["Runic Dome","Orrery"],"picked":"Runic Cube"}],"items_purged_floors":[11,21,36,53],"is_endless":false,"potions_floor_spawned":[7,10,14,16,19,22,31,33,35,38,48],"killed_by":"The Heart","ascension_level":0}