{"gold_per_floor":[115,133,18,30,30,30,65,18,44,60,76,94,94,113,113,216,216,199,124,24,24,35,35,35],"floor_reached":24,"playtime":1101,"items_purged":["Strike_G","Strike_G"],"score":228,"play_id":"12070136-b3f8-46d6-bd22-9067240bc58a","local_time":"20180826012306","is_ascension_mode":true,"campfire_choices":[{"data":"Noxious Fumes","floor":6,"key":"SMITH"},{"floor":13,"key":"REST"},{"data":"Dodge and Roll","floor":15,"key":"SMITH"},{"data":"Backflip","floor":23,"key":"SMITH"}],"neow_cost":"NONE","seed_source_timestamp":837514388838911,"circlet_count":0,"master_deck":["Defend_G","Defend_G","Defend_G","Defend_G","Defend_G","Strike_G","Survivor","Neutralize","Cloak And Dagger","Poisoned Stab","Cloak And Dagger","Noxious Fumes+1","Dagger Spray","Predator","Prepared","Backflip+1","Dodge and Roll+1","Tools of the Trade","Cloak And Dagger+1"],"relics":["Ring of the Snake","Bag of Preparation","Anchor","Black Star"],"potions_floor_usage":[24,24],"damage_taken":[{"damage":0,"enemies":"Jaw Worm","floor":1,"turns":4},{"damage":0,"enemies":"Cultist","floor":2,"turns":3},{"damage":0,"enemies":"Small Slimes","floor":4,"turns":3},{"damage":4,"enemies":"3 Sentries","floor":7,"turns":7},{"damage":27,"enemies":"Gremlin Gang","floor":10,"turns":5},{"damage":0,"enemies":"3 Louse","floor":11,"turns":3},{"damage":0,"enemies":"Blue Slaver","floor":12,"turns":4},{"damage":0,"enemies":"2 Fungi Beasts","floor":14,"turns":4},{"damage":35,"enemies":"Slime Boss","floor":16,"turns":11},{"damage":3,"enemies":"2 Thieves","floor":18,"turns":4},{"damage":22,"enemies":"Spheric Guardian","floor":22,"turns":7},{"damage":60,"enemies":"Slavers","floor":24,"turns":6}],"seed_played":"-1430015743792963518","potions_obtained":[{"floor":2,"key":"LiquidBronze"},{"floor":7,"key":"Regen Potion"},{"floor":16,"key":"AttackPotion"}],"is_trial":false,"path_per_floor":["M","M","$","M","?","R","E","$","T","M","M","M","R","M","R","B",null,"M","?","$","?","M","R"],"character_chosen":"THE_SILENT","items_purchased":["Noxious Fumes","Backflip"],"campfire_rested":1,"item_purchase_floors":[3,8],"current_hp_per_floor":[70,70,70,70,70,70,66,66,66,39,39,39,60,60,60,25,70,67,67,67,67,45,45,0],"gold":35,"neow_bonus":"THREE_CARDS","is_prod":false,"is_daily":false,"chose_seed":false,"campfire_upgraded":3,"win_rate":0,"timestamp":1535217786,"path_taken":["M","M","$","M","?","R","E","$","T","M","?","M","R","M","R","BOSS","M","?","$","?","?","R","E"],"build_version":"2018-08-23v2","purchased_purges":2,"victory":false,"max_hp_per_floor":[70,70,70,70,70,70,70,70,70,70,70,70,70,70,70,70,70,70,70,70,70,70,70,70],"card_choices":[{"not_picked":["Dodge and Roll","Underhanded Strike"],"picked":"Cloak And Dagger","floor":0},{"not_picked":["Dagger Throw","Slice"],"picked":"Poisoned Stab","floor":1},{"not_picked":["Dagger Throw","Blur"],"picked":"Cloak And Dagger","floor":2},{"not_picked":["Predator","Heel Hook"],"picked":"Dagger Spray","floor":4},{"not_picked":["Sucker Punch","Eviscerate"],"picked":"Prepared","floor":7},{"not_picked":["Skewer","Outmaneuver","Dagger Spray"],"picked":"SKIP","floor":10},{"not_picked":["All Out Attack","Expertise"],"picked":"Dodge and Roll","floor":11},{"not_picked":["Distraction","Dagger Throw","Flying Knee"],"picked":"SKIP","floor":12},{"not_picked":["All Out Attack","Deadly Poison","Blade Dance"],"picked":"SKIP","floor":14},{"not_picked":["Storm of Steel","Glass Knife"],"picked":"Tools of the Trade","floor":16},{"not_picked":["All Out Attack","Acrobatics","Slice"],"picked":"SKIP","floor":18},{"not_picked":["Slice+1","Poisoned Stab"],"picked":"Cloak And Dagger+1","floor":22}],"player_experience":284634,"relics_obtained":[{"floor":7,"key":"Bag of Preparation"},{"floor":9,"key":"Anchor"}],"event_choices":[{"event_name":"Transmorgrifier","player_choice":"Transform","floor":5,"damage_taken":0},{"event_name":"Beggar","player_choice":"Gave Gold","floor":19,"damage_taken":0},{"event_name":"The Mausoleum","player_choice":"No","floor":21,"damage_taken":0}],"is_beta":false,"boss_relics":[{"not_picked":["Pandora\u0027s Box","Busted Crown"],"picked":"Black Star"}],"items_purged_floors":[3,20],"is_endless":false,"potions_floor_spawned":[2,7,16,18],"killed_by":"Slavers","ascension_level":3}