{"gold_per_floor":[115,40,52,66,66,66,66,66,89,89,39,55,66,85,85,181,181,201,201,216,228,228,228,128,140,140,15,29,49,49,49,49,49],"floor_reached":33,"playtime":1216,"items_purged":["Strike_G","Strike_G","Strike_G"],"score":239,"play_id":"98d3c4f0-37fb-4d7a-a209-dfe310dbf8cc","local_time":"20190127205421","is_ascension_mode":false,"campfire_choices":[{"data":"Neutralize","floor":6,"key":"SMITH"},{"data":"Sucker Punch","floor":8,"key":"SMITH"},{"data":"Survivor","floor":15,"key":"SMITH"},{"data":"Flying Knee","floor":23,"key":"SMITH"},{"data":"Leg Sweep","floor":30,"key":"SMITH"},{"floor":32,"key":"REST"}],"neow_cost":"NONE","seed_source_timestamp":352967061782600,"circlet_count":0,"master_deck":["Defend_G","Defend_G","Defend_G","Defend_G","Defend_G","Strike_G","Strike_G","Survivor+1","Neutralize+1","Flying Knee+1","Sucker Punch+1","Flying Knee","Sucker Punch","Dagger Spray+1","Infinite Blades+1","Leg Sweep+1"],"relics":["Ring of the Snake","NeowsBlessing","Ninja Scroll","Anchor","Orichalcum","Sozu","Question Card"],"potions_floor_usage":[16,16],"damage_taken":[{"damage":0,"enemies":"Small Slimes","floor":1,"turns":1},{"damage":0,"enemies":"2 Louse","floor":3,"turns":1},{"damage":0,"enemies":"Jaw Worm","floor":4,"turns":1},{"damage":0,"enemies":"Exordium Thugs","floor":12,"turns":3},{"damage":0,"enemies":"2 Fungi Beasts","floor":13,"turns":2},{"damage":0,"enemies":"3 Louse","floor":14,"turns":2},{"damage":63,"enemies":"Hexaghost","floor":16,"turns":18},{"damage":0,"enemies":"Shell Parasite","floor":18,"turns":5},{"damage":0,"enemies":"3 Byrds","floor":20,"turns":5},{"damage":12,"enemies":"3 Cultists","floor":21,"turns":5},{"damage":6,"enemies":"Snecko","floor":25,"turns":6},{"damage":3,"enemies":"Centurion and Healer","floor":28,"turns":10},{"damage":1,"enemies":"Cultist and Chosen","floor":29,"turns":6},{"damage":73,"enemies":"Collector","floor":33,"turns":12}],"seed_played":"7684973795171982889","potions_obtained":[{"floor":12,"key":"Regen Potion"},{"floor":13,"key":"Dexterity Potion"}],"is_trial":false,"path_per_floor":["M","$","M","M","?","R","$","R","T","?","?","M","M","M","R","B",null,"M","?","M","M","?","R","$","M","T","$","M","M","R","$","R","B"],"character_chosen":"THE_SILENT","items_purchased":[],"campfire_rested":1,"item_purchase_floors":[],"current_hp_per_floor":[70,70,70,70,67,67,67,67,67,67,67,67,67,67,67,9,70,70,70,70,58,58,58,58,52,52,52,49,48,48,48,69,0],"gold":49,"neow_bonus":"THREE_ENEMY_KILL","is_prod":false,"is_daily":false,"chose_seed":false,"campfire_upgraded":5,"win_rate":0,"timestamp":1548651261,"path_taken":["M","$","M","M","?","R","$","R","T","?","?","M","?","M","R","BOSS","M","?","?","M","?","R","$","M","T","$","M","M","R","?","R","BOSS"],"build_version":"2019-01-23","purchased_purges":3,"victory":false,"max_hp_per_floor":[70,70,70,70,70,70,70,70,70,70,70,70,70,70,70,70,70,70,70,70,70,70,70,70,70,70,70,70,70,70,70,70,70],"card_choices":[{"not_picked":["Endless Agony","Bouncing Flask"],"picked":"Flying Knee","floor":1},{"not_picked":["Blade Dance","Acrobatics"],"picked":"Sucker Punch","floor":3},{"not_picked":["Dagger Throw","Outmaneuver"],"picked":"Flying Knee","floor":4},{"not_picked":["PiercingWail","Masterful Stab","Poisoned Stab"],"picked":"SKIP","floor":12},{"not_picked":["Dagger Spray","PiercingWail","Backflip"],"picked":"SKIP","floor":13},{"not_picked":["Dagger Spray","Backflip"],"picked":"Sucker Punch","floor":14},{"not_picked":["A Thousand Cuts","Wraith Form v2"],"picked":"Adrenaline","floor":16},{"not_picked":["All Out Attack","Quick Slash+1","Cloak And Dagger"],"picked":"SKIP","floor":18},{"not_picked":["Underhanded Strike","Dash+1"],"picked":"Dagger Spray+1","floor":20},{"not_picked":["Sucker Punch","Deadly Poison","Acrobatics"],"picked":"SKIP","floor":21},{"not_picked":["Backflip","Flying Knee","Acrobatics"],"picked":"SKIP","floor":25},{"not_picked":["Blade Dance","Reflex","Eviscerate"],"picked":"Infinite Blades+1","floor":28},{"not_picked":["Cloak And Dagger","A Thousand Cuts","Deflect"],"picked":"Leg Sweep","floor":29}],"player_experience":69058,"relics_obtained":[{"floor":9,"key":"Anchor"},{"floor":26,"key":"Question Card"}],"event_choices":[{"damage_healed":0,"gold_gain":0,"player_choice":"Success","damage_taken":3,"relics_obtained":["Ninja Scroll"],"max_hp_gain":0,"max_hp_loss":0,"event_name":"Scrap Ooze","floor":5,"gold_loss":0},{"damage_healed":0,"gold_gain":0,"player_choice":"Searched \u00272\u0027 times","damage_taken":0,"relics_obtained":["Orichalcum"],"max_hp_gain":0,"max_hp_loss":0,"event_name":"Dead Adventurer","floor":10,"gold_loss":0},{"cards_removed":["Strike_G"],"damage_healed":0,"gold_gain":0,"player_choice":"Card Removal","damage_taken":0,"max_hp_gain":0,"max_hp_loss":0,"event_name":"The Cleric","floor":11,"gold_loss":50},{"cards_removed":["Adrenaline"],"damage_healed":0,"gold_gain":0,"player_choice":"Took Card","damage_taken":0,"max_hp_gain":0,"max_hp_loss":0,"event_name":"NoteForYourself","floor":19,"gold_loss":0,"cards_obtained":["Strike_G"]},{"damage_healed":0,"gold_gain":0,"player_choice":"Bought 0 Potions","damage_taken":0,"max_hp_gain":0,"max_hp_loss":0,"event_name":"The Woman in Blue","floor":22,"gold_loss":0}],"is_beta":false,"boss_relics":[{"not_picked":["Cursed Key","Fusion Hammer"],"picked":"Sozu"}],"items_purged_floors":[2,24,27],"is_endless":false,"potions_floor_spawned":[12,13,18,21],"killed_by":"Collector","ascension_level":0}