{"gold_per_floor":[118,118,118,118,143,143,186,198,282,337,349,361],"floor_reached":12,"playtime":358,"items_purged":[],"score":113,"play_id":"01984f3d-d58a-42ef-bcb0-6730ca67ef87","local_time":"20190120163743","is_ascension_mode":true,"campfire_choices":[{"data":"Shockwave","floor":6,"key":"SMITH"},{"data":"Warcry","floor":8,"key":"SMITH"},{"data":"Shrug It Off","floor":11,"key":"SMITH"}],"neow_cost":"NONE","seed_source_timestamp":333788908804500,"circlet_count":0,"master_deck":["Strike_R","Strike_R","Strike_R","Strike_R","Strike_R","Defend_R","Defend_R","Defend_R","Defend_R","Bash+1","Shockwave+1","Warcry+1","Shrug It Off+1"],"relics":["Burning Blood","Golden Idol","MawBank","Molten Egg 2","Bag of Marbles"],"potions_floor_usage":[10,12],"damage_taken":[{"damage":6,"enemies":"Cultist","floor":1,"turns":3},{"damage":4,"enemies":"Jaw Worm","floor":5,"turns":4},{"damage":40,"enemies":"3 Sentries","floor":7,"turns":9},{"damage":20,"enemies":"Gremlin Nob","floor":10,"turns":4},{"damage":29,"enemies":"Lagavulin","floor":12,"turns":8}],"seed_played":"-8168662214714225238","potions_obtained":[{"floor":1,"key":"GamblersBrew"},{"floor":7,"key":"PowerPotion"}],"is_trial":false,"path_per_floor":["M","$","$","?","M","R","E","R","T","E","R","E"],"character_chosen":"IRONCLAD","items_purchased":[],"campfire_rested":0,"item_purchase_floors":[],"current_hp_per_floor":[72,72,72,72,74,74,40,40,40,26,26,0],"gold":361,"neow_bonus":"UPGRADE_CARD","is_prod":false,"is_daily":false,"chose_seed":false,"campfire_upgraded":3,"win_rate":0,"timestamp":1548002263,"path_taken":["M","?","$","?","M","R","E","R","T","E","R","E"],"build_version":"2019-01-17v2","purchased_purges":0,"victory":false,"max_hp_per_floor":[80,80,80,74,74,74,74,74,74,74,74,74],"card_choices":[{"not_picked":["Pummel","Wild Strike"],"picked":"Shockwave","floor":1},{"not_picked":["Intimidate","Blood for Blood"],"picked":"Warcry","floor":5},{"not_picked":["Rupture","Clash","Dark Embrace"],"picked":"SKIP","floor":7},{"not_picked":["Sword Boomerang+1","Rupture"],"picked":"Shrug It Off","floor":10}],"player_experience":139518,"relics_obtained":[{"floor":7,"key":"MawBank"},{"floor":9,"key":"Molten Egg 2"},{"floor":10,"key":"Bag of Marbles"}],"event_choices":[{"damage_healed":0,"gold_gain":0,"player_choice":"Lose Max HP","damage_taken":0,"relics_obtained":["Golden Idol"],"max_hp_gain":0,"max_hp_loss":6,"event_name":"Golden Idol","floor":4,"gold_loss":0}],"is_beta":false,"boss_relics":[],"items_purged_floors":[],"is_endless":false,"potions_floor_spawned":[1,7],"killed_by":"Lagavulin","ascension_level":7}