{"gold_per_floor":[115,115,115,129,148,204,204,221,246,246,266,266,295,306,306,403,453,471,471,496,411,425,425,425],"floor_reached":24,"playtime":1094,"items_purged":[],"score":206,"play_id":"10f0c099-ef61-4e2d-888e-b0f16733fbcf","local_time":"20181228195010","is_ascension_mode":false,"campfire_choices":[{"data":"Rampage","floor":10,"key":"SMITH"},{"floor":12,"key":"REST"},{"floor":15,"key":"REST"},{"data":"Rage","floor":23,"key":"SMITH"}],"neow_cost":"NONE","seed_source_timestamp":33066955934009,"circlet_count":0,"master_deck":["Strike_R+1","Strike_R","Strike_R","Strike_R","Strike_R","Defend_R","Defend_R+1","Bash","Spot Weakness","Rampage+1","Combust","Ghostly Armor","Armaments","Cleave","Double Tap","Immolate","Rage+1","Ghostly Armor","Intimidate","Dual Wield+1"],"relics":["Velvet Choker","Tiny Chest","Bag of Marbles","Strawberry","Tiny House","Centennial Puzzle","Frozen Egg 2"],"potions_floor_usage":[24],"damage_taken":[{"damage":0,"enemies":"Small Slimes","floor":1,"turns":3},{"damage":1,"enemies":"Cultist","floor":4,"turns":3},{"damage":0,"enemies":"Jaw Worm","floor":5,"turns":3},{"damage":18,"enemies":"Gremlin Nob","floor":6,"turns":4},{"damage":6,"enemies":"Exordium Wildlife","floor":8,"turns":3},{"damage":0,"enemies":"Large Slime","floor":11,"turns":3},{"damage":29,"enemies":"3 Sentries","floor":13,"turns":7},{"damage":5,"enemies":"Looter","floor":14,"turns":3},{"damage":65,"enemies":"Slime Boss","floor":16,"turns":10},{"damage":10,"enemies":"Shell Parasite","floor":18,"turns":5},{"damage":0,"enemies":"3 Byrds","floor":22,"turns":5},{"damage":94,"enemies":"Gremlin Leader","floor":24,"turns":7}],"seed_played":"-6672886652474463027","potions_obtained":[{"floor":4,"key":"Explosive Potion"},{"floor":6,"key":"AttackPotion"},{"floor":14,"key":"Explosive Potion"}],"is_trial":false,"path_per_floor":["M","?","?","M","M","E","?","M","T","R","M","R","E","M","R","B",null,"M","?","T","?","M","R","E"],"character_chosen":"IRONCLAD","items_purchased":[],"campfire_rested":2,"item_purchase_floors":[],"current_hp_per_floor":[80,80,80,79,79,61,54,48,48,48,48,72,50,45,71,6,92,82,82,82,82,82,82,0],"gold":425,"neow_bonus":"BOSS_RELIC","is_prod":false,"is_daily":false,"chose_seed":false,"campfire_upgraded":2,"win_rate":0,"timestamp":1546023010,"path_taken":["M","?","?","?","M","E","?","M","T","R","M","R","E","M","R","BOSS","M","?","?","?","M","R","E"],"build_version":"2018-12-20","purchased_purges":0,"victory":false,"max_hp_per_floor":[80,80,80,80,80,80,80,80,80,80,80,80,87,87,87,87,92,92,92,92,92,92,92,92],"card_choices":[{"not_picked":["Wild Strike","Cleave","Pommel Strike"],"picked":"SKIP","floor":1},{"not_picked":["Flex","Cleave"],"picked":"Rampage","floor":4},{"not_picked":["Warcry","Clothesline"],"picked":"Combust","floor":5},{"not_picked":["True Grit","Disarm"],"picked":"Ghostly Armor","floor":6},{"not_picked":["Burning Pact","Clothesline","Body Slam"],"picked":"SKIP","floor":8},{"not_picked":["Clash","Wild Strike"],"picked":"Armaments","floor":11},{"not_picked":["Shrug It Off","Rampage"],"picked":"Cleave","floor":13},{"not_picked":["Disarm","Uppercut"],"picked":"Double Tap","floor":14},{"not_picked":["Fiend Fire","Dark Embrace"],"picked":"Immolate","floor":16},{"not_picked":["Seeing Red","Pommel Strike"],"picked":"Rage","floor":17},{"not_picked":["Clothesline","Dual Wield"],"picked":"Ghostly Armor","floor":18},{"not_picked":["Warcry","Heavy Blade"],"picked":"Dual Wield+1","floor":22}],"player_experience":50119,"relics_obtained":[{"floor":6,"key":"Tiny Chest"},{"floor":9,"key":"Bag of Marbles"},{"floor":13,"key":"Strawberry"},{"floor":20,"key":"Centennial Puzzle"}],"event_choices":[{"damage_healed":0,"gold_gain":0,"cards_transformed":["Defend_R"],"player_choice":"Change","damage_taken":0,"max_hp_gain":0,"max_hp_loss":0,"event_name":"Living Wall","floor":2,"gold_loss":0,"cards_obtained":["Spot Weakness"]},{"damage_healed":0,"gold_gain":0,"player_choice":"Upgraded","damage_taken":0,"max_hp_gain":0,"max_hp_loss":0,"event_name":"Upgrade Shrine","floor":3,"gold_loss":0,"cards_upgraded":["Defend_R"]},{"cards_removed":["Defend_R"],"damage_healed":0,"gold_gain":0,"player_choice":"Card Removal","damage_taken":7,"max_hp_gain":0,"max_hp_loss":0,"event_name":"Golden Wing","floor":7,"gold_loss":0},{"damage_healed":0,"gold_gain":0,"player_choice":"Read","damage_taken":0,"max_hp_gain":0,"max_hp_loss":0,"event_name":"The Library","floor":19,"gold_loss":0,"cards_obtained":["Intimidate"]},{"damage_healed":0,"gold_gain":0,"player_choice":"Obtained Relic","damage_taken":0,"relics_obtained":["Frozen Egg 2"],"max_hp_gain":0,"max_hp_loss":0,"event_name":"Addict","floor":21,"gold_loss":85}],"is_beta":false,"boss_relics":[{"not_picked":["Coffee Dripper","Runic Dome"],"picked":"Tiny House"}],"items_purged_floors":[],"is_endless":false,"potions_floor_spawned":[4,6,14,16,22],"killed_by":"Gremlin Leader","ascension_level":0}