{"gold_per_floor":[112,112,112,124,54,54,72,82,163,194,194,45,45,12,12,12],"floor_reached":16,"playtime":571,"items_purged":[],"score":100,"play_id":"eb7dc4ff-e017-455d-b1c5-a5a876441db1","local_time":"20190112134820","is_ascension_mode":false,"campfire_choices":[{"data":"Blizzard","floor":6,"key":"SMITH"},{"floor":11,"key":"REST"},{"data":"Blizzard","floor":13,"key":"SMITH"},{"floor":15,"key":"REST"}],"neow_cost":"NONE","seed_source_timestamp":178409983884908,"circlet_count":0,"master_deck":["Strike_B","Strike_B","Strike_B","Strike_B","Defend_B","Defend_B","Defend_B","Defend_B","Dualcast","Auto Shields","Coolheaded","Blizzard+1","Go for the Eyes","Go for the Eyes","Redo","Blizzard+1","Self Repair","Sweeping Beam"],"relics":["Cracked Core","Art of War","Tiny Chest","Happy Flower"],"potions_floor_usage":[8,16,16],"damage_taken":[{"damage":0,"enemies":"Cultist","floor":1,"turns":4},{"damage":1,"enemies":"2 Louse","floor":4,"turns":3},{"damage":12,"enemies":"Jaw Worm","floor":7,"turns":5},{"damage":0,"enemies":"Looter","floor":8,"turns":3},{"damage":21,"enemies":"3 Sentries","floor":10,"turns":11},{"damage":12,"enemies":"Exordium Thugs","floor":14,"turns":5},{"damage":78,"enemies":"Hexaghost","floor":16,"turns":16}],"seed_played":"7694221738602619805","potions_obtained":[{"floor":1,"key":"SteroidPotion"},{"floor":3,"key":"Weak Potion"},{"floor":3,"key":"Energy Potion"},{"floor":14,"key":"FearPotion"}],"is_trial":false,"path_per_floor":["M","?","?","M","$","R","M","M","T","E","R","$","R","M","R","B"],"character_chosen":"DEFECT","items_purchased":["Blizzard","Blizzard","Self Repair"],"campfire_rested":2,"item_purchase_floors":[5,12,12],"current_hp_per_floor":[75,72,72,71,71,71,59,59,59,38,60,60,60,55,75,0],"gold":12,"neow_bonus":"REMOVE_CARD","is_prod":false,"is_daily":false,"chose_seed":false,"campfire_upgraded":2,"win_rate":0.0,"timestamp":1547297300,"path_taken":["M","?","?","M","$","R","M","?","T","E","R","$","R","M","R","BOSS"],"build_version":"2019-01-10","purchased_purges":0,"victory":false,"max_hp_per_floor":[75,75,75,75,75,75,75,75,75,75,75,75,75,75,75,75],"card_choices":[{"not_picked":["Leap","Streamline"],"picked":"Auto Shields","floor":1},{"not_picked":["Compile Driver","Sweeping Beam"],"picked":"Coolheaded","floor":4},{"not_picked":["Turbo","Stack"],"picked":"Go for the Eyes","floor":7},{"not_picked":["Tempest","Stack"],"picked":"Go for the Eyes","floor":8},{"not_picked":["Beam Cell","Machine Learning"],"picked":"Redo","floor":10},{"not_picked":["Glacier","Barrage"],"picked":"Sweeping Beam","floor":14}],"player_experience":395093,"relics_obtained":[{"floor":9,"key":"Tiny Chest"},{"floor":10,"key":"Happy Flower"}],"event_choices":[{"damage_healed":0,"gold_gain":0,"player_choice":"Success","damage_taken":3,"relics_obtained":["Art of War"],"max_hp_gain":0,"max_hp_loss":0,"event_name":"Scrap Ooze","floor":2,"gold_loss":0},{"damage_healed":0,"gold_gain":0,"player_choice":"Got Potions","damage_taken":0,"max_hp_gain":0,"max_hp_loss":0,"event_name":"Lab","floor":3,"gold_loss":0}],"is_beta":false,"boss_relics":[],"items_purged_floors":[],"is_endless":false,"potions_floor_spawned":[1,4,7,14],"killed_by":"Hexaghost","ascension_level":0}