{"gold_per_floor":[113,38,38,51,68,99,99,127,153,173,192,192,208,208,208,208],"floor_reached":16,"playtime":671,"items_purged":["Strike_G"],"score":134,"play_id":"d0a81bba-fc5e-4987-bbd4-3323b9cba6e0","local_time":"20190201030900","is_ascension_mode":true,"campfire_choices":[{"data":"Adrenaline","floor":7,"key":"SMITH"},{"floor":15,"key":"REST"}],"neow_cost":"NONE","seed_source_timestamp":364932316045915,"circlet_count":0,"master_deck":["Defend_G","Defend_G","Defend_G","Defend_G","Defend_G","Strike_G","Strike_G","Survivor","Neutralize","Terror","Acrobatics","Dagger Throw","Quick Slash","Adrenaline+1","Calculated Gamble","Backflip","Acrobatics"],"relics":["Ring of the Snake","Snake Skull","Boot","Anchor","Golden Idol","Ancient Tea Set"],"potions_floor_usage":[],"damage_taken":[{"damage":0,"enemies":"2 Louse","floor":1,"turns":6},{"damage":0,"enemies":"Cultist","floor":4,"turns":3},{"damage":0,"enemies":"Small Slimes","floor":5,"turns":4},{"damage":13,"enemies":"Gremlin Nob","floor":6,"turns":3},{"damage":41,"enemies":"3 Sentries","floor":8,"turns":15},{"damage":0,"enemies":"Gremlin Gang","floor":10,"turns":5},{"damage":0,"enemies":"Looter","floor":11,"turns":2},{"damage":0,"enemies":"2 Fungi Beasts","floor":13,"turns":3},{"damage":35,"enemies":"The Guardian","floor":16,"turns":12}],"seed_played":"-7642362461689043274","potions_obtained":[{"floor":6,"key":"Block Potion"},{"floor":8,"key":"Energy Potion"},{"floor":10,"key":"GamblersBrew"}],"is_trial":false,"path_per_floor":["M","$","?","M","M","E","R","E","T","M","M","?","M","?","R","B"],"character_chosen":"THE_SILENT","items_purchased":[],"campfire_rested":1,"item_purchase_floors":[],"current_hp_per_floor":[70,70,70,70,70,57,57,16,16,16,16,16,16,16,35,0],"gold":208,"neow_bonus":"TRANSFORM_CARD","is_prod":false,"is_daily":false,"chose_seed":false,"campfire_upgraded":1,"win_rate":0,"timestamp":1549012140,"path_taken":["M","$","?","?","M","E","R","E","T","M","M","?","M","?","R","BOSS"],"build_version":"2019-01-23","purchased_purges":1,"victory":false,"max_hp_per_floor":[70,70,70,70,70,70,70,70,70,70,70,65,65,65,65,65],"card_choices":[{"not_picked":["Poisoned Stab","Quick Slash"],"picked":"Acrobatics","floor":1},{"not_picked":["Dagger Spray","Blur"],"picked":"Dagger Throw","floor":4},{"not_picked":["Dodge and Roll","Flying Knee"],"picked":"Quick Slash","floor":5},{"not_picked":["Skewer","Eviscerate"],"picked":"Adrenaline","floor":6},{"not_picked":["Quick Slash","Reflex"],"picked":"Calculated Gamble","floor":8},{"not_picked":["Cloak And Dagger","Prepared"],"picked":"Backflip","floor":10},{"not_picked":["Tactician","Sucker Punch","Infinite Blades"],"picked":"SKIP","floor":11},{"not_picked":["Dagger Spray","Crippling Poison"],"picked":"Acrobatics","floor":13}],"player_experience":278505,"relics_obtained":[{"floor":6,"key":"Snake Skull"},{"floor":8,"key":"Boot"},{"floor":9,"key":"Anchor"}],"event_choices":[{"cards_removed":["Strike_G"],"damage_healed":0,"gold_gain":0,"player_choice":"Offered Basic","damage_taken":0,"max_hp_gain":0,"max_hp_loss":0,"event_name":"Bonfire Elementals","floor":3,"gold_loss":0},{"damage_healed":0,"gold_gain":0,"player_choice":"Lose Max HP","damage_taken":0,"relics_obtained":["Golden Idol"],"max_hp_gain":0,"max_hp_loss":5,"event_name":"Golden Idol","floor":12,"gold_loss":0},{"damage_healed":0,"gold_gain":0,"player_choice":"Gave Potion","damage_taken":0,"relics_obtained":["Ancient Tea Set"],"max_hp_gain":0,"max_hp_loss":0,"event_name":"WeMeetAgain","floor":14,"gold_loss":0}],"is_beta":false,"boss_relics":[],"items_purged_floors":[2],"is_endless":false,"potions_floor_spawned":[6,8,10,11],"killed_by":"The Guardian","ascension_level":4}