{"gold_per_floor":[218,334,334,334,167,167,208,208,208,235,255,271,295,295],"floor_reached":14,"playtime":647,"items_purged":[],"score":153,"play_id":"d3bb0d2e-3bcb-473e-96aa-3a503a988f1a","local_time":"20190115141029","is_ascension_mode":true,"campfire_choices":[{"data":"Rupture","floor":6,"key":"SMITH"},{"floor":8,"key":"REST"}],"neow_cost":"NONE","seed_source_timestamp":348339848296347,"circlet_count":0,"master_deck":["AscendersBane","Strike_R","Strike_R","Strike_R","Strike_R","Strike_R","Defend_R","Defend_R","Defend_R","Defend_R","Shrug It Off","Rupture+1","ReplayTheSpireMod:Corrosion Curse+1","Twin Strike","Pommel Strike","Shrug It Off"],"relics":["Burning Blood","Golden Idol","King of Hearts","Centennial Puzzle","Art of War","Pen Nib"],"potions_floor_usage":[13],"damage_taken":[{"damage":5,"enemies":"Small Slimes","floor":1,"turns":4},{"damage":1,"enemies":"2 Louse","floor":2,"turns":5},{"damage":25,"enemies":"Erikyupuro","floor":7,"turns":13},{"damage":5,"enemies":"Jaw Worm","floor":11,"turns":3},{"damage":8,"enemies":"Exordium Wildlife","floor":12,"turns":5},{"damage":21,"enemies":"Lots of Slimes","floor":13,"turns":6},{"damage":56,"enemies":"Gremlin Nob","floor":14,"turns":4}],"seed_played":"2587509244842232946","potions_obtained":[{"floor":1,"key":"Adrenaline Potion"},{"floor":2,"key":"Weak Potion"},{"floor":12,"key":"infinitespire:BlackPotion"}],"is_trial":false,"path_per_floor":["M","M","?","?","$","R","E","R","T","T","M","M","M","E"],"character_chosen":"IRONCLAD","items_purchased":["King of Hearts","Twin Strike"],"campfire_rested":1,"item_purchase_floors":[5,5],"current_hp_per_floor":[69,74,56,56,56,56,37,59,59,59,60,58,43,0],"gold":295,"neow_bonus":"HUNDRED_GOLD","is_prod":false,"is_daily":false,"chose_seed":false,"campfire_upgraded":1,"win_rate":0,"timestamp":1547521829,"path_taken":["M","M","?","?","$","R","E","R","T","?","M","?","M","E"],"build_version":"2019-01-10","purchased_purges":0,"victory":false,"max_hp_per_floor":[75,75,75,75,75,75,75,75,75,75,75,75,75,75],"card_choices":[{"not_picked":["Headbutt","Combust"],"picked":"Shrug It Off","floor":1},{"not_picked":["Twin Strike","ReplayTheSpireMod:Strike From Hell"],"picked":"Rupture","floor":2},{"not_picked":["Replay:Undeath\u0027s Touch","Perfected Strike","Pommel Strike"],"picked":"SKIP","floor":7},{"not_picked":["Rupture","Fire Breathing"],"picked":"Pommel Strike","floor":11},{"not_picked":["jedi:fear","Seeing Red","strawberrySpire:Spite"],"picked":"SKIP","floor":12},{"not_picked":["True Grit","Havoc"],"picked":"Shrug It Off","floor":13}],"player_experience":767729,"relics_obtained":[{"floor":7,"key":"Centennial Puzzle"},{"floor":9,"key":"Art of War"},{"floor":10,"key":"Pen Nib"}],"event_choices":[{"damage_healed":0,"gold_gain":0,"player_choice":"Take Damage","damage_taken":18,"relics_obtained":["Golden Idol"],"max_hp_gain":0,"max_hp_loss":0,"event_name":"Golden Idol","floor":3,"gold_loss":0}],"is_beta":false,"boss_relics":[],"items_purged_floors":[],"is_endless":false,"potions_floor_spawned":[1,2,12],"killed_by":"Gremlin Nob","ascension_level":14}