{"gold_per_floor":[110,73,248,248,248,248,306,306,306,333,14,14,26,26,26,124,124,142,155,155],"floor_reached":20,"playtime":792,"items_purged":["Strike_B"],"score":168,"play_id":"adb0db76-6127-41f8-b662-9bcb173197e9","local_time":"20190201190550","is_ascension_mode":false,"campfire_choices":[{"data":"Zap","floor":6,"key":"SMITH"},{"floor":8,"key":"REST"},{"floor":12,"key":"REST"},{"floor":15,"key":"REST"}],"neow_cost":"PERCENT_DAMAGE","seed_source_timestamp":253153827160220,"circlet_count":0,"master_deck":["Zap+1","Dualcast","Double Energy","Ball Lightning","Storm","Darkness","Conserve Battery","Consume","Capacitor","Capacitor","Buffer","Machine Learning","Compile Driver","Auto Shields","Machine Learning","Fission","Genetic Algorithm","Capacitor+1"],"relics":["Cracked Core","StoneCalendar","The Courier","Turnip","Pandora\u0027s Box"],"potions_floor_usage":[20,20,20,20],"damage_taken":[{"damage":0,"enemies":"2 Louse","floor":1,"turns":2},{"damage":25,"enemies":"3 Sentries","floor":7,"turns":7},{"damage":26,"enemies":"Lagavulin","floor":10,"turns":7},{"damage":15,"enemies":"Small Slimes","floor":13,"turns":5},{"damage":36,"enemies":"Slime Boss","floor":16,"turns":6},{"damage":25,"enemies":"Chosen","floor":18,"turns":5},{"damage":35,"enemies":"3 Byrds","floor":19,"turns":5},{"damage":20,"enemies":"3 Cultists","floor":20,"turns":3}],"seed_played":"1916330988891960037","potions_obtained":[{"floor":13,"key":"SteroidPotion"},{"floor":19,"key":"EntropicBrew"}],"is_trial":false,"path_per_floor":["M","$","?","?","?","R","?","R","T","E","$","R","M","?","R","B",null,"M","M","M"],"character_chosen":"DEFECT","items_purchased":["Storm","Consume","PowerPotion","SkillPotion","Capacitor","Capacitor"],"campfire_rested":3,"item_purchase_floors":[2,11,11,11,11,11],"current_hp_per_floor":[54,54,54,47,52,52,27,51,51,25,25,49,34,34,58,22,80,55,20,0],"gold":155,"neow_bonus":"TRANSFORM_TWO_CARDS","is_prod":false,"is_daily":false,"chose_seed":false,"campfire_upgraded":1,"win_rate":0,"timestamp":1549060550,"path_taken":["M","$","?","?","?","R","?","R","T","E","$","R","?","?","R","BOSS","M","M","M"],"build_version":"2019-01-23","purchased_purges":1,"victory":false,"max_hp_per_floor":[75,75,75,75,80,80,80,80,80,80,80,80,80,80,80,80,80,80,80,80],"card_choices":[{"not_picked":["Stack","Redo","Genetic Algorithm"],"picked":"SKIP","floor":1},{"not_picked":["Turbo","Steam"],"picked":"Darkness","floor":7},{"not_picked":["Hologram","Redo"],"picked":"Conserve Battery","floor":10},{"not_picked":["Hologram","Reprogram"],"picked":"Buffer","floor":13},{"not_picked":["Reboot","Multi-Cast"],"picked":"Machine Learning","floor":16},{"not_picked":["Rebound","Streamline"],"picked":"Capacitor+1","floor":18},{"not_picked":["Stack","Streamline","Turbo"],"picked":"SKIP","floor":19}],"player_experience":299920,"relics_obtained":[{"floor":9,"key":"The Courier"},{"floor":10,"key":"Turnip"}],"event_choices":[{"damage_healed":0,"gold_gain":175,"player_choice":"AGREE","damage_taken":0,"max_hp_gain":0,"max_hp_loss":0,"event_name":"Liars Game","floor":3,"gold_loss":0,"cards_obtained":["Doubt"]},{"cards_removed":["Doubt"],"damage_healed":0,"gold_gain":0,"player_choice":"Card Removal","damage_taken":7,"max_hp_gain":0,"max_hp_loss":0,"event_name":"Golden Wing","floor":4,"gold_loss":0},{"damage_healed":0,"gold_gain":0,"player_choice":"Donut","damage_taken":0,"max_hp_gain":5,"max_hp_loss":0,"event_name":"Big Fish","floor":5,"gold_loss":0},{"damage_healed":0,"gold_gain":0,"player_choice":"Searched \u00272\u0027 times","damage_taken":0,"relics_obtained":["StoneCalendar"],"max_hp_gain":0,"max_hp_loss":0,"event_name":"Dead Adventurer","floor":7,"gold_loss":0},{"damage_healed":0,"gold_gain":0,"player_choice":"Ignored","damage_taken":0,"max_hp_gain":0,"max_hp_loss":0,"event_name":"NoteForYourself","floor":14,"gold_loss":0}],"is_beta":false,"boss_relics":[{"not_picked":["Sozu","Velvet Choker"],"picked":"Pandora\u0027s Box"}],"items_purged_floors":[11],"is_endless":false,"potions_floor_spawned":[13,19],"killed_by":"3 Cultists","ascension_level":0}