{"path_per_floor":["M","?","M","M","M","E","R","E","T","R","M","M","M","?","R","B",null,"M","M","M","?","$"],"character_chosen":"IRONCLAD","items_purchased":["Twin Strike","Dual Wield","Hemokinesis","Dream Catcher"],"gold_per_floor":[114,114,132,149,161,191,191,222,245,245,262,276,289,254,254,350,350,369,385,400,400,108],"floor_reached":23,"campfire_rested":1,"playtime":15120,"current_hp_per_floor":[80,80,73,71,57,33,33,15,15,54,47,47,47,67,67,31,80,80,64,52,36,36],"items_purged":[],"gold":108,"play_id":"d0c7c4b7-8ae8-4448-a5e7-1fee18556dda","is_prod":false,"is_daily":false,"campfire_rituals":0,"campfire_upgraded":2,"is_hardmode":false,"path_taken":["M","?","M","M","M","E","R","E","T","R","M","?","M","?","R","BOSS","M","M","M","?","$","E"],"build_version":"2018-01-11-PROD2","purchased_purges":0,"victory":false,"master_deck":["Strike_R","Strike_R","Strike_R","Strike_R","Strike_R","Defend_R","Defend_R","Defend_R","Defend_R","Bash","Intimidate","Regret","Inflame","Perfected Strike","Whirlwind","Anger","Anger","Headbutt","Heavy Blade","Impervious","Fire Breathing","Heavy Blade","Fire Breathing","Twin Strike","Dual Wield","Hemokinesis"],"max_hp_per_floor":[80,80,80,80,80,80,80,80,80,80,80,80,80,80,80,80,80,80,80,80,80,80],"relics":["Mark of Pain","War Paint","Matryoshka","Anchor","Lantern","Regal Pillow","Runic Dome","Nilry\u0027s Codex","Dream Catcher"],"campfire_meditates":0,"card_choices":[{"not_picked":["Dual Wield","Twin Strike"],"picked":"Intimidate"},{"not_picked":["Body Slam","Flex"],"picked":"Inflame"},{"not_picked":["Intimidate","Reckless Charge"],"picked":"Perfected Strike"},{"not_picked":["Cleave","Burning Pact"],"picked":"Whirlwind"},{"not_picked":["Demon Form","True Grit"],"picked":"Anger"},{"not_picked":["Power Through","Cleave"],"picked":"Anger"},{"not_picked":["Armaments","Searing Blow"],"picked":"Headbutt"},{"not_picked":["Headbutt","Feel No Pain"],"picked":"Heavy Blade"},{"not_picked":["Dark Embrace","Feed"],"picked":"Impervious"},{"not_picked":["Shrug It Off","Dropkick"],"picked":"Fire Breathing"},{"not_picked":["Fire Breathing","Second Wind"],"picked":"Heavy Blade"},{"not_picked":["Feel No Pain","Hemokinesis"],"picked":"Fire Breathing"}],"player_experience":18141,"potions_floor_usage":[16],"damage_taken":[{"damage":0,"enemies":"2 Louse","floor":1,"turns":2},{"damage":7,"enemies":"Small Slimes","floor":3,"turns":4},{"damage":2,"enemies":"Jaw Worm","floor":4,"turns":3},{"damage":14,"enemies":"Lots of Slimes","floor":5,"turns":4},{"damage":24,"enemies":"Lagavulin","floor":6,"turns":5},{"damage":18,"enemies":"3 Sentries","floor":8,"turns":4},{"damage":7,"enemies":"Large Slime","floor":11,"turns":5},{"damage":0,"enemies":"Exordium Wildlife","floor":12,"turns":1},{"damage":0,"enemies":"2 Fungi Beasts","floor":13,"turns":1},{"damage":36,"enemies":"Hexaghost","floor":16,"turns":7},{"damage":0,"enemies":"Chosen","floor":18,"turns":4},{"damage":16,"enemies":"Shell Parasite","floor":19,"turns":3},{"damage":12,"enemies":"Snecko","floor":20,"turns":3},{"damage":51,"enemies":"Slavers","floor":23,"turns":4}],"event_choices":[{"event_name":"Big Fish","player_choice":"Box","floor":2,"damage_taken":0},{"event_name":"The Cleric","player_choice":"Healed","floor":14,"damage_taken":0},{"event_name":"Cursed Tome","player_choice":"Obtained Book","floor":21,"damage_taken":0}],"boss_relics":[{"not_picked":["Question Card","Tiny House"],"picked":"Runic Dome"}],"potions_floor_spawned":[3,6,8,13,20],"seed_played":"-2755178827227764202","killed_by":"Slavers","is_trial":false}