{"gold_per_floor":[210,210,160,177,52,52,65,65,91,125,145,178,53,68,68,142,142,162,162,179,179,179,179,204,216,276,316,338,369,392,438,450,533,545,577,190,190,201,214,214,245,3,3,3,16,49,49,49,49,49],"floor_reached":51,"playtime":2184,"items_purged":["Strike_G"],"score":1408,"play_id":"db5710f1-872d-41c0-abe5-df391985ecb5","local_time":"20190202152028","is_ascension_mode":true,"campfire_choices":[{"data":"Noxious Fumes","floor":6,"key":"SMITH"},{"data":"Bane","floor":8,"key":"SMITH"},{"floor":15,"key":"REST"},{"data":"Corpse Explosion","floor":23,"key":"SMITH"},{"data":"Bouncing Flask","floor":25,"key":"SMITH"},{"floor":32,"key":"REST"},{"data":"Wraith Form v2","floor":40,"key":"SMITH"},{"data":"Burst","floor":47,"key":"SMITH"},{"floor":49,"key":"REST"}],"neow_cost":"NONE","seed_source_timestamp":2338418123000,"circlet_count":0,"master_deck":["AscendersBane","Defend_G+1","Defend_G+1","Defend_G+1","Defend_G+1","Defend_G+1","Strike_G+1","Strike_G+1","Survivor","Neutralize+1","Noxious Fumes+1","Bane+1","PiercingWail","Bullet Time","Bouncing Flask+1","Deadly Poison+1","Corpse Explosion+1","Crippling Poison+1","Catalyst+1","Malaise+1","Wraith Form v2+1","Adrenaline","Apotheosis","Burst+1","Malaise"],"relics":["Ring of the Snake","Vajra","Tiny Chest","Dream Catcher","Mummified Hand","Snecko Eye","Nloth\u0027s Gift","MawBank","Oddly Smooth Stone","Lantern","War Paint","Runic Pyramid","ClockworkSouvenir","Bag of Preparation","Pear","Pantograph","Pocketwatch"],"potions_floor_usage":[10,12,24,27,31,33,41,50,50],"damage_taken":[{"damage":0,"enemies":"Jaw Worm","floor":1,"turns":6},{"damage":0,"enemies":"Small Slimes","floor":4,"turns":4},{"damage":0,"enemies":"Cultist","floor":7,"turns":4},{"damage":24,"enemies":"Gremlin Nob","floor":10,"turns":4},{"damage":2,"enemies":"3 Louse","floor":11,"turns":5},{"damage":18,"enemies":"Lagavulin","floor":12,"turns":8},{"damage":0,"enemies":"Large Slime","floor":14,"turns":3},{"damage":12,"enemies":"The Guardian","floor":16,"turns":9},{"damage":4,"enemies":"Chosen","floor":18,"turns":4},{"damage":10,"enemies":"2 Thieves","floor":20,"turns":2},{"damage":0,"enemies":"Slavers","floor":24,"turns":2},{"damage":0,"enemies":"Gremlin Leader","floor":27,"turns":4},{"damage":15,"enemies":"Shelled Parasite and Fungi","floor":28,"turns":4},{"damage":0,"enemies":"Snake Plant","floor":29,"turns":2},{"damage":8,"enemies":"Centurion and Healer","floor":30,"turns":2},{"damage":6,"enemies":"Book of Stabbing","floor":31,"turns":4},{"damage":22,"enemies":"Champ","floor":33,"turns":10},{"damage":6,"enemies":"3 Shapes","floor":35,"turns":3},{"damage":2,"enemies":"Orb Walker","floor":38,"turns":5},{"damage":0,"enemies":"4 Shapes","floor":39,"turns":4},{"damage":12,"enemies":"Nemesis","floor":41,"turns":7},{"damage":2,"enemies":"Sphere and 2 Shapes","floor":45,"turns":6},{"damage":0,"enemies":"Reptomancer","floor":46,"turns":4},{"damage":4,"enemies":"Time Eater","floor":50,"turns":5}],"seed_played":"74142862076220524","potions_obtained":[{"floor":1,"key":"Swift Potion"},{"floor":11,"key":"Weak Potion"},{"floor":14,"key":"SpeedPotion"},{"floor":20,"key":"PowerPotion"},{"floor":24,"key":"GamblersBrew"},{"floor":29,"key":"LiquidBronze"},{"floor":33,"key":"Poison Potion"},{"floor":38,"key":"GhostInAJar"},{"floor":41,"key":"FearPotion"}],"is_trial":false,"path_per_floor":["M","?","?","M","$","R","M","R","T","E","M","E","$","M","R","B",null,"M","?","M","?","?","R","E","R","T","E","M","M","M","E","R","B",null,"M","$","?","M","M","R","E","$","T","?","M","E","R","$","R","B",null],"character_chosen":"THE_SILENT","items_purchased":["Tiny Chest","Deadly Poison","Apotheosis","ClockworkSouvenir","Pear"],"campfire_rested":3,"item_purchase_floors":[5,13,36,36,42],"current_hp_per_floor":[63,56,56,56,56,56,56,56,56,32,30,12,12,12,33,21,58,54,54,44,44,44,44,44,44,44,44,29,29,21,15,36,14,56,50,50,50,48,48,48,36,46,46,46,44,44,44,44,66,72],"gold":49,"neow_bonus":"HUNDRED_GOLD","is_prod":false,"is_daily":false,"chose_seed":false,"campfire_upgraded":6,"win_rate":0,"timestamp":1549113628,"path_taken":["M","?","?","M","$","R","M","R","T","E","M","E","$","M","R","BOSS","M","?","?","?","?","R","E","R","T","E","M","?","M","E","R","BOSS","M","$","?","M","?","R","E","?","T","?","M","E","R","$","R","BOSS"],"build_version":"2019-01-23","purchased_purges":1,"victory":true,"max_hp_per_floor":[70,70,70,70,70,70,70,70,70,70,70,70,70,70,70,70,70,70,70,70,70,70,70,70,70,70,70,70,70,70,70,70,70,70,70,70,70,70,70,70,70,80,80,76,76,76,76,76,76,76],"card_choices":[{"not_picked":["Cloak And Dagger","Choke"],"picked":"Noxious Fumes","floor":1},{"not_picked":["Blade Dance","Outmaneuver"],"picked":"Bane","floor":4},{"not_picked":["Prepared","Flying Knee"],"picked":"PiercingWail","floor":7},{"not_picked":["Underhanded Strike","Eviscerate"],"picked":"Bullet Time","floor":10},{"not_picked":["Bane","Flying Knee","Slice"],"picked":"SKIP","floor":11},{"not_picked":["Quick Slash","Underhanded Strike"],"picked":"Bouncing Flask","floor":12},{"not_picked":["Cloak And Dagger","Poisoned Stab","Finisher"],"picked":"SKIP","floor":14},{"not_picked":["Die Die Die","Malaise"],"picked":"Corpse Explosion","floor":16},{"not_picked":["Deflect","Endless Agony"],"picked":"Crippling Poison+1","floor":18},{"not_picked":["Quick Slash","Underhanded Strike","Poisoned Stab"],"picked":"SKIP","floor":20},{"not_picked":["Tools of the Trade","Underhanded Strike","Bane"],"picked":"SKIP","floor":24},{"not_picked":["Finisher","Flying Knee","Sucker Punch"],"picked":"SKIP","floor":27},{"not_picked":["Deadly Poison","Outmaneuver","Accuracy"],"picked":"SKIP","floor":28},{"not_picked":["Deadly Poison","Backstab"],"picked":"Catalyst","floor":29},{"not_picked":["Slice","Flying Knee"],"picked":"Malaise","floor":30},{"not_picked":["Distraction","Unload","Dodge and Roll"],"picked":"SKIP","floor":31},{"not_picked":["Distraction","Unload","Dodge and Roll"],"picked":"SKIP","floor":31},{"not_picked":["Doppelganger","Venomology"],"picked":"Wraith Form v2","floor":33},{"not_picked":["Terror","Heel Hook+1"],"picked":"Adrenaline","floor":35},{"not_picked":["Sucker Punch","Choke","Poisoned Stab"],"picked":"SKIP","floor":38},{"not_picked":["Masterful Stab","Deadly Poison","Slice+1"],"picked":"SKIP","floor":39},{"not_picked":["Backflip","Distraction+1"],"picked":"Burst","floor":41},{"not_picked":["Sucker Punch","Reflex+1","Flechettes"],"picked":"SKIP","floor":45},{"not_picked":["Sucker Punch","Reflex+1","Flechettes"],"picked":"SKIP","floor":45},{"not_picked":["Cloak And Dagger","Backflip"],"picked":"Malaise","floor":46}],"player_experience":566928,"relics_obtained":[{"floor":9,"key":"Whetstone"},{"floor":10,"key":"Dream Catcher"},{"floor":12,"key":"Mummified Hand"},{"floor":24,"key":"MawBank"},{"floor":26,"key":"Oddly Smooth Stone"},{"floor":27,"key":"Lantern"},{"floor":31,"key":"War Paint"},{"floor":41,"key":"Bag of Preparation"},{"floor":43,"key":"Pantograph"},{"floor":46,"key":"Pocketwatch"}],"event_choices":[{"damage_healed":0,"gold_gain":0,"player_choice":"Success","damage_taken":7,"relics_obtained":["Vajra"],"max_hp_gain":0,"max_hp_loss":0,"event_name":"Scrap Ooze","floor":2,"gold_loss":0},{"cards_removed":["Strike_G"],"damage_healed":0,"gold_gain":0,"player_choice":"Card Removal","damage_taken":0,"max_hp_gain":0,"max_hp_loss":0,"event_name":"The Cleric","floor":3,"gold_loss":50},{"damage_healed":0,"gold_gain":0,"player_choice":"Traded Relic","damage_taken":0,"relics_obtained":["Nloth\u0027s Gift"],"max_hp_gain":0,"max_hp_loss":0,"event_name":"N\u0027loth","floor":19,"relics_lost":["Whetstone"],"gold_loss":0},{"damage_healed":0,"gold_gain":0,"player_choice":"Simplicity","damage_taken":0,"max_hp_gain":0,"max_hp_loss":0,"event_name":"Back to Basics","floor":21,"gold_loss":0,"cards_upgraded":["Defend_G","Defend_G","Defend_G","Defend_G","Defend_G","Strike_G","Strike_G"]},{"cards_removed":["Strike_G"],"damage_healed":0,"gold_gain":0,"player_choice":"Card Removal","damage_taken":0,"max_hp_gain":0,"max_hp_loss":0,"event_name":"Wheel of Change","floor":22,"gold_loss":0},{"damage_healed":0,"gold_gain":0,"player_choice":"Forge","damage_taken":0,"max_hp_gain":0,"max_hp_loss":0,"event_name":"Accursed Blacksmith","floor":37,"gold_loss":0,"cards_upgraded":["Catalyst"]},{"damage_healed":0,"gold_gain":0,"player_choice":"Max HP","damage_taken":0,"max_hp_gain":0,"max_hp_loss":4,"event_name":"Winding Halls","floor":44,"gold_loss":0}],"is_beta":false,"boss_relics":[{"not_picked":["Eternal Feather","Velvet Choker"],"picked":"Snecko Eye"},{"not_picked":["HoveringKite","Calling Bell"],"picked":"Runic Pyramid"}],"items_purged_floors":[13],"is_endless":false,"potions_floor_spawned":[1,11,14,20,24,29,33,38,41],"ascension_level":13}