{"gold_per_floor":[112,122,134,134,152,152,126,138,138,138,150,250,12,38,38,135,135,145,165,185,196,1,1,27,27,75,75,75,0,0,12,12,12],"floor_reached":33,"playtime":2645,"items_purged":["Strike_G","Strike_G"],"score":292,"play_id":"4a1582a6-1d4e-48c0-9b94-3964ad416c49","local_time":"20190104140629","is_ascension_mode":false,"campfire_choices":[{"data":"Noxious Fumes","floor":6,"key":"SMITH"},{"data":"Calculated Gamble","floor":10,"key":"SMITH"},{"floor":15,"key":"REST"},{"floor":23,"key":"REST"},{"floor":25,"key":"REST"},{"data":"Night Terror","floor":28,"key":"SMITH"},{"data":"Outmaneuver","floor":30,"key":"SMITH"},{"data":"Crippling Poison","floor":32,"key":"SMITH"}],"neow_cost":"NONE","seed_source_timestamp":261434044465200,"circlet_count":0,"master_deck":["Defend_G","Defend_G","Defend_G","Defend_G","Strike_G+1","Strike_G+1","Survivor","Neutralize","Heel Hook","Noxious Fumes+1","Sucker Punch","PiercingWail","Outmaneuver+1","Calculated Gamble+1","Crippling Poison+1","Night Terror+1","Backflip","Footwork","Heel Hook+1","Ghostly","Ghostly","Ghostly","Ghostly","Ghostly","Catalyst"],"relics":["Ring of the Snake","Letter Opener","Membership Card","Meat on the Bone","Lizard Tail","Oddly Smooth Stone","Orichalcum","Mummified Hand","Anchor"],"potions_floor_usage":[14,16,20,21,21,33],"damage_taken":[{"damage":2,"enemies":"Jaw Worm","floor":1,"turns":4},{"damage":2,"enemies":"2 Louse","floor":2,"turns":3},{"damage":0,"enemies":"Cultist","floor":3,"turns":3},{"damage":0,"enemies":"2 Fungi Beasts","floor":5,"turns":4},{"damage":2,"enemies":"Looter","floor":8,"turns":4},{"damage":9,"enemies":"Large Slime","floor":11,"turns":6},{"damage":13,"enemies":"Gremlin Nob","floor":14,"turns":4},{"damage":17,"enemies":"The Guardian","floor":16,"turns":11},{"damage":14,"enemies":"3 Byrds","floor":18,"turns":4},{"damage":17,"enemies":"Spheric Guardian","floor":19,"turns":5},{"damage":35,"enemies":"Snecko","floor":20,"turns":9},{"damage":14,"enemies":"Snake Plant","floor":21,"turns":9},{"damage":44,"enemies":"Gremlin Leader","floor":24,"turns":10},{"damage":0,"enemies":"Centurion and Healer","floor":31,"turns":7},{"damage":42,"enemies":"Champ","floor":33,"turns":12}],"seed_played":"-8496295605195314186","potions_obtained":[{"floor":1,"key":"EssenceOfSteel"},{"floor":5,"key":"Fire Potion"},{"floor":11,"key":"Dexterity Potion"},{"floor":18,"key":"Poison Potion"},{"floor":19,"key":"Dexterity Potion"},{"floor":24,"key":"LiquidBronze"}],"is_trial":false,"path_per_floor":["M","M","M","?","M","R","$","M","T","R","M","?","$","E","R","B",null,"M","M","M","M","$","R","E","R","T","?","R","?","R","M","R","B"],"character_chosen":"THE_SILENT","items_purchased":["Outmaneuver","Membership Card","Oddly Smooth Stone","Orichalcum"],"campfire_rested":3,"item_purchase_floors":[7,13,22,22],"current_hp_per_floor":[68,66,66,52,52,52,52,50,50,50,41,41,41,28,49,44,70,56,39,16,14,14,35,40,61,61,35,35,35,35,35,35,0],"gold":12,"neow_bonus":"REMOVE_CARD","is_prod":false,"is_daily":false,"chose_seed":false,"campfire_upgraded":5,"win_rate":0.0,"timestamp":1546610789,"path_taken":["M","M","M","?","M","R","$","M","T","R","M","?","$","E","R","BOSS","M","M","M","?","$","R","E","R","T","?","R","?","R","M","R","BOSS"],"build_version":"2019-01-03v3","purchased_purges":2,"victory":false,"max_hp_per_floor":[70,70,70,70,70,70,70,70,70,70,70,70,70,70,70,70,70,70,70,70,70,70,70,70,70,70,35,35,35,35,35,35,35],"card_choices":[{"not_picked":["Endless Agony","Quick Slash"],"picked":"Heel Hook","floor":1},{"not_picked":["Poisoned Stab","Choke"],"picked":"Noxious Fumes","floor":2},{"not_picked":["Well Laid Plans","Acrobatics"],"picked":"Sucker Punch","floor":3},{"not_picked":["Finisher","Escape Plan"],"picked":"PiercingWail","floor":5},{"not_picked":["Dagger Spray","Eviscerate"],"picked":"Calculated Gamble","floor":8},{"not_picked":["PiercingWail","Backflip"],"picked":"Crippling Poison","floor":11},{"not_picked":["Dagger Spray","Predator","Skewer"],"picked":"SKIP","floor":14},{"not_picked":["Unload","Die Die Die"],"picked":"Night Terror","floor":16},{"not_picked":["Caltrops+1","Deflect","Acrobatics"],"picked":"SKIP","floor":18},{"not_picked":["Underhanded Strike","Terror"],"picked":"Backflip","floor":19},{"not_picked":["Outmaneuver","Dodge and Roll","Calculated Gamble"],"picked":"SKIP","floor":20},{"not_picked":["Bouncing Flask+1","Eviscerate"],"picked":"Footwork","floor":21},{"not_picked":["Bane","Venomology"],"picked":"Heel Hook+1","floor":24},{"not_picked":["Crippling Poison","Blade Dance"],"picked":"Catalyst","floor":31}],"player_experience":31024,"relics_obtained":[{"floor":9,"key":"Letter Opener"},{"floor":14,"key":"Meat on the Bone"},{"floor":24,"key":"Mummified Hand"},{"floor":26,"key":"Anchor"}],"event_choices":[{"damage_healed":0,"gold_gain":0,"player_choice":"Entered Light","damage_taken":14,"max_hp_gain":0,"max_hp_loss":0,"event_name":"Shining Light","floor":4,"gold_loss":0,"cards_upgraded":["Strike_G","Strike_G"]},{"damage_healed":0,"gold_gain":100,"player_choice":"Pray","damage_taken":0,"max_hp_gain":0,"max_hp_loss":0,"event_name":"Golden Shrine","floor":12,"gold_loss":0},{"damage_healed":0,"gold_gain":0,"player_choice":"Became a Ghost","damage_taken":0,"max_hp_gain":0,"max_hp_loss":35,"event_name":"Ghosts","floor":27,"gold_loss":0,"cards_obtained":["Ghostly","Ghostly","Ghostly","Ghostly","Ghostly"]},{"cards_removed":["Defend_G"],"damage_healed":0,"gold_gain":0,"player_choice":"Gave Gold","damage_taken":0,"max_hp_gain":0,"max_hp_loss":0,"event_name":"Beggar","floor":29,"gold_loss":75}],"is_beta":false,"boss_relics":[{"not_picked":["Tiny House","Astrolabe"],"picked":"Lizard Tail"}],"items_purged_floors":[13,22],"is_endless":false,"potions_floor_spawned":[1,5,11,18,19,24],"killed_by":"Champ","ascension_level":0}