{"gold_per_floor":[119,134,134,309,323,357,376,404,430,430,430,443,443],"floor_reached":13,"playtime":560,"items_purged":[],"score":95,"play_id":"b2a14850-c441-4686-a4f4-fb0d0d67aef6","local_time":"20181121231622","is_ascension_mode":false,"campfire_choices":[{"floor":10,"key":"REST"}],"neow_cost":"NONE","seed_source_timestamp":1240475800322919,"circlet_count":0,"master_deck":["Strike_R","Strike_R","Strike_R","Strike_R","Strike_R","Defend_R+1","Defend_R","Defend_R","Defend_R+1","Bash","Hemokinesis","Clash","Doubt","Headbutt","Flex","True Grit","Uppercut","Sword Boomerang"],"relics":["Burning Blood","Girya","Potion Belt","Pen Nib","Darkstone Periapt"],"potions_floor_usage":[1,8,8],"damage_taken":[{"damage":13,"enemies":"2 Louse","floor":1,"turns":4},{"damage":5,"enemies":"Jaw Worm","floor":2,"turns":4},{"damage":12,"enemies":"Cultist","floor":5,"turns":4},{"damage":36,"enemies":"Lagavulin","floor":6,"turns":7},{"damage":13,"enemies":"Lots of Slimes","floor":7,"turns":5},{"damage":18,"enemies":"3 Sentries","floor":8,"turns":11},{"damage":32,"enemies":"Gremlin Gang","floor":12,"turns":5},{"damage":0,"enemies":"Gremlin Nob","floor":13,"turns":1}],"seed_played":"-1449254660483007629","potions_obtained":[{"floor":1,"key":"Fruit Juice"},{"floor":6,"key":"LiquidBronze"},{"floor":7,"key":"PowerPotion"},{"floor":8,"key":"Dexterity Potion"}],"is_trial":false,"path_per_floor":["M","M","?","?","M","E","M","E","T","R","T","M","E"],"character_chosen":"IRONCLAD","items_purchased":[],"campfire_rested":1,"item_purchase_floors":[],"current_hp_per_floor":[86,87,68,68,62,32,25,13,13,40,40,14,14],"gold":443,"neow_bonus":"TEN_PERCENT_HP_BONUS","is_prod":false,"is_daily":false,"chose_seed":false,"campfire_upgraded":0,"win_rate":0.0,"timestamp":1542870982,"path_taken":["M","M","?","?","M","E","M","E","T","R","?","?","E"],"build_version":"2018-11-15","purchased_purges":0,"victory":false,"max_hp_per_floor":[93,93,93,93,93,93,93,93,93,93,93,93,93],"card_choices":[{"not_picked":["Reckless Charge","Disarm"],"picked":"Hemokinesis","floor":1},{"not_picked":["Twin Strike","Wild Strike"],"picked":"Clash","floor":2},{"not_picked":["Clash","Rampage"],"picked":"Headbutt","floor":5},{"not_picked":["Spot Weakness","Infernal Blade"],"picked":"Flex","floor":6},{"not_picked":["Heavy Blade","Armaments"],"picked":"True Grit","floor":7},{"not_picked":["Whirlwind","Warcry"],"picked":"Uppercut","floor":8},{"not_picked":["Disarm","Searing Blow"],"picked":"Sword Boomerang","floor":12}],"player_experience":109948,"relics_obtained":[{"floor":6,"key":"Girya"},{"floor":8,"key":"Potion Belt"},{"floor":9,"key":"Pen Nib"},{"floor":11,"key":"Darkstone Periapt"}],"event_choices":[{"damage_healed":0,"gold_gain":0,"player_choice":"Entered Light","damage_taken":19,"max_hp_gain":0,"max_hp_loss":0,"event_name":"Shining Light","floor":3,"gold_loss":0,"cards_upgraded":["Defend_R","Defend_R"]},{"damage_healed":0,"gold_gain":175,"player_choice":"AGREE","damage_taken":0,"max_hp_gain":0,"max_hp_loss":0,"event_name":"Liars Game","floor":4,"gold_loss":0,"cards_obtained":["Doubt"]}],"is_beta":false,"boss_relics":[],"items_purged_floors":[],"is_endless":false,"potions_floor_spawned":[1,6,7,8],"killed_by":"Gremlin Nob","ascension_level":0}