{"gold_per_floor":[118,66,77,90,165,193,193,222,222,322,351,351,351,366,366,470,470,489,502,186,186,186,186,202,202,229,229,258,272,287,305,305,305],"floor_reached":33,"playtime":3512,"items_purged":["Pain"],"score":285,"play_id":"095ff53b-7e50-4d39-b992-45b95a5825ee","local_time":"20180802192812","is_ascension_mode":false,"campfire_choices":[{"data":"Defragment","floor":7,"key":"SMITH"},{"data":"Steam","floor":13,"key":"SMITH"},{"data":"Darkness","floor":15,"key":"SMITH"},{"data":"Buffer","floor":23,"key":"SMITH"},{"data":"Electrodynamics","floor":25,"key":"SMITH"},{"data":"Glacier","floor":27,"key":"SMITH"},{"floor":32,"key":"REST"}],"neow_cost":"","seed_source_timestamp":1903643728549613,"circlet_count":0,"master_deck":["Strike_B","Strike_B","Strike_B","Strike_B","Defend_B","Defend_B","Defend_B","Defend_B","Zap","Dualcast","Steam","Steam+1","Glacier+1","Defragment+1","Leap","Steam","Doom and Gloom","Darkness+1","Electrodynamics+1","Decay","Regret","Cold Snap","Buffer+1","Ball Lightning","Leap+1","Coolheaded","Leap"],"relics":["Cracked Core","Pantograph","Question Card","Smiling Mask","Lantern","Regal Pillow","Calling Bell","Bronze Scales","Mummified Hand","Peace Pipe","Lee\u0027s Waffle","Centennial Puzzle","Pen Nib"],"potions_floor_usage":[16,29,33,33,33],"damage_taken":[{"damage":1,"enemies":"Jaw Worm","floor":1,"turns":4},{"damage":0,"enemies":"Small Slimes","floor":3,"turns":3},{"damage":0,"enemies":"Cultist","floor":4,"turns":4},{"damage":3,"enemies":"Lagavulin","floor":6,"turns":9},{"damage":5,"enemies":"Gremlin Nob","floor":8,"turns":6},{"damage":1,"enemies":"Lagavulin","floor":11,"turns":9},{"damage":0,"enemies":"Looter","floor":14,"turns":3},{"damage":29,"enemies":"Hexaghost","floor":16,"turns":11},{"damage":23,"enemies":"Chosen","floor":18,"turns":5},{"damage":9,"enemies":"2 Thieves","floor":19,"turns":3},{"damage":15,"enemies":"Centurion and Healer","floor":24,"turns":9},{"damage":43,"enemies":"Gremlin Leader","floor":28,"turns":8},{"damage":5,"enemies":"Chosen and Byrds","floor":29,"turns":7},{"damage":8,"enemies":"Sentry and Sphere","floor":30,"turns":3},{"damage":1,"enemies":"Snecko","floor":31,"turns":7},{"damage":90,"enemies":"Champ","floor":33,"turns":12}],"seed_played":"-2569373046418492400","potions_obtained":[{"floor":3,"key":"FearPotion"},{"floor":4,"key":"Poison Potion"},{"floor":8,"key":"Explosive Potion"},{"floor":16,"key":"LiquidBronze"},{"floor":18,"key":"Regen Potion"},{"floor":31,"key":"LiquidBronze"}],"is_trial":false,"path_per_floor":["M","$","M","M","?","E","R","E","T","?","E","?","R","M","R","B",null,"M","M","$","?","?","R","M","R","T","R","E","M","M","M","R"],"character_chosen":"DEFECT","items_purchased":["Steam","Buffer","Lee\u0027s Waffle"],"campfire_rested":1,"item_purchase_floors":[2,20,20],"current_hp_per_floor":[74,74,74,74,63,60,60,55,55,55,54,42,42,42,42,38,75,52,43,82,82,82,82,67,67,67,67,24,34,26,25,64,0],"gold":305,"neow_bonus":"","is_prod":false,"is_daily":false,"chose_seed":false,"campfire_upgraded":6,"win_rate":0.0,"timestamp":1533230892,"path_taken":["M","$","M","M","?","E","R","E","T","?","E","?","R","?","R","BOSS","M","M","$","?","?","R","M","R","T","R","E","M","M","M","R","BOSS"],"build_version":"2018-07-26","purchased_purges":1,"victory":false,"max_hp_per_floor":[75,75,75,75,75,75,75,75,75,75,75,75,75,75,75,75,75,75,75,82,82,82,82,82,82,82,82,82,82,82,82,82,82],"card_choices":[{"not_picked":["Barrage","FTL"],"picked":"Steam","floor":1},{"not_picked":["Sweeping Beam","Steam Power"],"picked":"Glacier","floor":3},{"not_picked":["Ball Lightning","Leap"],"picked":"Defragment","floor":4},{"not_picked":["Force Field","Beam Cell"],"picked":"Leap","floor":6},{"not_picked":["Gash","Multi-Cast"],"picked":"Steam","floor":8},{"not_picked":["Streamline","Conserve Battery","Redo"],"picked":"Doom and Gloom","floor":11},{"not_picked":["Auto Shields","Steam","Stack"],"picked":"Darkness","floor":14},{"not_picked":["Creative AI","Rainbow","Machine Learning"],"picked":"Electrodynamics","floor":16},{"not_picked":["Chill","Steam Power","Blizzard","Hologram"],"picked":"SKIP","floor":18},{"not_picked":["Sweeping Beam","Leap","Genetic Algorithm"],"picked":"Cold Snap","floor":19},{"not_picked":["Doom and Gloom+1","Stack","Barrage"],"picked":"Ball Lightning","floor":24},{"not_picked":["Reprogram","Cold Snap+1","Steam","Barrage"],"picked":"SKIP","floor":28},{"not_picked":["Redo","Seek","Ball Lightning"],"picked":"Leap+1","floor":29},{"not_picked":["Doom and Gloom","Stack","Compile Driver"],"picked":"Coolheaded","floor":30},{"not_picked":["Sweeping Beam","Streamline","Redo"],"picked":"Leap","floor":31}],"player_experience":47930,"relics_obtained":[{"floor":6,"key":"Pantograph"},{"floor":8,"key":"Question Card"},{"floor":9,"key":"Smiling Mask"},{"floor":11,"key":"Lantern"},{"floor":17,"key":"Bronze Scales"},{"floor":17,"key":"Mummified Hand"},{"floor":17,"key":"Peace Pipe"},{"floor":26,"key":"Centennial Puzzle"},{"floor":28,"key":"Pen Nib"}],"event_choices":[{"event_name":"World of Goop","player_choice":"Gather Gold","floor":5,"damage_taken":0},{"event_name":"Golden Shrine","player_choice":"Pray","floor":10,"damage_taken":0},{"event_name":"Scrap Ooze","player_choice":"success","floor":12,"damage_taken":12},{"event_name":"Ghosts","player_choice":"Ignored","floor":21,"damage_taken":0},{"event_name":"Drug Dealer","player_choice":"Ignored","floor":22,"damage_taken":0}],"is_beta":false,"boss_relics":[{"not_picked":["Runic Pyramid","Empty Cage"],"picked":"Calling Bell"}],"items_purged_floors":[20],"is_endless":false,"potions_floor_spawned":[3,4,8,16,18,28,31],"killed_by":"Champ","ascension_level":0}