{"gold_per_floor":[109,20,39,39,39,82,7,23,100,100,100,125,125,143,143,239,239,260,49,49,68,193,193,233,249,274,274,292,292,330,2,2,92,92,111,91,91,91,111,111,151,151,233,269,285,304,322,322,322,322],"floor_reached":51,"playtime":1495,"items_purged":["Strike_R","Shame"],"score":1609,"play_id":"60ae05d4-3231-463f-8168-3ed538b1bbc0","local_time":"20190116024431","is_ascension_mode":true,"campfire_choices":[{"data":"Rampage","floor":10,"key":"SMITH"},{"data":"Uppercut","floor":13,"key":"SMITH"},{"data":"Pommel Strike","floor":15,"key":"SMITH"},{"data":"Limit Break","floor":23,"key":"SMITH"},{"data":"Whirlwind","floor":27,"key":"SMITH"},{"data":"Pummel","floor":29,"key":"SMITH"},{"data":"Bash","floor":32,"key":"SMITH"},{"data":"Battle Trance","floor":40,"key":"SMITH"},{"data":"Carnage","floor":42,"key":"SMITH"},{"floor":49,"key":"REST"}],"neow_cost":"NONE","seed_source_timestamp":3379816838961740,"circlet_count":0,"master_deck":["AscendersBane","Strike_R","Strike_R","Strike_R","Strike_R","Defend_R","Defend_R","Defend_R","Defend_R","Bash+1","Pommel Strike+1","Rampage+1","Bludgeon+1","Uppercut+1","Shrug It Off","Battle Trance+1","Limit Break+1","Headbutt","Pummel+1","Whirlwind+1","Carnage+1","Barricade+1","Double Tap","Entrench","Shockwave+1"],"relics":["Burning Blood","NeowsBlessing","Golden Idol","Dream Catcher","Meat on the Bone","Anchor","Snecko Eye","Brimstone","Lantern","Ice Cream","Matryoshka","Frozen Egg 2","Happy Flower","Pen Nib","Blood Vial","Chemical X","Mark of Pain","Mummified Hand","Art of War","Bottled Lightning","Boot"],"potions_floor_usage":[24,25,50,50],"damage_taken":[{"damage":0,"enemies":"Small Slimes","floor":1,"turns":1},{"damage":0,"enemies":"Jaw Worm","floor":3,"turns":1},{"damage":0,"enemies":"Lagavulin","floor":6,"turns":1},{"damage":7,"enemies":"2 Louse","floor":8,"turns":2},{"damage":4,"enemies":"Red Slaver","floor":12,"turns":2},{"damage":0,"enemies":"Blue Slaver","floor":14,"turns":2},{"damage":42,"enemies":"Slime Boss","floor":16,"turns":8},{"damage":0,"enemies":"Chosen","floor":18,"turns":2},{"damage":0,"enemies":"2 Thieves","floor":21,"turns":3},{"damage":10,"enemies":"Colosseum Slavers","floor":22,"turns":2},{"damage":7,"enemies":"Colosseum Nobs","floor":22,"turns":3},{"damage":3,"enemies":"Gremlin Leader","floor":24,"turns":4},{"damage":10,"enemies":"Cultist and Chosen","floor":25,"turns":5},{"damage":0,"enemies":"Snake Plant","floor":28,"turns":2},{"damage":4,"enemies":"Book of Stabbing","floor":30,"turns":2},{"damage":20,"enemies":"Automaton","floor":33,"turns":4},{"damage":7,"enemies":"Orb Walker","floor":35,"turns":2},{"damage":0,"enemies":"3 Shapes","floor":39,"turns":1},{"damage":17,"enemies":"Nemesis","floor":41,"turns":3},{"damage":0,"enemies":"Giant Head","floor":44,"turns":4},{"damage":0,"enemies":"Sphere and 2 Shapes","floor":45,"turns":2},{"damage":20,"enemies":"Writhing Mass","floor":46,"turns":2},{"damage":0,"enemies":"3 Darklings","floor":47,"turns":1},{"damage":57,"enemies":"Awakened One","floor":50,"turns":5}],"seed_played":"-171828923745586702","potions_obtained":[{"floor":8,"key":"Weak Potion"},{"floor":12,"key":"Swift Potion"},{"floor":21,"key":"BloodPotion"},{"floor":24,"key":"Weak Potion"},{"floor":28,"key":"Poison Potion"},{"floor":36,"key":"SteroidPotion"}],"is_trial":false,"path_per_floor":["M","$","M","?","?","E","$","M","T","R","?","M","R","M","R","B",null,"M","$","?","M","?","R","E","M","T","R","M","R","E","$","R","B",null,"M","?","$","$","M","R","E","R","T","E","M","M","M","?","R","B",null],"character_chosen":"IRONCLAD","items_purchased":["Rampage","Brimstone","Chemical X"],"campfire_rested":1,"item_purchase_floors":[2,19,31],"current_hp_per_floor":[74,74,75,75,49,55,55,54,54,54,54,56,56,62,62,38,66,72,72,72,75,70,70,73,69,69,69,75,75,75,75,75,61,72,73,73,73,73,75,75,64,64,64,72,75,61,69,69,75,43],"gold":322,"neow_bonus":"THREE_ENEMY_KILL","is_prod":false,"is_daily":false,"chose_seed":false,"campfire_upgraded":9,"win_rate":0,"timestamp":1547603071,"path_taken":["M","$","M","?","?","E","?","M","T","R","?","?","R","M","R","BOSS","M","$","?","M","?","R","E","M","T","R","M","R","E","$","R","BOSS","M","?","?","$","M","R","E","R","T","E","M","M","M","?","R","BOSS"],"build_version":"2019-01-10","purchased_purges":2,"victory":true,"max_hp_per_floor":[75,75,75,75,75,75,75,75,75,75,75,75,75,75,75,75,75,75,75,75,75,75,75,75,75,75,75,75,75,75,75,75,75,75,75,75,75,75,75,75,75,75,75,75,75,75,75,75,75,75],"card_choices":[{"not_picked":["Armaments","Warcry"],"picked":"Pommel Strike","floor":1},{"not_picked":["Heavy Blade","Clothesline"],"picked":"Bludgeon","floor":3},{"not_picked":["Entrench","Sever Soul"],"picked":"Uppercut","floor":6},{"not_picked":["Iron Wave","Body Slam"],"picked":"Shrug It Off","floor":8},{"not_picked":["Body Slam","Feel No Pain"],"picked":"Battle Trance","floor":12},{"not_picked":["Body Slam","Iron Wave","Shrug It Off"],"picked":"SKIP","floor":14},{"not_picked":["Berserk","Brutality"],"picked":"Limit Break","floor":16},{"not_picked":["Rage","Shrug It Off+1"],"picked":"Headbutt","floor":18},{"not_picked":["Spot Weakness","Clothesline+1"],"picked":"Pummel","floor":21},{"not_picked":["Thunderclap","Power Through","Metallicize"],"picked":"SKIP","floor":24},{"not_picked":["Shrug It Off","Berserk+1"],"picked":"Whirlwind","floor":25},{"not_picked":["Ghostly Armor","Flex","Inflame+1"],"picked":"SKIP","floor":28},{"not_picked":["Warcry+1","Burning Pact"],"picked":"Carnage","floor":30},{"not_picked":["Bludgeon","Dark Embrace+1"],"picked":"Barricade+1","floor":33},{"not_picked":["Infernal Blade+1","Body Slam","Hemokinesis"],"picked":"SKIP","floor":35},{"not_picked":["Anger","Seeing Red","Shrug It Off+1"],"picked":"SKIP","floor":39},{"not_picked":["Rampage","Heavy Blade","Feel No Pain+1"],"picked":"SKIP","floor":41},{"not_picked":["Evolve+1","Second Wind"],"picked":"Double Tap","floor":44},{"not_picked":["Flex","Burning Pact","Armaments"],"picked":"SKIP","floor":45},{"not_picked":["True Grit+1","Clash"],"picked":"Entrench","floor":46},{"not_picked":["Headbutt","True Grit"],"picked":"Shockwave+1","floor":47}],"player_experience":742783,"relics_obtained":[{"floor":6,"key":"Dream Catcher"},{"floor":9,"key":"Meat on the Bone"},{"floor":22,"key":"Ice Cream"},{"floor":22,"key":"Matryoshka"},{"floor":24,"key":"Frozen Egg 2"},{"floor":26,"key":"Happy Flower"},{"floor":26,"key":"Pen Nib"},{"floor":30,"key":"Blood Vial"},{"floor":41,"key":"Mummified Hand"},{"floor":43,"key":"Art of War"},{"floor":43,"key":"Bottled Lightning"},{"floor":44,"key":"Boot"}],"event_choices":[{"damage_healed":0,"gold_gain":0,"player_choice":"Grow","damage_taken":0,"max_hp_gain":0,"max_hp_loss":0,"event_name":"Living Wall","floor":4,"gold_loss":0,"cards_upgraded":["Bludgeon"]},{"damage_healed":0,"gold_gain":0,"player_choice":"Take Damage","damage_taken":26,"relics_obtained":["Golden Idol"],"max_hp_gain":0,"max_hp_loss":0,"event_name":"Golden Idol","floor":5,"gold_loss":0},{"damage_healed":0,"gold_gain":0,"player_choice":"Gave Potion","damage_taken":0,"relics_obtained":["Anchor"],"max_hp_gain":0,"max_hp_loss":0,"event_name":"WeMeetAgain","floor":11,"gold_loss":0},{"damage_healed":0,"gold_gain":0,"player_choice":"Stole Relic","damage_taken":0,"relics_obtained":["Lantern"],"max_hp_gain":0,"max_hp_loss":0,"event_name":"Addict","floor":20,"gold_loss":0,"cards_obtained":["Shame"]},{"damage_healed":0,"gold_gain":0,"player_choice":"Fight","damage_taken":0,"max_hp_gain":0,"max_hp_loss":0,"event_name":"Colosseum","floor":22,"gold_loss":0},{"damage_healed":0,"gold_gain":0,"player_choice":"Fought Nobs","damage_taken":0,"max_hp_gain":0,"max_hp_loss":0,"event_name":"Colosseum","floor":22,"gold_loss":0},{"damage_healed":0,"gold_gain":0,"player_choice":"Bought 1 Potion","damage_taken":0,"max_hp_gain":0,"max_hp_loss":0,"event_name":"The Woman in Blue","floor":36,"gold_loss":0},{"damage_healed":0,"gold_gain":0,"player_choice":"Ignored","damage_taken":0,"max_hp_gain":0,"max_hp_loss":0,"event_name":"Mysterious Sphere","floor":48,"gold_loss":0}],"is_beta":false,"boss_relics":[{"not_picked":["Runic Dome","Orrery"],"picked":"Snecko Eye"},{"not_picked":["Pandora\u0027s Box","Black Blood"],"picked":"Mark of Pain"}],"items_purged_floors":[7,31],"is_endless":false,"potions_floor_spawned":[8,12,21,22,24,28,45,47],"ascension_level":18}