{"gold_per_floor":[211,211,229,83,94,94,129,129,129,129],"floor_reached":10,"playtime":460,"items_purged":["Strike_G"],"score":73,"play_id":"4b6fe83d-efc3-4f19-96e2-44d5326c21b4","local_time":"20190129141941","is_ascension_mode":true,"campfire_choices":[{"data":"Calculated Gamble","floor":6,"key":"SMITH"},{"floor":8,"key":"DIG"}],"neow_cost":"NONE","seed_source_timestamp":146161099500730,"circlet_count":0,"master_deck":["Defend_G","Defend_G","Defend_G","Defend_G","Defend_G","Strike_G","Strike_G","Strike_G","Strike_G","Survivor","Neutralize","Calculated Gamble+1","Flying Knee","Well Laid Plans"],"special_seed":0,"relics":["Ring of the Snake","Shovel","Mummified Hand","Toxic Egg 2"],"potions_floor_usage":[7],"damage_taken":[{"damage":0.0,"enemies":"Small Slimes","floor":1.0,"turns":4.0},{"damage":1,"enemies":"2 Louse","floor":3,"turns":3},{"damage":0,"enemies":"Jaw Worm","floor":5,"turns":6},{"damage":36,"enemies":"3 Sentries","floor":7,"turns":15},{"damage":38,"enemies":"Gremlin Nob","floor":10,"turns":5}],"seed_played":"6083381871270937831","potions_obtained":[{"floor":1.0,"key":"Swift Potion"},{"floor":7,"key":"Dexterity Potion"}],"is_trial":false,"path_per_floor":["M","?","M","$","M","R","E","R","T","E"],"character_chosen":"THE_SILENT","items_purchased":["Well Laid Plans"],"campfire_rested":0,"item_purchase_floors":[4],"current_hp_per_floor":[70,75,74,74,74,74,38,38,38,0],"gold":129,"neow_bonus":"HUNDRED_GOLD","is_prod":false,"is_daily":false,"chose_seed":false,"campfire_upgraded":1,"win_rate":0,"timestamp":1548793181,"path_taken":["M","?","M","$","M","R","E","R","T","E"],"build_version":"2019-01-23","purchased_purges":1,"victory":false,"max_hp_per_floor":[70,75,75,75,75,75,75,75,75,75],"card_choices":[{"not_picked":["Setup","Slice"],"picked":"Calculated Gamble","floor":1.0},{"not_picked":["Bane","Finisher"],"picked":"Flying Knee","floor":3},{"not_picked":["Caltrops","All Out Attack","Dodge and Roll"],"picked":"SKIP","floor":5},{"not_picked":["Caltrops","All Out Attack","Dodge and Roll"],"picked":"SKIP","floor":5},{"not_picked":["Predator","Masterful Stab","A Thousand Cuts"],"picked":"SKIP","floor":7}],"player_experience":253168,"relics_obtained":[{"floor":7,"key":"Shovel"},{"floor":8,"key":"Mummified Hand"},{"floor":9,"key":"Toxic Egg 2"}],"event_choices":[{"damage_healed":0.0,"max_hp_gain":5.0,"max_hp_loss":0.0,"gold_gain":0.0,"event_name":"Big Fish","player_choice":"Donut","floor":2.0,"gold_loss":0.0,"damage_taken":0.0}],"is_beta":false,"boss_relics":[],"items_purged_floors":[4],"is_endless":false,"potions_floor_spawned":[1,7],"killed_by":"Gremlin Nob","ascension_level":2}