{"gold_per_floor":[114,124,140,110,120,145,145,145,145,163,191,191,208,226,226,326,326,341,359,29,29,29],"floor_reached":22,"playtime":1229,"items_purged":[],"score":198,"play_id":"33f727ab-832f-498a-a1a7-0d86952ad128","local_time":"20181230210256","is_ascension_mode":false,"campfire_choices":[{"floor":7,"key":"REST"},{"floor":12,"key":"REST"},{"floor":15,"key":"REST"}],"neow_cost":"NONE","seed_source_timestamp":35790542743587,"circlet_count":0,"master_deck":["Strike_B+1","Strike_B+1","Strike_B+1","Strike_B+1","Defend_B+1","Defend_B+1","Defend_B+1","Defend_B+1","Zap","Dualcast","Consume","Stack","Conserve Battery","Seek","Auto Shields","Beam Cell","Rebound","Lockon","Leap","Defragment","Loop","Echo Form","Multi-Cast","Static Discharge","BootSequence","Ball Lightning"],"relics":["Cracked Core","Prayer Wheel","Kunai","Letter Opener","Black Star","Membership Card","Mercury Hourglass"],"potions_floor_usage":[6,16,16,16,18],"damage_taken":[{"damage":4,"enemies":"2 Louse","floor":1,"turns":2},{"damage":1,"enemies":"Jaw Worm","floor":2,"turns":3},{"damage":3,"enemies":"Small Slimes","floor":3,"turns":3},{"damage":0,"enemies":"Looter","floor":4,"turns":4},{"damage":8,"enemies":"Large Slime","floor":5,"turns":7},{"damage":39,"enemies":"Gremlin Nob","floor":6,"turns":6},{"damage":2,"enemies":"Exordium Thugs","floor":10,"turns":5},{"damage":18,"enemies":"3 Sentries","floor":11,"turns":10},{"damage":4,"enemies":"2 Fungi Beasts","floor":13,"turns":4},{"damage":6,"enemies":"Looter","floor":14,"turns":4},{"damage":65,"enemies":"Hexaghost","floor":16,"turns":11},{"damage":41,"enemies":"Spheric Guardian","floor":18,"turns":7},{"damage":35,"enemies":"Chosen","floor":19,"turns":7},{"damage":21,"enemies":"Snake Plant","floor":22,"turns":2}],"seed_played":"1340396909482039690","potions_obtained":[{"floor":2,"key":"Block Potion"},{"floor":3,"key":"GamblersBrew"},{"floor":11,"key":"FearPotion"},{"floor":13,"key":"Poison Potion"},{"floor":16,"key":"Regen Potion"},{"floor":19,"key":"PowerPotion"}],"is_trial":false,"path_per_floor":["M","M","M","M","M","E","R","?","T","M","E","R","M","M","R","B",null,"M","M","$","?","M"],"character_chosen":"DEFECT","items_purchased":["Membership Card","Mercury Hourglass"],"campfire_rested":3,"item_purchase_floors":[20,20],"current_hp_per_floor":[78,77,74,74,66,27,51,51,51,49,31,55,51,45,69,4,82,53,18,18,18,0],"gold":29,"neow_bonus":"TEN_PERCENT_HP_BONUS","is_prod":false,"is_daily":false,"chose_seed":false,"campfire_upgraded":0,"win_rate":0.0,"timestamp":1546200176,"path_taken":["M","M","M","M","M","E","R","?","T","M","E","R","M","M","R","BOSS","M","M","$","?","M"],"build_version":"2018-12-20","purchased_purges":0,"victory":false,"max_hp_per_floor":[82,82,82,82,82,82,82,82,82,82,82,82,82,82,82,82,82,82,82,82,82,82],"card_choices":[{"not_picked":["Turbo","Hologram"],"picked":"Consume","floor":1},{"not_picked":["Coolheaded","Streamline"],"picked":"Stack","floor":2},{"not_picked":["FTL","Darkness"],"picked":"Conserve Battery","floor":3},{"not_picked":["Hologram","Chill"],"picked":"Seek","floor":4},{"not_picked":["Lockon","Streamline"],"picked":"Auto Shields","floor":5},{"not_picked":["Glacier","Loop"],"picked":"Beam Cell","floor":6},{"not_picked":["Compile Driver","Chaos"],"picked":"Rebound","floor":10},{"not_picked":["Defragment","Consume"],"picked":"Lockon","floor":10},{"not_picked":["Blizzard","Gash"],"picked":"Leap","floor":11},{"not_picked":["Steam Power","Gash"],"picked":"Defragment","floor":13},{"not_picked":["Stack","Compile Driver"],"picked":"Loop","floor":13},{"not_picked":["Turbo","Ball Lightning"],"picked":"Echo Form","floor":14},{"not_picked":["Steam","Go for the Eyes"],"picked":"Multi-Cast","floor":14},{"not_picked":["Stack","Coolheaded"],"picked":"Static Discharge","floor":18},{"not_picked":["Loop","Sweeping Beam"],"picked":"BootSequence","floor":18},{"not_picked":["Darkness","Streamline"],"picked":"Ball Lightning","floor":19},{"not_picked":["Beam Cell","Scrape+1","Chill"],"picked":"SKIP","floor":19}],"player_experience":92864,"relics_obtained":[{"floor":6,"key":"Prayer Wheel"},{"floor":9,"key":"Kunai"},{"floor":11,"key":"Letter Opener"}],"event_choices":[{"damage_healed":0,"gold_gain":0,"player_choice":"Ignored","damage_taken":0,"max_hp_gain":0,"max_hp_loss":0,"event_name":"Liars Game","floor":8,"gold_loss":0},{"damage_healed":0,"gold_gain":0,"player_choice":"Simplicity","damage_taken":0,"max_hp_gain":0,"max_hp_loss":0,"event_name":"Back to Basics","floor":21,"gold_loss":0,"cards_upgraded":["Strike_B","Strike_B","Strike_B","Strike_B","Defend_B","Defend_B","Defend_B","Defend_B"]}],"is_beta":false,"boss_relics":[{"not_picked":["Tiny House","Orrery"],"picked":"Black Star"}],"items_purged_floors":[],"is_endless":false,"potions_floor_spawned":[2,3,11,13,16,19],"killed_by":"Snake Plant","ascension_level":0}