{"gold_per_floor":[109,184,199,211,228,257,268,301,348,348,348,358,358,374,374,493,493,508,508,508,527,452,452,473,488,488,503,503],"floor_reached":28,"playtime":1221,"items_purged":[],"score":339,"play_id":"334cb6cf-fb4a-4f09-bb93-1bd1ce55c032","local_time":"20190111020540","is_ascension_mode":true,"campfire_choices":[{"floor":11,"key":"REST"},{"floor":15,"key":"REST"},{"floor":23,"key":"REST"}],"neow_cost":"NONE","seed_source_timestamp":0,"circlet_count":0,"master_deck":["Defend_G","Defend_G","Defend_G+1","Defend_G","Defend_G+1","Strike_G","Strike_G+1","Survivor","Neutralize","Dash+1","Flying Knee","Poisoned Stab","Poisoned Stab","Die Die Die","Leg Sweep","Deadly Poison","Glass Knife","Bullet Time","Backstab+1","A Thousand Cuts+1","Dagger Throw","Necronomicurse","Backflip","Blur+1","Poisoned Stab"],"special_seed":0,"relics":["Ring of the Snake","War Paint","Whetstone","Bag of Preparation","Golden Idol","Astrolabe","Necronomicon","Bottled Tornado"],"potions_floor_usage":[8,25,27,28,28],"damage_taken":[{"damage":0.0,"enemies":"Small Slimes","floor":1.0,"turns":3.0},{"damage":1.0,"enemies":"Jaw Worm","floor":3.0,"turns":4.0},{"damage":0.0,"enemies":"2 Louse","floor":4.0,"turns":3.0},{"damage":20.0,"enemies":"Exordium Wildlife","floor":5.0,"turns":6.0},{"damage":10.0,"enemies":"3 Sentries","floor":6.0,"turns":9.0},{"damage":1.0,"enemies":"Blue Slaver","floor":7.0,"turns":3.0},{"damage":14,"enemies":"Lagavulin","floor":8,"turns":6},{"damage":0,"enemies":"Looter","floor":12,"turns":3},{"damage":8,"enemies":"Exordium Wildlife","floor":14,"turns":5},{"damage":13,"enemies":"The Guardian","floor":16,"turns":12},{"damage":0,"enemies":"Chosen","floor":18,"turns":3},{"damage":24,"enemies":"3 Byrds","floor":21,"turns":3},{"damage":18,"enemies":"Cultist and Chosen","floor":24,"turns":6},{"damage":0,"enemies":"Snecko","floor":25,"turns":5},{"damage":20,"enemies":"Shelled Parasite and Fungi","floor":27,"turns":5},{"damage":18,"enemies":"Centurion and Healer","floor":28,"turns":2}],"seed_played":"8705726490923314958","potions_obtained":[{"floor":4.0,"key":"Fire Potion"},{"floor":5.0,"key":"Block Potion"},{"floor":7.0,"key":"Explosive Potion"},{"floor":16,"key":"Ancient Potion"},{"floor":21,"key":"AttackPotion"},{"floor":24,"key":"Regen Potion"},{"floor":25,"key":"SpeedPotion"}],"is_trial":false,"path_per_floor":["M","?","M","M","M","E","M","E","T","?","R","M","?","M","R","B",null,"M","?","?","M","?","R","M","M","T","M","M"],"character_chosen":"THE_SILENT","items_purchased":[],"campfire_rested":3,"item_purchase_floors":[],"current_hp_per_floor":[63,52,51,51,31,21,20,6,6,29,50,50,50,42,63,50,65,65,65,49,25,25,46,28,28,28,8,0],"gold":503,"neow_bonus":"THREE_CARDS","is_prod":false,"is_daily":false,"chose_seed":false,"campfire_upgraded":0,"win_rate":0,"timestamp":1547201140,"path_taken":["M","?","M","M","M","E","M","E","T","?","R","M","?","?","R","BOSS","M","?","?","M","?","R","?","M","T","M","M"],"build_version":"2019-01-10","purchased_purges":0,"victory":false,"max_hp_per_floor":[70,70,70,70,70,70,70,70,70,70,70,70,70,70,70,70,70,70,70,70,70,70,70,70,70,70,70,70],"card_choices":[{"not_picked":["Deflect","Backstab"],"picked":"Dash","floor":0.0},{"not_picked":["Dagger Spray","Deflect"],"picked":"Flying Knee","floor":1.0},{"not_picked":["Finisher","Terror","Underhanded Strike"],"picked":"SKIP","floor":3.0},{"not_picked":["Quick Slash","Well Laid Plans"],"picked":"Poisoned Stab","floor":4.0},{"not_picked":["Blur","Dash"],"picked":"Poisoned Stab","floor":5.0},{"not_picked":["Tactician","Flying Knee"],"picked":"Die Die Die","floor":6.0},{"not_picked":["Distraction","Concentrate"],"picked":"Leg Sweep","floor":7.0},{"not_picked":["Well Laid Plans","Slice","Calculated Gamble"],"picked":"SKIP","floor":8},{"not_picked":["Deflect","Blade Dance"],"picked":"Deadly Poison","floor":12},{"not_picked":["Quick Slash","Acrobatics"],"picked":"Glass Knife","floor":14},{"not_picked":["A Thousand Cuts","Malaise"],"picked":"Bullet Time","floor":16},{"not_picked":["Noxious Fumes","Dagger Spray"],"picked":"Dagger Throw","floor":18},{"not_picked":["Slice","Calculated Gamble+1"],"picked":"Backflip","floor":21},{"not_picked":["Setup","Heel Hook"],"picked":"Blur+1","floor":24},{"not_picked":["Dodge and Roll","Prepared","Finisher"],"picked":"SKIP","floor":25},{"not_picked":["Flying Knee","Dagger Throw+1"],"picked":"Poisoned Stab","floor":27}],"player_experience":290941,"relics_obtained":[{"floor":6.0,"key":"War Paint"},{"floor":8,"key":"Whetstone"},{"floor":9,"key":"Bag of Preparation"},{"floor":20,"key":"Necronomicon"},{"floor":26,"key":"Bottled Tornado"}],"event_choices":[{"damage_healed":0.0,"max_hp_gain":0.0,"max_hp_loss":0.0,"gold_gain":75.0,"event_name":"World of Goop","player_choice":"Gather Gold","floor":2.0,"gold_loss":0.0,"damage_taken":11.0},{"damage_healed":23,"gold_gain":0,"player_choice":"Banana","damage_taken":0,"max_hp_gain":0,"max_hp_loss":0,"event_name":"Big Fish","floor":10,"gold_loss":0},{"damage_healed":0,"gold_gain":0,"player_choice":"Take Wound","damage_taken":0,"relics_obtained":["Golden Idol"],"max_hp_gain":0,"max_hp_loss":0,"event_name":"Golden Idol","floor":13,"gold_loss":0,"cards_obtained":["Injury"]},{"cards_removed":["Injury"],"damage_healed":0,"gold_gain":0,"player_choice":"Elegance","damage_taken":0,"max_hp_gain":0,"max_hp_loss":0,"event_name":"Back to Basics","floor":19,"gold_loss":0},{"damage_healed":0,"gold_gain":0,"player_choice":"Obtained Book","damage_taken":16,"max_hp_gain":0,"max_hp_loss":0,"event_name":"Cursed Tome","floor":20,"gold_loss":0},{"cards_removed":["Endless Agony"],"damage_healed":0,"gold_gain":0,"player_choice":"Gave Gold","damage_taken":0,"max_hp_gain":0,"max_hp_loss":0,"event_name":"Beggar","floor":22,"gold_loss":75}],"is_beta":false,"boss_relics":[{"not_picked":["Ectoplasm","Pandora\u0027s Box"],"picked":"Astrolabe"}],"items_purged_floors":[],"is_endless":false,"potions_floor_spawned":[4,5,7,16,21,24,25],"killed_by":"Centurion and Healer","ascension_level":9}