{"gold_per_floor":[16,16,28,48,48,75,75,0,48,58,58,92,102,2,2,2],"floor_reached":16,"playtime":1072,"items_purged":["Strike_G","Strike_G"],"score":110,"play_id":"5ba12bc9-c40a-4bf6-a916-13701706c704","local_time":"20190124010635","is_ascension_mode":false,"campfire_choices":[{"data":"Neutralize","floor":11,"key":"SMITH"},{"floor":15,"key":"REST"}],"neow_cost":"NO_GOLD","seed_source_timestamp":289044264013260,"circlet_count":0,"master_deck":["Defend_G","Defend_G","Defend_G","Strike_G","Strike_G","Survivor","Neutralize+1","Escape Plan","Masterful Stab","Dagger Spray","Dagger Spray","Dagger Spray"],"relics":["Ring of the Snake","Mummified Hand","Anchor","Blood Vial","Ornamental Fan"],"potions_floor_usage":[6,12,16,16],"damage_taken":[{"damage":2,"enemies":"Jaw Worm","floor":1,"turns":6},{"damage":0,"enemies":"2 Louse","floor":3,"turns":3},{"damage":0,"enemies":"Small Slimes","floor":4,"turns":3},{"damage":23,"enemies":"Gremlin Nob","floor":6,"turns":5},{"damage":0,"enemies":"Exordium Wildlife","floor":10,"turns":2},{"damage":29,"enemies":"Lagavulin","floor":12,"turns":8},{"damage":3,"enemies":"Exordium Thugs","floor":13,"turns":3},{"damage":38,"enemies":"Hexaghost","floor":16,"turns":14}],"seed_played":"-2540696762214325487","potions_obtained":[{"floor":3,"key":"AttackPotion"},{"floor":4,"key":"Fire Potion"},{"floor":10,"key":"FearPotion"},{"floor":12,"key":"GhostInAJar"}],"is_trial":false,"path_per_floor":["M","?","M","M","?","E","T","$","T","M","R","E","M","$","R","B"],"character_chosen":"THE_SILENT","items_purchased":[],"campfire_rested":1,"item_purchase_floors":[],"current_hp_per_floor":[68,68,68,68,61,38,38,38,38,40,40,13,12,12,33,0],"gold":2,"neow_bonus":"REMOVE_TWO","is_prod":false,"is_daily":false,"chose_seed":false,"campfire_upgraded":1,"win_rate":0.0,"timestamp":1548313595,"path_taken":["M","?","M","M","?","E","?","$","T","?","R","E","M","$","R","BOSS"],"build_version":"2019-01-23","purchased_purges":2,"victory":false,"max_hp_per_floor":[70,70,70,70,70,70,70,70,70,70,70,70,70,70,70,70],"card_choices":[{"not_picked":["Dagger Spray","Riddle With Holes"],"picked":"Escape Plan","floor":1},{"not_picked":["Bane","Flying Knee"],"picked":"Masterful Stab","floor":3},{"not_picked":["Sucker Punch","Choke"],"picked":"Dagger Spray","floor":4},{"not_picked":["Doppelganger","Deadly Poison","Sucker Punch"],"picked":"SKIP","floor":6},{"not_picked":["Footwork","Backflip"],"picked":"Dagger Spray","floor":10},{"not_picked":["Blur","Infinite Blades","Venomology"],"picked":"SKIP","floor":12},{"not_picked":["Leg Sweep","Finisher"],"picked":"Dagger Spray","floor":13}],"player_experience":126850,"relics_obtained":[{"floor":6,"key":"Mummified Hand"},{"floor":7,"key":"Anchor"},{"floor":9,"key":"Blood Vial"},{"floor":12,"key":"Ornamental Fan"}],"event_choices":[{"damage_healed":0,"gold_gain":0,"player_choice":"Leave","damage_taken":0,"max_hp_gain":0,"max_hp_loss":0,"event_name":"The Cleric","floor":2,"gold_loss":0},{"cards_removed":["Strike_G"],"damage_healed":0,"gold_gain":0,"player_choice":"Card Removal","damage_taken":7,"max_hp_gain":0,"max_hp_loss":0,"event_name":"Golden Wing","floor":5,"gold_loss":0}],"is_beta":false,"boss_relics":[],"items_purged_floors":[8,14],"is_endless":false,"potions_floor_spawned":[3,4,10,12],"killed_by":"Hexaghost","ascension_level":0}