{"gold_per_floor":[112,132,149,149,74,74,91,91,115,115,127,145,158,171,171,274,274,291,19,19,119,137,137,149,149,220,237,336,356,375,385,385,385],"floor_reached":33,"playtime":2021,"items_purged":["Strike_R"],"score":245,"play_id":"8472c40a-771d-48fd-9547-d34843ad7b2e","local_time":"20190124215847","is_ascension_mode":false,"campfire_choices":[{"data":"Searing Blow","floor":6,"key":"SMITH"},{"data":"Searing Blow+1","floor":10,"key":"SMITH"},{"data":"Searing Blow+2","floor":15,"key":"SMITH"},{"data":"Searing Blow+3","floor":23,"key":"SMITH"},{"data":"Searing Blow+4","floor":25,"key":"SMITH"},{"data":"Searing Blow+5","floor":32,"key":"SMITH"}],"neow_cost":"NONE","seed_source_timestamp":522148650433068,"circlet_count":0,"master_deck":["Strike_R+1","Strike_R+1","Strike_R+1","Strike_R+1","Defend_R+1","Defend_R+1","Defend_R+1","Defend_R+1","Bash","Searing Blow+6","True Grit+1","Immolate","Clothesline","Carnage","Battle Trance","Demon Form","Armaments","Headbutt","Headbutt","Pain","True Grit+1","Barricade"],"relics":["Burning Blood","Orichalcum","Cursed Key","Mercury Hourglass","Mummified Hand","Ice Cream","Darkstone Periapt"],"potions_floor_usage":[16,16,16,27,33,33],"damage_taken":[{"damage":3,"enemies":"Jaw Worm","floor":1,"turns":4},{"damage":0,"enemies":"Small Slimes","floor":2,"turns":4},{"damage":1,"enemies":"Cultist","floor":3,"turns":3},{"damage":5,"enemies":"3 Louse","floor":7,"turns":3},{"damage":8,"enemies":"Red Slaver","floor":11,"turns":4},{"damage":3,"enemies":"2 Fungi Beasts","floor":12,"turns":2},{"damage":7,"enemies":"Blue Slaver","floor":13,"turns":3},{"damage":2,"enemies":"Exordium Wildlife","floor":14,"turns":2},{"damage":55,"enemies":"Hexaghost","floor":16,"turns":10},{"damage":19,"enemies":"Spheric Guardian","floor":18,"turns":4},{"damage":8,"enemies":"Colosseum Slavers","floor":21,"turns":5},{"damage":14,"enemies":"Colosseum Nobs","floor":21,"turns":3},{"damage":2,"enemies":"Chosen","floor":22,"turns":4},{"damage":5,"enemies":"3 Cultists","floor":24,"turns":4},{"damage":16,"enemies":"Snake Plant","floor":27,"turns":3},{"damage":3,"enemies":"Snecko","floor":29,"turns":2},{"damage":13,"enemies":"Shelled Parasite and Fungi","floor":30,"turns":4},{"damage":17,"enemies":"Snake Plant","floor":31,"turns":3},{"damage":75,"enemies":"Automaton","floor":33,"turns":6}],"seed_played":"4868184600887518822","potions_obtained":[{"floor":1,"key":"Poison Potion"},{"floor":3,"key":"Weak Potion"},{"floor":12,"key":"Poison Potion"},{"floor":13,"key":"Regen Potion"},{"floor":21,"key":"Swift Potion"},{"floor":24,"key":"Strength Potion"},{"floor":30,"key":"Explosive Potion"}],"is_trial":false,"path_per_floor":["M","M","M","?","$","R","M","?","T","R","M","M","M","M","R","B",null,"M","$","?","?","M","R","M","R","T","M","?","M","M","M","R","B"],"character_chosen":"IRONCLAD","items_purchased":["Armaments","Mercury Hourglass"],"campfire_rested":0,"item_purchase_floors":[19,19],"current_hp_per_floor":[88,88,88,88,88,88,88,76,76,76,74,77,76,80,80,46,88,75,75,75,65,69,69,70,70,70,60,60,63,56,45,45,0],"gold":385,"neow_bonus":"TEN_PERCENT_HP_BONUS","is_prod":false,"is_daily":false,"chose_seed":false,"campfire_upgraded":6,"win_rate":0,"timestamp":1548395927,"path_taken":["M","M","M","?","$","R","M","?","T","R","M","M","M","M","R","BOSS","M","$","?","?","M","R","M","R","T","M","?","M","M","M","R","BOSS"],"build_version":"2019-01-23","purchased_purges":1,"victory":false,"max_hp_per_floor":[88,88,88,88,88,88,88,88,88,88,88,88,88,88,88,88,88,88,88,88,88,88,88,88,88,88,88,88,88,88,88,88,88],"card_choices":[{"not_picked":["Carnage","Perfected Strike"],"picked":"Searing Blow","floor":1},{"not_picked":["Wild Strike","Body Slam","Entrench"],"picked":"SKIP","floor":2},{"not_picked":["Twin Strike","Warcry"],"picked":"True Grit","floor":3},{"not_picked":["Perfected Strike","Wild Strike"],"picked":"Immolate","floor":7},{"not_picked":["Thunderclap","Clash"],"picked":"Clothesline","floor":11},{"not_picked":["Flex","Clothesline","Clash"],"picked":"SKIP","floor":12},{"not_picked":["Flex","Clothesline"],"picked":"Carnage","floor":13},{"not_picked":["Corruption","Brutality"],"picked":"Battle Trance","floor":14},{"not_picked":["Dark Embrace","Exhume"],"picked":"Demon Form","floor":16},{"not_picked":["Clash","Thunderclap","Corruption"],"picked":"SKIP","floor":18},{"not_picked":["Armaments","Wild Strike"],"picked":"Headbutt","floor":21},{"not_picked":["Warcry","Rupture"],"picked":"Headbutt","floor":22},{"not_picked":["Hemokinesis+1","Blood for Blood","Heavy Blade"],"picked":"SKIP","floor":24},{"not_picked":["Warcry+1","Havoc","Hemokinesis+1"],"picked":"SKIP","floor":27},{"not_picked":["Iron Wave","Heavy Blade","Body Slam"],"picked":"SKIP","floor":29},{"not_picked":["Uppercut","Reckless Charge"],"picked":"True Grit+1","floor":30},{"not_picked":["Iron Wave","Havoc"],"picked":"Barricade","floor":31}],"player_experience":139311,"relics_obtained":[{"floor":9,"key":"Orichalcum"},{"floor":21,"key":"Mummified Hand"},{"floor":21,"key":"Ice Cream"},{"floor":26,"key":"Darkstone Periapt"}],"event_choices":[{"damage_healed":0,"gold_gain":0,"player_choice":"Grow","damage_taken":0,"max_hp_gain":0,"max_hp_loss":0,"event_name":"Living Wall","floor":4,"gold_loss":0,"cards_upgraded":["True Grit"]},{"damage_healed":0,"gold_gain":0,"player_choice":"Fled","damage_taken":12,"max_hp_gain":0,"max_hp_loss":0,"event_name":"Scrap Ooze","floor":8,"gold_loss":0},{"damage_healed":0,"gold_gain":0,"player_choice":"Simplicity","damage_taken":0,"max_hp_gain":0,"max_hp_loss":0,"event_name":"Back to Basics","floor":20,"gold_loss":0,"cards_upgraded":["Strike_R","Strike_R","Strike_R","Strike_R","Defend_R","Defend_R","Defend_R","Defend_R"]},{"damage_healed":0,"gold_gain":0,"player_choice":"Fight","damage_taken":0,"max_hp_gain":0,"max_hp_loss":0,"event_name":"Colosseum","floor":21,"gold_loss":0},{"damage_healed":0,"gold_gain":0,"player_choice":"Fought Nobs","damage_taken":0,"max_hp_gain":0,"max_hp_loss":0,"event_name":"Colosseum","floor":21,"gold_loss":0},{"damage_healed":0,"gold_gain":99,"player_choice":"Stole From Cult","damage_taken":0,"max_hp_gain":0,"max_hp_loss":0,"event_name":"Nest","floor":28,"gold_loss":0}],"is_beta":false,"boss_relics":[{"not_picked":["Philosopher\u0027s Stone","Black Blood"],"picked":"Cursed Key"}],"items_purged_floors":[5],"is_endless":false,"potions_floor_spawned":[1,3,12,13,21,24,30],"killed_by":"Automaton","ascension_level":0}