{"gold_per_floor":[113,126,199,199,374,374,97,125,205,0,13,13,13,39,39,142,142,156,20,20,38,38,38,58,72,72,90,103,103,123,6,6,106,106,122,77,77,77,94,94,111,16,93,93,104,104,115,29,29,29],"floor_reached":50,"playtime":2654,"items_purged":["Doubt","Strike_G"],"score":680,"play_id":"c0a116a7-e2f1-45d4-8aa1-bbac9d077c23","local_time":"20190115145506","is_ascension_mode":true,"campfire_choices":[{"data":"Cloak And Dagger","floor":13,"key":"SMITH"},{"data":"Neutralize","floor":15,"key":"SMITH"},{"data":"jedi:forcepull","floor":23,"key":"SMITH"},{"floor":32,"key":"REST"},{"data":"rat:RuptureArtery","floor":40,"key":"SMITH"},{"data":"rat:Lunge","floor":46,"key":"SMITH"},{"data":"infinitespire:Gouge","floor":49,"key":"SMITH"}],"neow_cost":"NONE","seed_source_timestamp":349008105989101,"circlet_count":0,"master_deck":["Defend_G","Defend_G","Defend_G","Defend_G","Defend_G","Strike_G","Strike_G","Strike_G","Strike_G","Survivor","Neutralize+1","Cloak And Dagger+1","Clumsy","Blade Dance","Blade Dance+1","rat:SilverDagger+1","Adrenaline","Quick Slash","infinitespire:Gouge+1","rat:EchoingStrikes","rat:RuptureArtery","jedi:forcepull+1","rat:Garrote","rat:RuptureArtery+1","Footwork+1","Cloak And Dagger+1","rat:Lunge+1","rat:RuptureArtery","Cloak And Dagger+1","Corpse Explosion+1","strawberrySpire:Slide+1","strawberrySpire:Slide+1","rat:Lunge+1","Flash of Steel","Adrenaline+1","jedi:forcepull+1"],"relics":["Ring of the Serpent","NeowsBlessing","Blue Doll","strawberrySpire:Firefruit","Onion Ring","hubris:MysteriousPyramids","Lee\u0027s Waffle","hubris:KleinBottle","halation:AfternoonTea","Sozu","sagemod:Red_Beast_Statue","Toxic Egg 2","Replay:Accelerometer"],"potions_floor_usage":[33,50,50],"damage_taken":[{"damage":0,"enemies":"2 Louse","floor":1,"turns":1},{"damage":0,"enemies":"Jaw Worm","floor":2,"turns":1},{"damage":8,"enemies":"strawberrySpire:EnergyPylons","floor":8,"turns":1},{"damage":0,"enemies":"Small Slimes","floor":11,"turns":1},{"damage":7,"enemies":"Lagavulin","floor":14,"turns":4},{"damage":53,"enemies":"Fading Forest","floor":16,"turns":11},{"damage":0,"enemies":"2 Thieves","floor":18,"turns":2},{"damage":0,"enemies":"3 Byrds","floor":21,"turns":1},{"damage":0,"enemies":"Centurion and Healer","floor":24,"turns":2},{"damage":0,"enemies":"Cultist and Chosen","floor":25,"turns":3},{"damage":3,"enemies":"Shelled Parasite and Fungi","floor":27,"turns":4},{"damage":8,"enemies":"Centurion and Healer","floor":28,"turns":4},{"damage":16,"enemies":"Snake Plant","floor":30,"turns":3},{"damage":32,"enemies":"Champ","floor":33,"turns":9},{"damage":2,"enemies":"Orb Walker","floor":35,"turns":2},{"damage":0,"enemies":"3 Darklings","floor":39,"turns":1},{"damage":0,"enemies":"Transient","floor":41,"turns":5},{"damage":0,"enemies":"Spire Growth","floor":45,"turns":4},{"damage":0,"enemies":"3 Darklings","floor":47,"turns":3},{"damage":71,"enemies":"hubris:GrandSnecko","floor":50,"turns":18}],"seed_played":"841234902261352479","potions_obtained":[{"floor":1,"key":"Energy Potion"},{"floor":2,"key":"jedi:tentaclejuice"},{"floor":16,"key":"Poison Potion"}],"is_trial":false,"path_per_floor":["M","M","?","?","?","R","$","E","T","$","M","$","R","E","R","B",null,"M","$","?","M","?","R","M","M","T","M","M","?","M","$","R","B",null,"M","$","?","?","M","R","M","$","T","?","M","R","M","$","R","B"],"character_chosen":"THE_SILENT","items_purchased":["Blade Dance","rat:SilverDagger+1","Adrenaline","Lee\u0027s Waffle","hubris:KleinBottle","rat:RuptureArtery","jedi:forcepull","Cloak And Dagger+1","strawberrySpire:Slide+1","Flash of Steel","jedi:forcepull+1"],"campfire_rested":1,"item_purchase_floors":[7,7,7,10,12,19,19,31,36,42,48],"current_hp_per_floor":[63,63,56,56,56,56,56,48,48,77,77,58,58,51,51,16,62,62,62,62,62,62,62,62,62,62,59,51,51,35,35,58,41,68,66,66,66,57,57,57,57,57,57,57,57,57,57,57,57,0],"gold":29,"neow_bonus":"THREE_ENEMY_KILL","is_prod":false,"is_daily":false,"chose_seed":false,"campfire_upgraded":6,"win_rate":0,"timestamp":1547524506,"path_taken":["M","M","?","?","?","R","$","E","T","$","M","?","R","E","R","BOSS","M","$","?","?","?","R","M","M","T","?","M","?","M","$","R","BOSS","M","$","?","?","M","R","M","?","T","?","M","R","?","$","R","BOSS"],"build_version":"2019-01-10","purchased_purges":2,"victory":false,"max_hp_per_floor":[70,70,70,70,70,70,70,70,70,77,77,77,77,77,77,77,77,77,77,77,77,77,77,77,77,77,77,77,77,77,77,77,77,77,77,77,77,77,77,77,77,77,77,77,77,77,77,77,77,77],"card_choices":[{"not_picked":["Hidden Blade","strawberrySpire:Slide"],"picked":"Cloak And Dagger","floor":1},{"not_picked":["rat:DextrousStrike","strawberrySpire:SpinKick","strawberrySpire:Slide"],"picked":"SKIP","floor":2},{"not_picked":["rat:WitheringShackles","rat:AtrophicSteroids"],"picked":"Quick Slash","floor":8},{"not_picked":["Deflect","Sucker Punch","Calculated Gamble"],"picked":"SKIP","floor":11},{"not_picked":["infinitespire:FinalStrike","infinitespire:Virus"],"picked":"infinitespire:Gouge","floor":12},{"not_picked":["Atom Bomb","Deadly Poison"],"picked":"rat:EchoingStrikes","floor":14},{"not_picked":["strawberrySpire:Insectonator+1","Dodge and Roll+1","hubris:SlightOfHand+1"],"picked":"SKIP","floor":18},{"not_picked":["Riddle With Holes","strawberrySpire:Pant+1"],"picked":"rat:Garrote","floor":21},{"not_picked":["Flying Knee","strawberrySpire:Pant"],"picked":"rat:RuptureArtery","floor":24},{"not_picked":["strawberrySpire:Rummage","strawberrySpire:Insectonator+1"],"picked":"Footwork+1","floor":25},{"not_picked":["strawberrySpire:DeltaFlow+1","strawberrySpire:Slide+1"],"picked":"Cloak And Dagger+1","floor":27},{"not_picked":["Fluid Movement","strawberrySpire:Grapple"],"picked":"rat:Lunge","floor":28},{"not_picked":["Caltrops","ReplayTheSpireMod:Exploit Weakness+1"],"picked":"rat:RuptureArtery","floor":30},{"not_picked":["Phantasmal Killer+1","Storm of Steel+1"],"picked":"Corpse Explosion+1","floor":33},{"not_picked":["strawberrySpire:Rummage+1","strawberrySpire:SideSwipe"],"picked":"strawberrySpire:Slide+1","floor":35},{"not_picked":["Deflect+1","InfectiousVector+1","Underhanded Strike"],"picked":"SKIP","floor":39},{"not_picked":["Blur+1","Dodge and Roll+1","strawberrySpire:Momentum+1"],"picked":"SKIP","floor":41},{"not_picked":["rat:Shadowstep+1","Toxin Wave+1"],"picked":"Adrenaline+1","floor":45},{"not_picked":["strawberrySpire:DeltaFlow+1","Finisher","rat:Shadowstep+1"],"picked":"SKIP","floor":47}],"player_experience":768376,"relics_obtained":[{"floor":6,"key":"strawberrySpire:Firefruit"},{"floor":8,"key":"Onion Ring"},{"floor":9,"key":"hubris:MysteriousPyramids"},{"floor":14,"key":"halation:AfternoonTea"},{"floor":26,"key":"Toxic Egg 2"},{"floor":43,"key":"Replay:Accelerometer"}],"event_choices":[{"damage_healed":0,"gold_gain":0,"player_choice":"Success","damage_taken":7,"relics_obtained":["Blue Doll"],"max_hp_gain":0,"max_hp_loss":0,"event_name":"Scrap Ooze","floor":3,"gold_loss":0},{"damage_healed":0,"gold_gain":175,"player_choice":"AGREE","damage_taken":0,"max_hp_gain":0,"max_hp_loss":0,"event_name":"Liars Game","floor":5,"gold_loss":0,"cards_obtained":["Doubt"]},{"damage_healed":0,"gold_gain":0,"player_choice":"Forge","damage_taken":0,"max_hp_gain":0,"max_hp_loss":0,"event_name":"Accursed Blacksmith","floor":44,"gold_loss":0,"cards_upgraded":["rat:Lunge"]}],"is_beta":false,"boss_relics":[{"not_picked":["White Beast Statue","Orrery"],"picked":"Sozu"},{"not_picked":["halation:ForbiddenBikini","hubris:CrackedHourglass"],"picked":"Ring of the Serpent"}],"items_purged_floors":[7,31],"is_endless":false,"potions_floor_spawned":[1,2,16,24,25,28,33,45,47],"killed_by":"hubris:GrandSnecko","ascension_level":8}