{"gold_per_floor":[113,113,128,128,47,47,47,79,79,110,110,122,195,73,73,169,169,185,196,196,212,142,142,169,169,217,217,246,264,264,264,264,367,367,382,382,409,424,443,443,476,476,499,521,533,563,119,136,136,136],"floor_reached":51,"playtime":2824,"items_purged":[],"score":696,"play_id":"03392bb0-0f69-4262-828a-92e1ff2ce26e","local_time":"20190127184343","is_ascension_mode":false,"campfire_choices":[{"data":"Melter","floor":6.0,"key":"SMITH"},{"floor":11.0,"key":"REST"},{"floor":15.0,"key":"REST"},{"data":"Rainbow","floor":23.0,"key":"SMITH"},{"floor":25.0,"key":"REST"},{"data":"Reinforced Body","floor":27.0,"key":"SMITH"},{"floor":30.0,"key":"REST"},{"data":"Sweeping Beam","floor":32.0,"key":"SMITH"},{"floor":40,"key":"REST"},{"floor":49,"key":"REST"}],"neow_cost":"NONE","seed_source_timestamp":0,"circlet_count":0,"master_deck":["Zap","Dualcast","Reinforced Body+1","Melter+1","Defragment+1","Sweeping Beam+1","BootSequence","Melter","Capacitor+1","Sunder","Steam Power","Consume","Rainbow+1","Cold Snap+1","Storm+1","Storm+1","Conserve Battery+1","Jack Of All Trades","Auto Shields","Self Repair+1","Chill"],"special_seed":0,"relics":["Busted Crown","Frozen Egg 2","Blue Candle","Dead Branch","Turnip","Bottled Flame","Pandora\u0027s Box","MutagenicStrength","Dream Catcher","Anchor","Mercury Hourglass","Lizard Tail","Centennial Puzzle","Kunai","MawBank","Lantern","Toy Ornithopter"],"potions_floor_usage":[41,50,50],"damage_taken":[{"damage":2.0,"enemies":"Jaw Worm","floor":1.0,"turns":4.0},{"damage":0.0,"enemies":"Small Slimes","floor":3.0,"turns":3.0},{"damage":13.0,"enemies":"Lagavulin","floor":8.0,"turns":8.0},{"damage":27.0,"enemies":"Gremlin Nob","floor":10.0,"turns":6.0},{"damage":0.0,"enemies":"Cultist","floor":12.0,"turns":3.0},{"damage":28.0,"enemies":"The Guardian","floor":16.0,"turns":11.0},{"damage":0.0,"enemies":"Chosen","floor":18.0,"turns":4.0},{"damage":0.0,"enemies":"Shell Parasite","floor":19.0,"turns":6.0},{"damage":8.0,"enemies":"Snake Plant","floor":21.0,"turns":4.0},{"damage":24.0,"enemies":"Gremlin Leader","floor":24.0,"turns":7.0},{"damage":31.0,"enemies":"Book of Stabbing","floor":28.0,"turns":7.0},{"damage":5.0,"enemies":"Snecko","floor":29.0,"turns":4.0},{"damage":34.0,"enemies":"Champ","floor":33.0,"turns":9.0},{"damage":4.0,"enemies":"3 Darklings","floor":35.0,"turns":4.0},{"damage":0.0,"enemies":"Orb Walker","floor":38.0,"turns":2.0},{"damage":21.0,"enemies":"Spire Growth","floor":39.0,"turns":5.0},{"damage":12,"enemies":"Nemesis","floor":41,"turns":7},{"damage":0,"enemies":"4 Shapes","floor":44,"turns":4},{"damage":16,"enemies":"Jaw Worm Horde","floor":46,"turns":4},{"damage":1,"enemies":"Spire Growth","floor":48,"turns":4},{"damage":41,"enemies":"Donu and Deca","floor":50,"turns":9}],"seed_played":"-6995248838179626827","potions_obtained":[{"floor":1.0,"key":"Strength Potion"},{"floor":10.0,"key":"Explosive Potion"},{"floor":12.0,"key":"Fire Potion"},{"floor":28.0,"key":"EssenceOfSteel"},{"floor":29.0,"key":"Fruit Juice"},{"floor":35.0,"key":"Block Potion"},{"floor":41,"key":"GamblersBrew"}],"is_trial":false,"path_per_floor":["M","?","M","?","$","R","$","E","T","E","R","M","T","$","R","B",null,"M","M","?","M","$","R","E","R","T","R","E","M","R","?","R","B",null,"M","?","T","M","M","R","E","?","T","M","?","M","$","M","R","B",null],"character_chosen":"DEFECT","items_purchased":["Melter","Defragment+1","Sweeping Beam","Storm+1","Auto Shields","Self Repair+1","Lantern","Toy Ornithopter"],"campfire_rested":6,"item_purchase_floors":[5,14,14,22,47,47,47,47],"current_hp_per_floor":[73,66,66,66,66,66,66,53,53,26,48,48,48,48,70,42,75,75,75,75,67,67,67,43,65,65,65,34,34,58,58,58,24,80,76,76,76,76,55,79,67,67,67,67,67,51,51,60,80,59],"gold":136,"neow_bonus":"BOSS_RELIC","is_prod":false,"is_daily":false,"chose_seed":false,"campfire_upgraded":4,"win_rate":0,"timestamp":1548636223,"path_taken":["M","?","M","?","$","R","?","E","T","E","R","?","?","$","R","BOSS","M","M","?","M","$","R","E","R","T","R","E","M","R","?","R","BOSS","M","?","?","M","M","R","E","?","T","M","?","?","$","?","R","BOSS"],"build_version":"2019-01-23","purchased_purges":0,"victory":true,"max_hp_per_floor":[75,75,75,75,75,75,75,75,75,75,75,75,75,75,75,75,75,75,75,75,75,75,75,75,75,75,75,75,80,80,80,80,80,80,80,80,80,80,80,80,80,80,80,80,80,80,80,80,80,80],"card_choices":[{"not_picked":[],"picked":"Reinforced Body","floor":1.0},{"not_picked":["Stack"],"picked":"SKIP","floor":3.0},{"not_picked":["Barrage"],"picked":"SKIP","floor":8.0},{"not_picked":["Force Field"],"picked":"SKIP","floor":10.0},{"not_picked":["Chaos"],"picked":"SKIP","floor":12.0},{"not_picked":["Gash"],"picked":"SKIP","floor":18.0},{"not_picked":["Beam Cell"],"picked":"SKIP","floor":19.0},{"not_picked":[],"picked":"Cold Snap+1","floor":21.0},{"not_picked":[],"picked":"Steam+1","floor":24.0},{"not_picked":["Streamline"],"picked":"SKIP","floor":28.0},{"not_picked":["Turbo"],"picked":"SKIP","floor":29.0},{"not_picked":[],"picked":"Storm+1","floor":30.0},{"not_picked":["Rip and Tear"],"picked":"SKIP","floor":35.0},{"not_picked":[],"picked":"Conserve Battery+1","floor":38.0},{"not_picked":["Blizzard"],"picked":"SKIP","floor":39},{"not_picked":["Cold Snap"],"picked":"SKIP","floor":41},{"not_picked":[],"picked":"Jack Of All Trades","floor":42},{"not_picked":["Sweeping Beam"],"picked":"SKIP","floor":44},{"not_picked":["Skim"],"picked":"SKIP","floor":46},{"not_picked":["Gash"],"picked":"SKIP","floor":48},{"not_picked":[],"picked":"Chill","floor":49}],"player_experience":333528,"relics_obtained":[{"floor":8.0,"key":"Blue Candle"},{"floor":9.0,"key":"Dead Branch"},{"floor":10.0,"key":"Turnip"},{"floor":13.0,"key":"Bottled Flame"},{"floor":24.0,"key":"Dream Catcher"},{"floor":26.0,"key":"Anchor"},{"floor":28.0,"key":"Mercury Hourglass"},{"floor":37.0,"key":"Centennial Puzzle"},{"floor":41,"key":"Kunai"},{"floor":43,"key":"MawBank"}],"event_choices":[{"damage_healed":0.0,"max_hp_gain":0.0,"max_hp_loss":0.0,"gold_gain":0.0,"event_name":"Scrap Ooze","player_choice":"Success","floor":2.0,"gold_loss":0.0,"damage_taken":7.0,"relics_obtained":["Frozen Egg 2"]},{"cards_removed":["Strike_B"],"damage_healed":0.0,"max_hp_gain":0.0,"max_hp_loss":0.0,"gold_gain":0.0,"event_name":"Living Wall","player_choice":"Forget","floor":4.0,"gold_loss":0.0,"damage_taken":0.0},{"damage_healed":0.0,"max_hp_gain":0.0,"max_hp_loss":0.0,"gold_gain":0.0,"event_name":"Drug Dealer","player_choice":"Inject Mutagens","floor":20.0,"gold_loss":0.0,"damage_taken":0.0,"relics_obtained":["MutagenicStrength"]},{"damage_healed":0.0,"max_hp_gain":0.0,"max_hp_loss":0.0,"gold_gain":0.0,"event_name":"Vampires","player_choice":"Ignored","floor":31.0,"gold_loss":0.0,"damage_taken":0.0},{"cards_removed":["Steam"],"damage_healed":0.0,"max_hp_gain":0.0,"max_hp_loss":0.0,"gold_gain":0.0,"event_name":"Falling","player_choice":"Removed Skill","floor":36.0,"gold_loss":0.0,"damage_taken":0.0},{"damage_healed":0,"gold_gain":0,"player_choice":"Memory 1","damage_taken":0,"max_hp_gain":0,"max_hp_loss":0,"event_name":"SensoryStone","floor":42,"gold_loss":0},{"damage_healed":0,"gold_gain":0,"player_choice":"Ignored","damage_taken":0,"max_hp_gain":0,"max_hp_loss":0,"event_name":"Mysterious Sphere","floor":45,"gold_loss":0}],"is_beta":false,"boss_relics":[{"not_picked":["Ectoplasm","Coffee Dripper"],"picked":"Pandora\u0027s Box"},{"not_picked":["Astrolabe","Runic Pyramid"],"picked":"Lizard Tail"}],"items_purged_floors":[],"is_endless":false,"potions_floor_spawned":[1,10,12,18,24,28,29,35,41],"ascension_level":0}