{"gold_per_floor":[116,126,143,65,80,140,140,167,167,178,193,193,58,133,133,238,238,254,269,184,184,195,195,206,206,206,220,220,234,234,7,7,7],"floor_reached":33,"playtime":1589,"items_purged":["Writhe"],"score":259,"play_id":"adbe34ff-8686-4018-95b0-76bba35b2f55","local_time":"20190109021115","is_ascension_mode":false,"campfire_choices":[{"floor":7,"key":"REST"},{"floor":15,"key":"REST"},{"floor":23,"key":"REST"},{"data":"Consume","floor":28,"key":"SMITH"},{"floor":30,"key":"RECALL"},{"floor":32,"key":"REST"}],"neow_cost":"NONE","seed_source_timestamp":40604584331549,"circlet_count":0,"master_deck":["Strike_B","Strike_B","Strike_B","Strike_B","Defend_B","Defend_B","Defend_B","Defend_B","Zap","Dualcast","Cold Snap","Sweeping Beam","Cold Snap","Capacitor","Reinforced Body","Self Repair","Core Surge","Reboot","Coolheaded","Auto Shields+1","RitualDagger","Consume+1","Double Energy","White Noise","Hello World"],"relics":["Cracked Core","Boot","Tiny Chest","Peace Pipe","Bottled Tornado","Sozu","Mummified Hand","Nunchaku","Sundial"],"potions_floor_usage":[6,8,16],"damage_taken":[{"damage":1,"enemies":"Cultist","floor":1,"turns":3},{"damage":1,"enemies":"Jaw Worm","floor":2,"turns":3},{"damage":3,"enemies":"Small Slimes","floor":3,"turns":3},{"damage":5,"enemies":"Blue Slaver","floor":5,"turns":3},{"damage":16,"enemies":"Gremlin Nob","floor":6,"turns":5},{"damage":25,"enemies":"Lagavulin","floor":8,"turns":9},{"damage":0,"enemies":"3 Louse","floor":10,"turns":3},{"damage":10,"enemies":"Large Slime","floor":11,"turns":7},{"damage":19,"enemies":"Hexaghost","floor":16,"turns":12},{"damage":31,"enemies":"2 Thieves","floor":18,"turns":5},{"damage":23,"enemies":"3 Byrds","floor":19,"turns":5},{"damage":5,"enemies":"Snake Plant","floor":22,"turns":5},{"damage":14,"enemies":"Centurion and Healer","floor":24,"turns":11},{"damage":6,"enemies":"Snecko","floor":27,"turns":8},{"damage":13,"enemies":"Snake Plant","floor":29,"turns":5},{"damage":73,"enemies":"Automaton","floor":33,"turns":6}],"seed_played":"1315637974489979523","potions_obtained":[{"floor":2,"key":"EssenceOfSteel"},{"floor":3,"key":"LiquidBronze"},{"floor":5,"key":"Block Potion"},{"floor":16,"key":"Strength Potion"}],"is_trial":false,"path_per_floor":["M","M","M","$","M","E","R","E","T","M","M","T","$","?","R","B",null,"M","M","?","?","M","R","M","?","T","M","R","M","R","$","R","B"],"character_chosen":"DEFECT","items_purchased":["Capacitor","Core Surge","White Noise","Hello World"],"campfire_rested":4,"item_purchase_floors":[4,13,31,31],"current_hp_per_floor":[74,73,70,70,65,49,71,46,46,46,36,36,36,25,47,35,75,51,35,35,29,31,53,46,46,46,47,47,41,41,41,63,0],"gold":7,"neow_bonus":"RANDOM_COMMON_RELIC","is_prod":false,"is_daily":false,"chose_seed":false,"campfire_upgraded":1,"win_rate":0,"timestamp":1546992675,"path_taken":["M","?","M","$","M","E","R","E","T","M","M","?","$","?","R","BOSS","M","M","?","?","M","R","M","?","T","M","R","M","R","$","R","BOSS"],"build_version":"2019-01-03v4","purchased_purges":1,"victory":false,"max_hp_per_floor":[75,75,75,75,75,75,75,75,75,75,75,75,75,75,75,75,75,75,75,75,75,75,75,75,75,75,75,75,75,75,75,75,75],"card_choices":[{"not_picked":["Ball Lightning","Coolheaded"],"picked":"Cold Snap","floor":1},{"not_picked":["Turbo","Rebound"],"picked":"Sweeping Beam","floor":2},{"not_picked":["Gash","Beam Cell"],"picked":"Cold Snap","floor":3},{"not_picked":["Fusion","Recycle","Sweeping Beam"],"picked":"SKIP","floor":5},{"not_picked":["Aggregate","Thunder Strike"],"picked":"Reinforced Body","floor":6},{"not_picked":["Stack","Ball Lightning","Coolheaded"],"picked":"SKIP","floor":8},{"not_picked":["Steam","Conserve Battery","Genetic Algorithm"],"picked":"SKIP","floor":10},{"not_picked":["Leap","Coolheaded"],"picked":"Self Repair","floor":11},{"not_picked":["Fission","Multi-Cast"],"picked":"Reboot","floor":16},{"not_picked":["Go for the Eyes","Rebound"],"picked":"Coolheaded","floor":18},{"not_picked":["Cold Snap","Ball Lightning"],"picked":"Auto Shields+1","floor":19},{"not_picked":["Gash+1","Static Discharge","Undo"],"picked":"SKIP","floor":22},{"not_picked":["Go for the Eyes","Leap"],"picked":"Consume","floor":24},{"not_picked":["Barrage","Go for the Eyes"],"picked":"Double Energy","floor":27},{"not_picked":["Turbo","Go for the Eyes","Heatsinks"],"picked":"SKIP","floor":29}],"player_experience":162758,"relics_obtained":[{"floor":6,"key":"Tiny Chest"},{"floor":8,"key":"Peace Pipe"},{"floor":12,"key":"Bottled Tornado"},{"floor":26,"key":"Sundial"}],"event_choices":[{"damage_healed":0,"gold_gain":75,"player_choice":"Gather Gold","damage_taken":11,"max_hp_gain":0,"max_hp_loss":0,"event_name":"World of Goop","floor":14,"gold_loss":0},{"damage_healed":0,"gold_gain":0,"player_choice":"Obtained Relic","damage_taken":0,"relics_obtained":["Mummified Hand"],"max_hp_gain":0,"max_hp_loss":0,"event_name":"Addict","floor":20,"gold_loss":85},{"damage_healed":0,"gold_gain":0,"player_choice":"Joined the Cult","damage_taken":6,"max_hp_gain":0,"max_hp_loss":0,"event_name":"Nest","floor":21,"gold_loss":0,"cards_obtained":["RitualDagger"]},{"damage_healed":0,"gold_gain":0,"player_choice":"Opened","damage_taken":0,"relics_obtained":["Nunchaku"],"max_hp_gain":0,"max_hp_loss":0,"event_name":"The Mausoleum","floor":25,"gold_loss":0,"cards_obtained":["Writhe"]}],"is_beta":false,"boss_relics":[{"not_picked":["White Beast Statue","Calling Bell"],"picked":"Sozu"}],"items_purged_floors":[31],"is_endless":false,"potions_floor_spawned":[2,3,5,16,22,24],"killed_by":"Automaton","ascension_level":0}