{"gold_per_floor":[112,112,131,131,143,168,186,197,197,197],"floor_reached":10,"playtime":279,"items_purged":[],"score":81,"play_id":"a3e3d089-25df-45ab-8d43-fd1987978db3","local_time":"20190118212735","is_ascension_mode":true,"campfire_choices":[],"neow_cost":"NONE","seed_source_timestamp":686194897569813,"circlet_count":0,"master_deck":["Strike_B","Strike_B","Strike_B","Defend_B","Defend_B","Defend_B","Defend_B","Zap","Dualcast","Biased Cognition","Capacitor","Coolheaded"],"relics":["Cracked Core","NeowsBlessing","Anchor","Bird Faced Urn","Singing Bowl"],"potions_floor_usage":[6,10],"damage_taken":[{"damage":0,"enemies":"Jaw Worm","floor":1,"turns":1},{"damage":0,"enemies":"2 Louse","floor":3,"turns":1},{"damage":0,"enemies":"Cultist","floor":5,"turns":1},{"damage":25,"enemies":"3 Sentries","floor":6,"turns":6},{"damage":11,"enemies":"Looter","floor":7,"turns":3},{"damage":3,"enemies":"3 Louse","floor":8,"turns":3},{"damage":52,"enemies":"Gremlin Nob","floor":10,"turns":5}],"seed_played":"-4247414064377044899","potions_obtained":[{"floor":5,"key":"Explosive Potion"},{"floor":6,"key":"EssenceOfSteel"},{"floor":8,"key":"GamblersBrew"}],"is_trial":false,"path_per_floor":["M","?","M","?","M","E","M","M","T","E"],"character_chosen":"DEFECT","items_purchased":[],"campfire_rested":0,"item_purchase_floors":[],"current_hp_per_floor":[75,68,68,68,68,43,34,35,35,0],"gold":197,"neow_bonus":"THREE_ENEMY_KILL","is_prod":false,"is_daily":false,"chose_seed":false,"campfire_upgraded":0,"win_rate":0,"timestamp":1547859455,"path_taken":["M","?","M","?","?","E","M","M","T","E"],"build_version":"2019-01-17v2","purchased_purges":0,"victory":false,"max_hp_per_floor":[75,75,75,75,75,75,75,75,75,75],"card_choices":[{"not_picked":["Cold Snap","Rip and Tear"],"picked":"Loop","floor":1},{"not_picked":["Cold Snap","Streamline","Skim"],"picked":"SKIP","floor":3},{"not_picked":["Leap","Stack","Scrape"],"picked":"SKIP","floor":5},{"not_picked":["Turbo","Conserve Battery"],"picked":"Biased Cognition","floor":6},{"not_picked":["Genetic Algorithm","Melter"],"picked":"Capacitor","floor":7},{"not_picked":["Hologram","Beam Cell"],"picked":"Coolheaded","floor":8}],"player_experience":171836,"relics_obtained":[{"floor":6,"key":"Bird Faced Urn"},{"floor":9,"key":"Singing Bowl"}],"event_choices":[{"cards_removed":["Strike_B"],"damage_healed":0,"gold_gain":0,"player_choice":"Card Removal","damage_taken":7,"max_hp_gain":0,"max_hp_loss":0,"event_name":"Golden Wing","floor":2,"gold_loss":0},{"cards_removed":["Loop"],"damage_healed":0,"gold_gain":0,"player_choice":"Gave Card","damage_taken":0,"relics_obtained":["Anchor"],"max_hp_gain":0,"max_hp_loss":0,"event_name":"WeMeetAgain","floor":4,"gold_loss":0}],"is_beta":false,"boss_relics":[],"items_purged_floors":[],"is_endless":false,"potions_floor_spawned":[5,6,8],"killed_by":"Gremlin Nob","ascension_level":3}