{"gold_per_floor":[118,293,39,57,57,57,90,90,117,130,144,144,19,54,54,156,156,171,241,256,256,267,299,299,316,316,374,90,124,124,124,124,228,278,288,288,301,233,233,260,275,294,373,388,388,388,414,414,414,414],"floor_reached":51,"playtime":3215,"items_purged":["Strike_B","Doubt"],"score":860,"play_id":"e80487cb-a8c1-4221-ac11-13df766863e0","local_time":"20190112113245","is_ascension_mode":true,"campfire_choices":[{"data":"Genetic Algorithm","floor":6,"key":"SMITH"},{"data":"Blizzard","floor":8,"key":"SMITH"},{"data":"Capacitor","floor":12,"key":"SMITH"},{"data":"Electrodynamics","floor":15,"key":"SMITH"},{"data":"Loop","floor":24,"key":"SMITH"},{"data":"Loop","floor":30,"key":"SMITH"},{"data":"Glacier","floor":32,"key":"SMITH"},{"data":"Defragment","floor":45,"key":"SMITH"},{"data":"Chill","floor":49,"key":"SMITH"}],"neow_cost":"NONE","seed_source_timestamp":3064174512219427,"circlet_count":0,"master_deck":["Strike_B","Strike_B","Strike_B","Defend_B","Defend_B","Defend_B+1","Defend_B+1","Zap","Dualcast+1","Glacier+1","Capacitor+1","Genetic Algorithm+1","Cold Snap","Electrodynamics+1","Chill+1","Blizzard+1","Cold Snap","Redo+1","Fission+1","Redo+1","Hologram+1","Seek+1","Auto Shields+1","Loop+1","Hello World+1","Blizzard+1","Biased Cognition","Defragment+1","Defragment+1","Coolheaded+1","The Bomb+1"],"special_seed":0,"relics":["Cracked Core","Blood Vial","War Paint","Orichalcum","Juzu Bracelet","Toxic Egg 2","Sozu","Molten Egg 2","StoneCalendar","Kunai","Tiny Chest","DataDisk","Blue Candle","Tiny House","Gambling Chip","Cables","Smiling Mask"],"potions_floor_usage":[25],"damage_taken":[{"damage":0.0,"enemies":"Small Slimes","floor":1.0,"turns":3.0},{"damage":0.0,"enemies":"Cultist","floor":4.0,"turns":4.0},{"damage":26,"enemies":"Gremlin Nob","floor":7,"turns":5},{"damage":0,"enemies":"2 Louse","floor":10,"turns":2},{"damage":7,"enemies":"2 Fungi Beasts","floor":11,"turns":3},{"damage":1,"enemies":"3 Sentries","floor":14,"turns":2},{"damage":31,"enemies":"Hexaghost","floor":16,"turns":13},{"damage":1,"enemies":"Shell Parasite","floor":18,"turns":6},{"damage":0,"enemies":"Spheric Guardian","floor":20,"turns":3},{"damage":0,"enemies":"Snake Plant","floor":22,"turns":4},{"damage":9,"enemies":"Book of Stabbing","floor":23,"turns":6},{"damage":0,"enemies":"Chosen and Byrds","floor":25,"turns":5},{"damage":6,"enemies":"Slavers","floor":27,"turns":5},{"damage":7,"enemies":"Book of Stabbing","floor":29,"turns":5},{"damage":18,"enemies":"Champ","floor":33,"turns":12},{"damage":0,"enemies":"Orb Walker","floor":35,"turns":2},{"damage":0,"enemies":"3 Shapes","floor":37,"turns":6},{"damage":0,"enemies":"Giant Head","floor":40,"turns":14},{"damage":0,"enemies":"Sphere and 2 Shapes","floor":41,"turns":5},{"damage":12,"enemies":"Spire Growth","floor":42,"turns":7},{"damage":0,"enemies":"Jaw Worm Horde","floor":44,"turns":4},{"damage":0,"enemies":"Nemesis","floor":47,"turns":10},{"damage":5,"enemies":"Donu and Deca","floor":50,"turns":7}],"seed_played":"-7335210444628759664","potions_obtained":[{"floor":7,"key":"AttackPotion"},{"floor":10,"key":"Swift Potion"},{"floor":14,"key":"Swift Potion"}],"is_trial":false,"path_per_floor":["M","?","$","M","?","R","E","R","T","M","M","R","$","E","R","B",null,"M","T","M","$","M","E","R","M","T","E","$","E","R","?","R","B",null,"M","?","M","$","?","E","M","M","T","M","R","?","E","?","R","B",null],"character_chosen":"DEFECT","items_purchased":["Capacitor","Genetic Algorithm","War Paint","Cold Snap","DataDisk","Loop","Defragment"],"campfire_rested":0,"item_purchase_floors":[3,3,3,13,28,28,38],"current_hp_per_floor":[75,75,75,75,75,75,49,49,49,51,46,46,46,47,47,18,75,74,74,75,75,75,66,66,68,68,64,64,59,59,59,59,43,80,80,76,76,76,76,76,76,64,64,66,66,66,68,68,68,65],"gold":414,"neow_bonus":"RANDOM_COMMON_RELIC","is_prod":false,"is_daily":false,"chose_seed":false,"campfire_upgraded":9,"win_rate":0,"timestamp":1547289165,"path_taken":["M","?","$","M","?","R","E","R","T","M","M","R","$","E","R","BOSS","M","?","M","$","M","E","R","M","T","E","$","E","R","?","R","BOSS","M","?","M","$","?","E","M","M","T","M","R","?","E","?","R","BOSS"],"build_version":"2019-01-10","purchased_purges":2,"victory":true,"max_hp_per_floor":[75,75,75,75,75,75,75,75,75,75,75,75,75,75,75,75,75,75,75,75,75,75,75,75,75,75,75,75,75,75,75,75,75,80,80,76,76,76,76,76,76,76,76,76,76,76,76,76,76,76],"card_choices":[{"not_picked":["Coolheaded","Rebound"],"picked":"Glacier","floor":1.0},{"not_picked":["Self Repair","Reprogram"],"picked":"Cold Snap","floor":4.0},{"not_picked":["Beam Cell","Conserve Battery"],"picked":"Blizzard","floor":7},{"not_picked":["FTL","Storm","Barrage"],"picked":"SKIP","floor":10},{"not_picked":["Steam","Rebound","Sweeping Beam"],"picked":"SKIP","floor":11},{"not_picked":["Steam Power","Electrodynamics"],"picked":"Redo","floor":14},{"not_picked":["Amplify+1","Thunder Strike"],"picked":"Fission+1","floor":16},{"not_picked":["Genetic Algorithm+1","Gash"],"picked":"Redo+1","floor":18},{"not_picked":["Force Field+1","Storm"],"picked":"Hologram+1","floor":20},{"not_picked":["Reprogram+1","Steam+1"],"picked":"Seek+1","floor":22},{"not_picked":["Undo+1","Beam Cell+1"],"picked":"Loop","floor":23},{"not_picked":["Turbo+1","Sweeping Beam+1"],"picked":"Auto Shields+1","floor":25},{"not_picked":["Hello World","Streamline+1","Undo+1"],"picked":"SKIP","floor":27},{"not_picked":["Streamline+1","Gash+1"],"picked":"Hello World+1","floor":29},{"not_picked":["Reboot+1","Hyperbeam+1"],"picked":"Biased Cognition","floor":33},{"not_picked":["Melter+1","Lockon+1","Compile Driver+1"],"picked":"SKIP","floor":35},{"not_picked":["Stack+1","Tempest+1","Barrage+1"],"picked":"SKIP","floor":37},{"not_picked":["Biased Cognition","Go for the Eyes+1","Undo+1"],"picked":"SKIP","floor":40},{"not_picked":["Biased Cognition","Go for the Eyes+1","Undo+1"],"picked":"SKIP","floor":40},{"not_picked":["Turbo+1","Melter+1","Beam Cell+1"],"picked":"SKIP","floor":41},{"not_picked":["Gash+1","Reinforced Body+1"],"picked":"Defragment+1","floor":42},{"not_picked":["Gash+1","Sweeping Beam+1","Darkness+1"],"picked":"SKIP","floor":44},{"not_picked":["Barrage+1","Beam Cell+1"],"picked":"Coolheaded+1","floor":47},{"not_picked":["Dark Shackles+1","Dramatic Entrance+1"],"picked":"The Bomb+1","floor":48}],"player_experience":720010,"relics_obtained":[{"floor":7,"key":"Orichalcum"},{"floor":9,"key":"Juzu Bracelet"},{"floor":14,"key":"Toxic Egg 2"},{"floor":19,"key":"Molten Egg 2"},{"floor":23,"key":"StoneCalendar"},{"floor":26,"key":"Kunai"},{"floor":27,"key":"Tiny Chest"},{"floor":29,"key":"Blue Candle"},{"floor":40,"key":"Gambling Chip"},{"floor":43,"key":"Cables"},{"floor":47,"key":"Smiling Mask"}],"event_choices":[{"damage_healed":0.0,"max_hp_gain":0.0,"max_hp_loss":0.0,"gold_gain":175.0,"event_name":"Liars Game","player_choice":"AGREE","floor":2.0,"gold_loss":0.0,"damage_taken":0.0,"cards_obtained":["Doubt"]},{"damage_healed":0,"gold_gain":0,"player_choice":"2 cards matched","damage_taken":0,"max_hp_gain":0,"max_hp_loss":0,"event_name":"Match and Keep!","floor":5,"gold_loss":0,"cards_obtained":["Electrodynamics","Chill"]},{"damage_healed":0,"gold_gain":0,"player_choice":"Read","damage_taken":0,"max_hp_gain":0,"max_hp_loss":0,"event_name":"The Library","floor":31,"gold_loss":0,"cards_obtained":["Blizzard"]},{"damage_healed":0,"gold_gain":0,"player_choice":"Max HP","damage_taken":0,"max_hp_gain":0,"max_hp_loss":4,"event_name":"Winding Halls","floor":36,"gold_loss":0},{"damage_healed":0,"gold_gain":0,"player_choice":"Ignored","damage_taken":0,"max_hp_gain":0,"max_hp_loss":0,"event_name":"Tomb of Lord Red Mask","floor":39,"gold_loss":0},{"cards_removed":["Loop"],"damage_healed":0,"gold_gain":0,"player_choice":"Removed Power","damage_taken":0,"max_hp_gain":0,"max_hp_loss":0,"event_name":"Falling","floor":46,"gold_loss":0},{"damage_healed":0,"gold_gain":0,"player_choice":"Memory 1","damage_taken":0,"max_hp_gain":0,"max_hp_loss":0,"event_name":"SensoryStone","floor":48,"gold_loss":0}],"is_beta":false,"boss_relics":[{"not_picked":["Philosopher\u0027s Stone","White Beast Statue"],"picked":"Sozu"},{"not_picked":["Orrery","Coffee Dripper"],"picked":"Tiny House"}],"items_purged_floors":[13,28],"is_endless":false,"potions_floor_spawned":[7,10,14,16,22,23,35,44,47],"ascension_level":1}