{"gold_per_floor":[113,113,123,123,123,157,180,208,245,257,269,316,338,377,389,497,509,537,175,192,208,108,108,108],"floor_reached":24,"playtime":695,"items_purged":["Strike_R","Strike_R"],"score":313,"play_id":"e340edfb-429a-4915-9451-3004427f5219","local_time":"20190118205403","is_ascension_mode":true,"campfire_choices":[{"data":"Inflame","floor":10,"key":"SMITH"},{"data":"Dark Embrace","floor":15,"key":"SMITH"},{"data":"Heavy Blade","floor":23,"key":"SMITH"}],"neow_cost":"NONE","seed_source_timestamp":176020420695600,"circlet_count":0,"master_deck":["Strike_R","Strike_R","Defend_R","Defend_R","Defend_R","Defend_R","Bash+1","Inflame+1","Cleave+1","Offering","Disarm","Dark Embrace+1","Demon Form","Heavy Blade+1","Shrug It Off"],"relics":["Burning Blood","NeowsBlessing","MawBank","Anchor","Red Skull","Charon\u0027s Ashes","Coffee Dripper","Kunai"],"potions_floor_usage":[],"damage_taken":[{"damage":0,"enemies":"Small Slimes","floor":1,"turns":1},{"damage":0,"enemies":"Cultist","floor":3,"turns":1},{"damage":0,"enemies":"Lagavulin","floor":6,"turns":1},{"damage":8,"enemies":"2 Louse","floor":7,"turns":2},{"damage":14,"enemies":"Blue Slaver","floor":8,"turns":2},{"damage":38,"enemies":"Gremlin Nob","floor":12,"turns":4},{"damage":1,"enemies":"Exordium Thugs","floor":13,"turns":2},{"damage":16,"enemies":"3 Sentries","floor":14,"turns":4},{"damage":13,"enemies":"Slime Boss","floor":16,"turns":7},{"damage":28,"enemies":"Spheric Guardian","floor":18,"turns":4},{"damage":6,"enemies":"Shell Parasite","floor":20,"turns":2},{"damage":30,"enemies":"Snake Plant","floor":21,"turns":3},{"damage":22,"enemies":"Book of Stabbing","floor":24,"turns":4}],"seed_played":"-6631346022776554717","potions_obtained":[{"floor":3,"key":"Swift Potion"},{"floor":6,"key":"Explosive Potion"},{"floor":7,"key":"Fire Potion"},{"floor":16,"key":"PowerPotion"}],"is_trial":false,"path_per_floor":["M","?","M","?","?","E","M","M","T","R","$","E","M","E","R","B",null,"M","$","M","M","$","R","E"],"character_chosen":"IRONCLAD","items_purchased":["Kunai","Shrug It Off"],"campfire_rested":0,"item_purchase_floors":[19,19],"current_hp_per_floor":[78,78,80,80,80,80,78,70,70,70,70,38,43,33,33,26,67,45,45,45,21,21,21,0],"gold":108,"neow_bonus":"THREE_ENEMY_KILL","is_prod":false,"is_daily":false,"chose_seed":false,"campfire_upgraded":3,"win_rate":0,"timestamp":1547844843,"path_taken":["M","?","?","?","?","E","?","M","T","R","$","E","M","E","R","BOSS","M","$","M","M","$","R","E"],"build_version":"2019-01-17v2","purchased_purges":2,"victory":false,"max_hp_per_floor":[80,80,80,80,80,80,80,80,80,80,80,80,80,80,80,80,80,80,80,80,80,80,80,80],"card_choices":[{"not_picked":["Headbutt","Sever Soul"],"picked":"Inflame","floor":1},{"not_picked":["Burning Pact","Armaments"],"picked":"Cleave","floor":3},{"not_picked":["Clothesline","Corruption"],"picked":"Offering","floor":6},{"not_picked":["Havoc","Combust","Clash"],"picked":"SKIP","floor":7},{"not_picked":["Havoc","Combust","Clash"],"picked":"SKIP","floor":7},{"not_picked":["Thunderclap","Twin Strike","Clash"],"picked":"SKIP","floor":8},{"not_picked":["Perfected Strike","Rage"],"picked":"Disarm","floor":12},{"not_picked":["Perfected Strike","Feel No Pain","Sword Boomerang"],"picked":"SKIP","floor":13},{"not_picked":["Anger","Infernal Blade"],"picked":"Dark Embrace","floor":14},{"not_picked":["Juggernaut","Impervious"],"picked":"Demon Form","floor":16},{"not_picked":["Rage+1","Flex+1"],"picked":"Heavy Blade","floor":18},{"not_picked":["Sword Boomerang","Spot Weakness+1","Evolve"],"picked":"SKIP","floor":20},{"not_picked":["Anger","Havoc","Reckless Charge"],"picked":"SKIP","floor":21}],"player_experience":122012,"relics_obtained":[{"floor":6,"key":"MawBank"},{"floor":9,"key":"Anchor"},{"floor":12,"key":"Red Skull"},{"floor":14,"key":"Charon\u0027s Ashes"}],"event_choices":[{"damage_healed":0,"gold_gain":0,"player_choice":"Upgraded","damage_taken":0,"max_hp_gain":0,"max_hp_loss":0,"event_name":"Upgrade Shrine","floor":2,"gold_loss":0,"cards_upgraded":["Bash"]},{"damage_healed":0,"gold_gain":0,"player_choice":"Grow","damage_taken":0,"max_hp_gain":0,"max_hp_loss":0,"event_name":"Living Wall","floor":4,"gold_loss":0,"cards_upgraded":["Cleave"]},{"cards_removed":["Strike_R"],"damage_healed":0,"gold_gain":0,"player_choice":"Purged","damage_taken":0,"max_hp_gain":0,"max_hp_loss":0,"event_name":"Purifier","floor":5,"gold_loss":0}],"is_beta":false,"boss_relics":[{"not_picked":["Mark of Pain","Orrery"],"picked":"Coffee Dripper"}],"items_purged_floors":[19,22],"is_endless":false,"potions_floor_spawned":[3,6,7,16,21],"killed_by":"Book of Stabbing","ascension_level":6}