{"gold_per_floor":[114,129,129,129,149,149,164,177,177,196,212,212,225,243,243,345,345,361,361,377,397,15,15,15,15,15,30,49,49,49,49,49,49],"floor_reached":33,"playtime":1599,"items_purged":["Writhe"],"score":270,"play_id":"9fc75b59-1fee-45af-8911-a14ec39eca97","local_time":"20190125205141","is_ascension_mode":false,"campfire_choices":[{"data":"Iron Wave","floor":6,"key":"SMITH"},{"data":"Fire Breathing","floor":12,"key":"SMITH"},{"data":"Fire Breathing","floor":15,"key":"SMITH"},{"data":"Fire Breathing","floor":23,"key":"SMITH"},{"data":"Twin Strike","floor":25,"key":"SMITH"},{"data":"Bash","floor":32,"key":"SMITH"}],"neow_cost":"NONE","seed_source_timestamp":179619080071800,"circlet_count":0,"master_deck":["Strike_R+1","Strike_R+1","Strike_R+1","Strike_R+1","Defend_R+1","Defend_R+1","Defend_R+1","Defend_R+1","Bash+1","Shrug It Off","Iron Wave+1","Twin Strike+1","Fire Breathing+1","Seeing Red","Fire Breathing+1","Fire Breathing+1","Fire Breathing+1","Armaments+1","Rage"],"relics":["Burning Blood","Self Forming Clay","Prayer Wheel","Philosopher\u0027s Stone","Torii","Thread and Needle","Bottled Lightning"],"potions_floor_usage":[16,16,31,33,33],"damage_taken":[{"damage":3,"enemies":"Small Slimes","floor":1,"turns":4},{"damage":14,"enemies":"Jaw Worm","floor":2,"turns":6},{"damage":1,"enemies":"Cultist","floor":5,"turns":4},{"damage":9,"enemies":"3 Louse","floor":7,"turns":6},{"damage":14,"enemies":"Large Slime","floor":8,"turns":9},{"damage":0,"enemies":"Blue Slaver","floor":10,"turns":5},{"damage":9,"enemies":"Exordium Thugs","floor":11,"turns":7},{"damage":6,"enemies":"Large Slime","floor":13,"turns":9},{"damage":8,"enemies":"Gremlin Gang","floor":14,"turns":4},{"damage":16,"enemies":"Slime Boss","floor":16,"turns":10},{"damage":6,"enemies":"Chosen","floor":18,"turns":5},{"damage":10,"enemies":"3 Byrds","floor":20,"turns":4},{"damage":9,"enemies":"3 Cultists","floor":21,"turns":5},{"damage":16,"enemies":"Snake Plant","floor":27,"turns":5},{"damage":1,"enemies":"Shelled Parasite and Fungi","floor":28,"turns":7},{"damage":0,"enemies":"Cultist and Chosen","floor":31,"turns":4},{"damage":107,"enemies":"Automaton","floor":33,"turns":12}],"seed_played":"-5055512299841087132","potions_obtained":[{"floor":5,"key":"GamblersBrew"},{"floor":7,"key":"AttackPotion"},{"floor":11,"key":"Ancient Potion"},{"floor":18,"key":"SmokeBomb"},{"floor":20,"key":"SpeedPotion"},{"floor":28,"key":"Strength Potion"}],"is_trial":false,"path_per_floor":["M","M","?","?","M","R","M","M","T","M","M","R","M","M","R","B",null,"M","?","M","M","$","R","?","R","T","M","M","?","$","M","R","B"],"character_chosen":"IRONCLAD","items_purchased":["Thread and Needle"],"campfire_rested":0,"item_purchase_floors":[22],"current_hp_per_floor":[80,72,77,77,82,82,79,71,71,77,74,74,74,72,72,62,85,85,85,81,78,78,78,78,78,78,68,73,73,73,79,79,0],"gold":49,"neow_bonus":"REMOVE_CARD","is_prod":false,"is_daily":false,"chose_seed":false,"campfire_upgraded":6,"win_rate":0,"timestamp":1548478301,"path_taken":["M","M","?","?","M","R","M","M","T","M","?","R","M","M","R","BOSS","M","?","M","M","$","R","?","R","T","M","M","?","?","M","R","BOSS"],"build_version":"2019-01-23","purchased_purges":1,"victory":false,"max_hp_per_floor":[80,80,85,85,85,85,85,85,85,85,85,85,85,85,85,85,85,85,85,85,85,85,85,85,85,85,85,85,85,85,85,85,85],"card_choices":[{"not_picked":["Intimidate","Thunderclap"],"picked":"Shrug It Off","floor":1},{"not_picked":["Thunderclap","Rupture"],"picked":"Iron Wave","floor":2},{"not_picked":["Clash","Sword Boomerang"],"picked":"Iron Wave","floor":5},{"not_picked":["Reaper","Pommel Strike","Anger"],"picked":"SKIP","floor":7},{"not_picked":["Perfected Strike","Pommel Strike"],"picked":"Twin Strike","floor":8},{"not_picked":["Intimidate","True Grit"],"picked":"Fire Breathing","floor":10},{"not_picked":["Thunderclap","Headbutt"],"picked":"Seeing Red","floor":10},{"not_picked":["Iron Wave","Impervious"],"picked":"Fire Breathing","floor":11},{"not_picked":["Whirlwind","Carnage","Havoc"],"picked":"SKIP","floor":11},{"not_picked":["Armaments","Clothesline"],"picked":"Fire Breathing","floor":13},{"not_picked":["Shockwave","Body Slam","Wild Strike"],"picked":"SKIP","floor":13},{"not_picked":["Iron Wave","Searing Blow","Dark Embrace"],"picked":"SKIP","floor":14},{"not_picked":["Corruption","Warcry","Whirlwind"],"picked":"SKIP","floor":14},{"not_picked":["Entrench","Twin Strike"],"picked":"Fire Breathing+1","floor":18},{"not_picked":["Flame Barrier","Pummel","Heavy Blade"],"picked":"SKIP","floor":18},{"not_picked":["Sword Boomerang","Cleave"],"picked":"Armaments+1","floor":20},{"not_picked":["Wild Strike","Sword Boomerang","Evolve"],"picked":"SKIP","floor":20},{"not_picked":["True Grit+1","Heavy Blade","Warcry"],"picked":"SKIP","floor":21},{"not_picked":["Flex+1","Immolate","Feel No Pain"],"picked":"SKIP","floor":21},{"not_picked":["Flex","Pommel Strike","Carnage+1"],"picked":"SKIP","floor":27},{"not_picked":["Sword Boomerang+1","Infernal Blade","Thunderclap+1"],"picked":"SKIP","floor":27},{"not_picked":["Dropkick","Entrench+1","Rage"],"picked":"SKIP","floor":28},{"not_picked":["Heavy Blade","Iron Wave","Evolve"],"picked":"SKIP","floor":28}],"player_experience":62966,"relics_obtained":[{"floor":9,"key":"Prayer Wheel"},{"floor":26,"key":"Bottled Lightning"}],"event_choices":[{"damage_healed":0,"gold_gain":0,"player_choice":"Donut","damage_taken":0,"max_hp_gain":5,"max_hp_loss":0,"event_name":"Big Fish","floor":3,"gold_loss":0},{"cards_removed":["Iron Wave"],"damage_healed":0,"gold_gain":0,"player_choice":"Gave Card","damage_taken":0,"relics_obtained":["Self Forming Clay"],"max_hp_gain":0,"max_hp_loss":0,"event_name":"WeMeetAgain","floor":4,"gold_loss":0},{"damage_healed":0,"gold_gain":0,"player_choice":"Opened","damage_taken":0,"relics_obtained":["Torii"],"max_hp_gain":0,"max_hp_loss":0,"event_name":"The Mausoleum","floor":19,"gold_loss":0,"cards_obtained":["Writhe"]},{"damage_healed":0,"gold_gain":0,"player_choice":"Simplicity","damage_taken":0,"max_hp_gain":0,"max_hp_loss":0,"event_name":"Back to Basics","floor":24,"gold_loss":0,"cards_upgraded":["Strike_R","Strike_R","Strike_R","Strike_R","Defend_R","Defend_R","Defend_R","Defend_R"]},{"damage_healed":0,"gold_gain":0,"player_choice":"Read","damage_taken":0,"max_hp_gain":0,"max_hp_loss":0,"event_name":"The Library","floor":29,"gold_loss":0,"cards_obtained":["Rage"]}],"is_beta":false,"boss_relics":[{"not_picked":["Lizard Tail","White Beast Statue"],"picked":"Philosopher\u0027s Stone"}],"items_purged_floors":[22],"is_endless":false,"potions_floor_spawned":[5,7,11,18,20,28,31],"killed_by":"Automaton","ascension_level":0}