{"gold_per_floor":[17,92,112,129,129,185,185,198,247,172,182,198,216,216,216,216],"floor_reached":16,"playtime":1410,"items_purged":["Strike_R"],"score":104,"play_id":"742ed949-1e2c-4b8d-ba3a-a03cc21e04ce","local_time":"20190201203110","is_ascension_mode":false,"campfire_choices":[{"floor":15,"key":"REST"}],"neow_cost":"NO_GOLD","seed_source_timestamp":257656597418820,"circlet_count":0,"master_deck":["Strike_R","Strike_R","Strike_R","Defend_R","Defend_R","Defend_R","Bash","Carnage","Uppercut"],"relics":["Burning Blood","Thread and Needle","Tiny Chest","Gremlin Horn","Dream Catcher"],"potions_floor_usage":[16,16,16],"damage_taken":[{"damage":7,"enemies":"Small Slimes","floor":1,"turns":5},{"damage":6,"enemies":"Jaw Worm","floor":3,"turns":2},{"damage":1,"enemies":"Cultist","floor":4,"turns":3},{"damage":45,"enemies":"Lagavulin","floor":6,"turns":8},{"damage":1,"enemies":"Looter","floor":8,"turns":2},{"damage":4,"enemies":"Red Slaver","floor":11,"turns":3},{"damage":3,"enemies":"Exordium Thugs","floor":12,"turns":4},{"damage":12,"enemies":"Large Slime","floor":13,"turns":6},{"damage":53,"enemies":"Slime Boss","floor":16,"turns":12}],"seed_played":"-6462577998421884994","potions_obtained":[{"floor":1,"key":"SpeedPotion"},{"floor":4,"key":"EssenceOfSteel"},{"floor":6,"key":"Block Potion"},{"floor":12,"key":"Strength Potion"},{"floor":13,"key":"LiquidBronze"}],"is_trial":false,"path_per_floor":["M","?","M","M","?","E","T","M","T","$","M","M","M","?","R","B"],"character_chosen":"IRONCLAD","items_purchased":[],"campfire_rested":1,"item_purchase_floors":[],"current_hp_per_floor":[79,68,68,73,70,31,31,36,36,36,38,41,35,35,59,6],"gold":216,"neow_bonus":"REMOVE_TWO","is_prod":false,"is_daily":false,"chose_seed":false,"campfire_upgraded":0,"win_rate":0,"timestamp":1549065670,"path_taken":["M","?","M","M","?","E","?","M","T","$","M","M","?","?","R","BOSS"],"build_version":"2019-01-23","purchased_purges":1,"victory":false,"max_hp_per_floor":[80,80,80,80,80,80,80,80,80,80,80,80,80,80,80,80],"card_choices":[{"not_picked":["True Grit","Burning Pact"],"picked":"Carnage","floor":1},{"not_picked":["Pummel","Cleave","Headbutt"],"picked":"SKIP","floor":3},{"not_picked":["Pummel","Sever Soul","Clothesline"],"picked":"SKIP","floor":4},{"not_picked":["Second Wind","Sword Boomerang","Anger"],"picked":"SKIP","floor":6},{"not_picked":["Pummel","Armaments","Barricade"],"picked":"SKIP","floor":8},{"not_picked":["Iron Wave","Dropkick","Dual Wield"],"picked":"SKIP","floor":11},{"not_picked":["Thunderclap","Perfected Strike","Heavy Blade"],"picked":"SKIP","floor":12},{"not_picked":["Rage","Heavy Blade"],"picked":"Uppercut","floor":13}],"player_experience":304142,"relics_obtained":[{"floor":6,"key":"Tiny Chest"},{"floor":7,"key":"Gremlin Horn"},{"floor":9,"key":"Dream Catcher"}],"event_choices":[{"damage_healed":0,"gold_gain":75,"player_choice":"Gather Gold","damage_taken":11,"max_hp_gain":0,"max_hp_loss":0,"event_name":"World of Goop","floor":2,"gold_loss":0},{"damage_healed":0,"gold_gain":0,"player_choice":"Success","damage_taken":3,"relics_obtained":["Thread and Needle"],"max_hp_gain":0,"max_hp_loss":0,"event_name":"Scrap Ooze","floor":5,"gold_loss":0},{"damage_healed":0,"gold_gain":0,"player_choice":"0 cards matched","damage_taken":0,"max_hp_gain":0,"max_hp_loss":0,"event_name":"Match and Keep!","floor":14,"gold_loss":0,"cards_obtained":[]}],"is_beta":false,"boss_relics":[],"items_purged_floors":[10],"is_endless":false,"potions_floor_spawned":[1,4,6,12,13],"killed_by":"Slime Boss","ascension_level":0}