{"gold_per_floor":[113,113,124,140,140,166,180,180,180,215,235,255,255,255,255,354,354,368,368,402,402,419,451,451,451,481,181,181,195,294,311,311,411,411,423,645,645,645,663,663,698,723,749,530,547,547,43,56,56,56],"floor_reached":51,"playtime":2439,"items_purged":["Strike_R"],"score":853,"play_id":"1ee289ef-4be3-4a0c-8425-ebefa84531c6","local_time":"20190130202125","is_ascension_mode":false,"campfire_choices":[{"floor":8,"key":"REST"},{"data":"Body Slam","floor":15,"key":"SMITH"},{"data":"Clothesline","floor":24,"key":"SMITH"},{"data":"Magnetism","floor":32,"key":"SMITH"},{"data":"Barricade","floor":40,"key":"SMITH"},{"data":"Defend_R","floor":46,"key":"SMITH"},{"data":"Defend_R","floor":49,"key":"SMITH"}],"neow_cost":"NONE","seed_source_timestamp":608963032242000,"circlet_count":0,"master_deck":["Strike_R+1","Defend_R+1","Defend_R+1","Defend_R+1","Defend_R+1","Bash","Body Slam+1","Metamorphosis+1","True Grit+1","Havoc+1","Sentinel+1","Ghostly Armor+1","Shockwave+1","Exhume+1","Battle Trance+1","Shrug It Off+1","Clothesline+1","Flame Barrier+1","Magnetism+1","Shrug It Off+1","Barricade+1","Disarm+1","The Bomb+1","Parasite"],"relics":["Burning Blood","Toxic Egg 2","Meat on the Bone","Lantern","Magic Flower","Philosopher\u0027s Stone","Red Mask","Mango","Tiny Chest","Shuriken","Busted Crown","Boot","Mercury Hourglass","Strawberry","War Paint","Ice Cream","Lee\u0027s Waffle"],"potions_floor_usage":[23,29,33,41,45,50],"damage_taken":[{"damage":7,"enemies":"Small Slimes","floor":1,"turns":6},{"damage":1,"enemies":"Jaw Worm","floor":3,"turns":4},{"damage":6,"enemies":"Cultist","floor":4,"turns":3},{"damage":8,"enemies":"Lagavulin","floor":6,"turns":5},{"damage":18,"enemies":"Exordium Thugs","floor":7,"turns":4},{"damage":45,"enemies":"3 Sentries","floor":10,"turns":7},{"damage":0,"enemies":"3 Louse","floor":11,"turns":4},{"damage":7,"enemies":"2 Fungi Beasts","floor":12,"turns":3},{"damage":19,"enemies":"The Guardian","floor":16,"turns":9},{"damage":7,"enemies":"3 Byrds","floor":18,"turns":4},{"damage":25,"enemies":"Masked Bandits","floor":20,"turns":5},{"damage":3,"enemies":"Chosen","floor":22,"turns":3},{"damage":15,"enemies":"Book of Stabbing","floor":23,"turns":5},{"damage":14,"enemies":"3 Cultists","floor":29,"turns":5},{"damage":26,"enemies":"Snecko","floor":31,"turns":5},{"damage":58,"enemies":"Automaton","floor":33,"turns":10},{"damage":26,"enemies":"3 Shapes","floor":35,"turns":5},{"damage":3,"enemies":"3 Darklings","floor":39,"turns":7},{"damage":68,"enemies":"Reptomancer","floor":41,"turns":6},{"damage":0,"enemies":"Maw","floor":45,"turns":8},{"damage":3,"enemies":"Writhing Mass","floor":48,"turns":7},{"damage":0,"enemies":"Time Eater","floor":50,"turns":11}],"seed_played":"6247225135714225947","potions_obtained":[{"floor":1,"key":"EssenceOfSteel"},{"floor":4,"key":"FairyPotion"},{"floor":10,"key":"Block Potion"},{"floor":18,"key":"BloodPotion"},{"floor":25,"key":"SkillPotion"},{"floor":33,"key":"LiquidBronze"},{"floor":41,"key":"Regen Potion"},{"floor":48,"key":"Regen Potion"}],"is_trial":false,"path_per_floor":["M","?","M","M","?","E","M","R","T","E","M","M","T","?","R","B",null,"M","?","?","?","M","E","R","?","T","$","T","M","?","M","R","B",null,"M","?","?","T","M","R","E","T","T","$","M","R","$","M","R","B",null],"character_chosen":"IRONCLAD","items_purchased":["Magnetism","Shrug It Off+1","The Bomb+1","PowerPotion","Ice Cream","Lee\u0027s Waffle"],"campfire_rested":1,"item_purchase_floors":[27,27,44,44,47,47],"current_hp_per_floor":[79,63,68,68,68,66,54,78,78,51,57,56,56,56,56,64,80,80,80,64,64,70,78,78,78,78,78,78,87,87,70,70,39,94,77,77,77,77,83,83,42,49,49,49,82,82,108,108,108,108],"gold":56,"neow_bonus":"REMOVE_CARD","is_prod":false,"is_daily":false,"chose_seed":false,"campfire_upgraded":6,"win_rate":0,"timestamp":1548908485,"path_taken":["M","?","M","M","?","E","?","R","T","E","M","M","?","?","R","BOSS","M","?","?","?","?","E","R","?","T","$","?","?","?","M","R","BOSS","M","?","?","?","?","R","E","?","T","?","M","R","$","M","R","BOSS"],"build_version":"2019-01-23","purchased_purges":1,"victory":true,"max_hp_per_floor":[80,80,80,80,80,80,80,80,80,80,80,80,80,80,80,80,80,80,80,80,80,80,94,94,94,94,94,94,94,94,94,94,94,94,94,94,94,94,94,94,94,101,101,101,101,101,108,108,108,108],"card_choices":[{"not_picked":["Corruption","Sword Boomerang","Anger"],"picked":"SKIP","floor":1},{"not_picked":["Reckless Charge","Sword Boomerang"],"picked":"Body Slam","floor":3},{"not_picked":["Cleave","Infernal Blade"],"picked":"Barricade","floor":4},{"not_picked":["Rampage","Reckless Charge"],"picked":"True Grit","floor":6},{"not_picked":["Intimidate+1","Anger"],"picked":"Havoc+1","floor":7},{"not_picked":["Infernal Blade+1","Anger"],"picked":"Sentinel+1","floor":10},{"not_picked":["Perfected Strike","Warcry+1"],"picked":"Ghostly Armor+1","floor":11},{"not_picked":["Thunderclap","Perfected Strike"],"picked":"Shockwave+1","floor":12},{"not_picked":["Reaper","Berserk"],"picked":"Exhume+1","floor":16},{"not_picked":["Iron Wave+1","Twin Strike"],"picked":"Battle Trance+1","floor":18},{"not_picked":["Shockwave+1","Headbutt"],"picked":"Shrug It Off+1","floor":20},{"not_picked":["Entrench+1","Perfected Strike","Shockwave+1"],"picked":"SKIP","floor":22},{"not_picked":["Flex+1","Perfected Strike"],"picked":"Flame Barrier+1","floor":23},{"not_picked":["True Grit+1","Twin Strike","Clothesline"],"picked":"SKIP","floor":29},{"not_picked":["Clothesline","Anger","Dark Embrace"],"picked":"SKIP","floor":31},{"not_picked":["Bludgeon","Fiend Fire"],"picked":"Barricade","floor":33},{"not_picked":["True Grit+1"],"picked":"SKIP","floor":35},{"not_picked":["Blood for Blood"],"picked":"SKIP","floor":39},{"not_picked":[],"picked":"Disarm+1","floor":41},{"not_picked":["Clothesline+1"],"picked":"SKIP","floor":45},{"not_picked":["Combust+1"],"picked":"SKIP","floor":48}],"player_experience":76711,"relics_obtained":[{"floor":6,"key":"Toxic Egg 2"},{"floor":9,"key":"Meat on the Bone"},{"floor":10,"key":"Lantern"},{"floor":13,"key":"Magic Flower"},{"floor":20,"key":"Red Mask"},{"floor":23,"key":"Mango"},{"floor":26,"key":"Tiny Chest"},{"floor":28,"key":"Shuriken"},{"floor":38,"key":"Boot"},{"floor":41,"key":"Mercury Hourglass"},{"floor":42,"key":"Strawberry"},{"floor":43,"key":"War Paint"}],"event_choices":[{"damage_healed":0,"gold_gain":0,"player_choice":"Entered Light","damage_taken":16,"max_hp_gain":0,"max_hp_loss":0,"event_name":"Shining Light","floor":2,"gold_loss":0,"cards_upgraded":["Strike_R","Strike_R"]},{"cards_removed":["Barricade"],"damage_healed":0,"gold_gain":0,"player_choice":"Took Card","damage_taken":0,"max_hp_gain":0,"max_hp_loss":0,"event_name":"NoteForYourself","floor":5,"gold_loss":0,"cards_obtained":["Metamorphosis"]},{"damage_healed":0,"gold_gain":0,"player_choice":"Ignored","damage_taken":0,"max_hp_gain":0,"max_hp_loss":0,"event_name":"Liars Game","floor":14,"gold_loss":0},{"damage_healed":0,"gold_gain":0,"player_choice":"Ignored","damage_taken":0,"max_hp_gain":0,"max_hp_loss":0,"event_name":"Ghosts","floor":19,"gold_loss":0},{"damage_healed":0,"gold_gain":0,"player_choice":"Fought Bandits","damage_taken":0,"max_hp_gain":0,"max_hp_loss":0,"event_name":"Masked Bandits","floor":20,"gold_loss":0},{"damage_healed":0,"gold_gain":0,"cards_transformed":["Strike_R"],"player_choice":"Transformed","damage_taken":0,"max_hp_gain":0,"max_hp_loss":0,"event_name":"Transmorgrifier","floor":21,"gold_loss":0,"cards_obtained":["Clothesline"]},{"damage_healed":0,"gold_gain":0,"player_choice":"Got Potions","damage_taken":0,"max_hp_gain":0,"max_hp_loss":0,"event_name":"Lab","floor":25,"gold_loss":0},{"damage_healed":0,"gold_gain":99,"player_choice":"Stole From Cult","damage_taken":0,"max_hp_gain":0,"max_hp_loss":0,"event_name":"Nest","floor":30,"gold_loss":0},{"damage_healed":0,"gold_gain":222,"player_choice":"Wore Mask","damage_taken":0,"max_hp_gain":0,"max_hp_loss":0,"event_name":"Tomb of Lord Red Mask","floor":36,"gold_loss":0},{"cards_removed":["Strike_R"],"damage_healed":0,"gold_gain":0,"player_choice":"Removed Attack","damage_taken":0,"max_hp_gain":0,"max_hp_loss":0,"event_name":"Falling","floor":37,"gold_loss":0}],"is_beta":false,"boss_relics":[{"not_picked":["Runic Cube","Fusion Hammer"],"picked":"Philosopher\u0027s Stone"},{"not_picked":["Empty Cage","Black Star"],"picked":"Busted Crown"}],"items_purged_floors":[27],"is_endless":false,"potions_floor_spawned":[1,4,10,18,22,33,41,48],"ascension_level":0}