{"gold_per_floor":[109,109,109,128,145,145,157,183,183,203,213,62,62,76,76,180,180,190,201,211,211,223,223,236,236,307,327,338,338,350,370,370,370],"floor_reached":33,"playtime":3451,"items_purged":["Rupture"],"score":257,"play_id":"e778f2df-39e1-409e-a6f4-3695d27194b6","local_time":"20180722165143","is_ascension_mode":false,"campfire_choices":[{"data":"Rampage","floor":6.0,"key":"SMITH"},{"floor":13.0,"key":"REST"},{"data":"Armaments","floor":15.0,"key":"SMITH"},{"data":"Berserk","floor":23.0,"key":"SMITH"},{"floor":25.0,"key":"REST"},{"floor":29,"key":"REST"},{"floor":32,"key":"REST"}],"neow_cost":"NONE","seed_source_timestamp":0,"circlet_count":0,"master_deck":["Strike_R","Strike_R","Strike_R","Strike_R","Strike_R","Defend_R","Defend_R","Defend_R","Defend_R","Bash+1","Cleave","Rampage+1","Armaments+1","Iron Wave","Iron Wave","Inflame","Barricade","Metallicize","Berserk+1","Battle Trance+1","Shrug It Off","Shrug It Off"],"special_seed":0,"relics":["Burning Blood","Dodecahedron","Calipers","Lizard Tail","Matryoshka"],"potions_floor_usage":[27,27,30,31],"damage_taken":[{"damage":8.0,"enemies":"2 Louse","floor":1.0,"turns":3.0},{"damage":5.0,"enemies":"Small Slimes","floor":4.0,"turns":4.0},{"damage":1.0,"enemies":"Cultist","floor":5.0,"turns":3.0},{"damage":12.0,"enemies":"Exordium Wildlife","floor":7.0,"turns":4.0},{"damage":49.0,"enemies":"Lagavulin","floor":8.0,"turns":7.0},{"damage":12.0,"enemies":"Looter","floor":10.0,"turns":4.0},{"damage":4.0,"enemies":"3 Louse","floor":11.0,"turns":4.0},{"damage":0.0,"enemies":"Blue Slaver","floor":14.0,"turns":4.0},{"damage":54.0,"enemies":"Hexaghost","floor":16.0,"turns":11.0},{"damage":7.0,"enemies":"Shell Parasite","floor":18.0,"turns":10.0},{"damage":28.0,"enemies":"2 Thieves","floor":19.0,"turns":5.0},{"damage":20.0,"enemies":"Snecko","floor":20.0,"turns":8.0},{"damage":18.0,"enemies":"Centurion and Healer","floor":22.0,"turns":11.0},{"damage":58.0,"enemies":"Cultist and Chosen","floor":24.0,"turns":8.0},{"damage":57,"enemies":"Sentry and Sphere","floor":27,"turns":11},{"damage":31,"enemies":"Snake Plant","floor":28,"turns":7},{"damage":13,"enemies":"Centurion and Healer","floor":30,"turns":8},{"damage":23,"enemies":"Sentry and Sphere","floor":31,"turns":8},{"damage":64,"enemies":"Collector","floor":33,"turns":5}],"seed_played":"9066994933889498331","potions_obtained":[{"floor":7.0,"key":"Block Potion"},{"floor":8.0,"key":"SteroidPotion"},{"floor":10.0,"key":"SteroidPotion"},{"floor":16.0,"key":"LiquidBronze"},{"floor":22.0,"key":"SkillPotion"},{"floor":24.0,"key":"BloodPotion"},{"floor":28,"key":"PowerPotion"},{"floor":30,"key":"LiquidBronze"}],"is_trial":false,"path_per_floor":["M","?","?","M","M","R","M","E","T","M","M","$","R","M","R","B",null,"M","M","M","?","M","R","M","R","T","M","M","R","M","M","R"],"character_chosen":"IRONCLAD","items_purchased":["Inflame"],"campfire_rested":4,"item_purchase_floors":[12],"current_hp_per_floor":[86,91,91,92,93,93,87,44,44,38,40,40,67,73,73,25,93,92,70,56,87,75,75,23,50,50,8,34,61,54,37,64,0],"gold":370,"neow_bonus":"TEN_PERCENT_HP_BONUS","is_prod":false,"is_daily":false,"chose_seed":false,"campfire_upgraded":3,"win_rate":0.0,"timestamp":1532271103,"path_taken":["M","?","?","M","M","R","M","E","T","M","M","$","R","M","R","BOSS","M","M","M","?","M","R","M","R","T","?","M","R","M","M","R","BOSS"],"build_version":"2018-07-19v2","purchased_purges":1,"victory":false,"max_hp_per_floor":[88,93,93,93,93,93,93,93,93,93,93,93,93,93,93,93,93,93,93,93,93,93,93,93,93,93,93,93,93,93,93,93,93],"card_choices":[{"not_picked":["Clash","Thunderclap"],"picked":"Cleave","floor":1.0},{"not_picked":["Pummel","Second Wind"],"picked":"Rampage","floor":4.0},{"not_picked":["Bloodletting","Cleave","Heavy Blade"],"picked":"SKIP","floor":5.0},{"not_picked":["Feel No Pain","Warcry"],"picked":"Armaments","floor":7.0},{"not_picked":["Burning Pact","Headbutt"],"picked":"Rupture","floor":8.0},{"not_picked":["Armaments","Thunderclap"],"picked":"Iron Wave","floor":10.0},{"not_picked":["Dropkick","Wild Strike"],"picked":"Iron Wave","floor":11.0},{"not_picked":["Thunderclap","Flame Barrier","True Grit"],"picked":"SKIP","floor":14.0},{"not_picked":["Feed","Reaper"],"picked":"Barricade","floor":16.0},{"not_picked":["Warcry+1","Cleave","Wild Strike"],"picked":"SKIP","floor":18.0},{"not_picked":["Headbutt+1","Sword Boomerang","Clash"],"picked":"SKIP","floor":19.0},{"not_picked":["Perfected Strike+1","Twin Strike"],"picked":"Metallicize","floor":20.0},{"not_picked":["Cleave","Headbutt"],"picked":"Berserk","floor":22.0},{"not_picked":["Dropkick","Body Slam","Pommel Strike"],"picked":"SKIP","floor":24.0},{"not_picked":["Shockwave","Headbutt","Clash"],"picked":"SKIP","floor":27},{"not_picked":["Warcry","Wild Strike"],"picked":"Battle Trance+1","floor":28},{"not_picked":["Headbutt","Fiend Fire"],"picked":"Shrug It Off","floor":30},{"not_picked":["Wild Strike","Body Slam"],"picked":"Shrug It Off","floor":31}],"player_experience":38804,"relics_obtained":[{"floor":8.0,"key":"Dodecahedron"},{"floor":9.0,"key":"Calipers"},{"floor":26.0,"key":"Matryoshka"}],"event_choices":[{"event_name":"Big Fish","player_choice":"Donut","floor":2.0,"damage_taken":0.0},{"event_name":"Living Wall","player_choice":"Grow","floor":3.0,"damage_taken":0.0},{"event_name":"The Library","player_choice":"Heal","floor":21.0,"damage_taken":0.0}],"is_beta":false,"boss_relics":[{"not_picked":["Cursed Key","Ectoplasm"],"picked":"Lizard Tail"}],"items_purged_floors":[12],"is_endless":false,"potions_floor_spawned":[7,8,10,14,16,22,24,28,30],"killed_by":"Collector","ascension_level":0}