{"gold_per_floor":[111,111,124,49,49,79,98,126,151,151],"floor_reached":10,"playtime":340,"items_purged":["Zap"],"score":111,"play_id":"a8d4262a-3845-49e8-bdeb-6a927f62e8e1","local_time":"20181229130244","is_ascension_mode":true,"campfire_choices":[],"neow_cost":"NONE","seed_source_timestamp":657231933033955,"circlet_count":0,"master_deck":["Strike_B","Strike_B+1","Strike_B","Strike_B","Defend_B+1","Defend_B","Defend_B","Defend_B","Dualcast","Gash","Go for the Eyes","Self Repair"],"relics":["Cracked Core","NeowsBlessing","Boot","Potion Belt","Smiling Mask","Centennial Puzzle"],"potions_floor_usage":[],"damage_taken":[{"damage":0,"enemies":"Cultist","floor":1,"turns":1},{"damage":0,"enemies":"2 Louse","floor":3,"turns":1},{"damage":0,"enemies":"3 Sentries","floor":6,"turns":1},{"damage":0,"enemies":"Jaw Worm","floor":7,"turns":2},{"damage":38,"enemies":"Lagavulin","floor":8,"turns":9},{"damage":49,"enemies":"Gremlin Nob","floor":10,"turns":4}],"seed_played":"5018378807262007470","potions_obtained":[],"is_trial":false,"path_per_floor":["M","?","M","$","?","E","M","E","T","E"],"character_chosen":"DEFECT","items_purchased":[],"campfire_rested":0,"item_purchase_floors":[],"current_hp_per_floor":[75,75,75,75,60,60,60,22,22,0],"gold":151,"neow_bonus":"THREE_ENEMY_KILL","is_prod":false,"is_daily":false,"chose_seed":false,"campfire_upgraded":0,"win_rate":0,"timestamp":1546101164,"path_taken":["M","?","?","$","?","E","M","E","T","E"],"build_version":"2018-12-20","purchased_purges":1,"victory":false,"max_hp_per_floor":[75,75,75,75,75,75,75,75,75,75],"card_choices":[{"not_picked":["Rebound","Rip and Tear"],"picked":"Ball Lightning","floor":1},{"not_picked":["Conserve Battery","Redo"],"picked":"Gash","floor":3},{"not_picked":["Doom and Gloom","Glacier","FTL"],"picked":"SKIP","floor":6},{"not_picked":["Undo","Recycle"],"picked":"Go for the Eyes","floor":7},{"not_picked":["Doom and Gloom","Streamline"],"picked":"Self Repair","floor":8}],"player_experience":96243,"relics_obtained":[{"floor":6,"key":"Potion Belt"},{"floor":8,"key":"Smiling Mask"},{"floor":9,"key":"Centennial Puzzle"}],"event_choices":[{"cards_removed":["Ball Lightning"],"damage_healed":0,"gold_gain":0,"player_choice":"Gave Card","damage_taken":0,"relics_obtained":["Boot"],"max_hp_gain":0,"max_hp_loss":0,"event_name":"WeMeetAgain","floor":2,"gold_loss":0},{"damage_healed":0,"gold_gain":0,"player_choice":"Entered Light","damage_taken":15,"max_hp_gain":0,"max_hp_loss":0,"event_name":"Shining Light","floor":5,"gold_loss":0,"cards_upgraded":["Defend_B","Strike_B"]}],"is_beta":false,"boss_relics":[],"items_purged_floors":[4],"is_endless":false,"potions_floor_spawned":[],"killed_by":"Gremlin Nob","ascension_level":2}