{"gold_per_floor":[10,10,10,30,42,69,69,96,96,21,38,64,64,74,74,179,229,240,259,259,259,272,306,306,306,330,330,330,330,230,246,246,246],"floor_reached":33,"playtime":963,"items_purged":["Defend_R","Defend_R"],"score":298,"play_id":"58a0c38a-03e1-4906-866b-a3f38b813098","local_time":"20190130190600","is_ascension_mode":false,"campfire_choices":[{"data":"Shrug It Off","floor":15,"key":"SMITH"},{"data":"Pommel Strike","floor":24,"key":"SMITH"},{"data":"Bash","floor":27,"key":"SMITH"},{"data":"Defend_R","floor":32,"key":"SMITH"}],"neow_cost":"NO_GOLD","seed_source_timestamp":80193590073426,"circlet_count":0,"master_deck":["Strike_R+1","Defend_R","Defend_R+1","Bash+1","Pommel Strike+1","Whirlwind+1","Shrug It Off+1","Feed+1","Pommel Strike+1"],"relics":["Burning Blood","Red Skull","Matryoshka","Blood Vial","Bag of Marbles","Gremlin Horn","Boot","Tiny House","Strawberry","Orichalcum","Bag of Preparation","Paper Frog"],"potions_floor_usage":[22,33,33,33],"damage_taken":[{"damage":2,"enemies":"Small Slimes","floor":1,"turns":5},{"damage":0,"enemies":"Cultist","floor":4,"turns":3},{"damage":3,"enemies":"Jaw Worm","floor":5,"turns":3},{"damage":28,"enemies":"Lagavulin","floor":6,"turns":8},{"damage":19,"enemies":"3 Sentries","floor":8,"turns":5},{"damage":0,"enemies":"Blue Slaver","floor":11,"turns":1},{"damage":0,"enemies":"Large Slime","floor":14,"turns":3},{"damage":32,"enemies":"The Guardian","floor":16,"turns":12},{"damage":25,"enemies":"Spheric Guardian","floor":18,"turns":6},{"damage":0,"enemies":"3 Byrds","floor":19,"turns":2},{"damage":3,"enemies":"Snecko","floor":22,"turns":4},{"damage":14,"enemies":"Gremlin Leader","floor":23,"turns":6},{"damage":0,"enemies":"3 Cultists","floor":31,"turns":2},{"damage":96,"enemies":"Champ","floor":33,"turns":12}],"seed_played":"-4581631687389339205","potions_obtained":[{"floor":4,"key":"SteroidPotion"},{"floor":6,"key":"EssenceOfSteel"},{"floor":16,"key":"Poison Potion"},{"floor":17,"key":"SkillPotion"},{"floor":23,"key":"Fire Potion"}],"is_trial":false,"path_per_floor":["M","?","?","M","M","E","?","E","T","$","M","T","$","M","R","B",null,"M","M","?","?","M","E","R","?","T","R","T","?","$","M","R","B"],"character_chosen":"IRONCLAD","items_purchased":[],"campfire_rested":0,"item_purchase_floors":[],"current_hp_per_floor":[80,80,80,80,80,58,51,38,38,38,46,46,46,54,54,30,85,70,82,82,89,94,92,92,92,92,92,92,92,92,104,104,10],"gold":246,"neow_bonus":"TRANSFORM_TWO_CARDS","is_prod":false,"is_daily":false,"chose_seed":false,"campfire_upgraded":4,"win_rate":0,"timestamp":1548887760,"path_taken":["M","?","?","M","?","E","?","E","T","$","M","?","$","M","R","BOSS","M","M","?","?","?","E","R","?","T","R","?","?","$","?","R","BOSS"],"build_version":"2019-01-23","purchased_purges":2,"victory":false,"max_hp_per_floor":[80,80,80,80,80,80,80,80,80,80,80,80,80,80,80,80,85,89,93,93,100,100,104,104,104,104,104,104,104,104,108,108,108],"card_choices":[{"not_picked":["Warcry","Iron Wave"],"picked":"Whirlwind","floor":1},{"not_picked":["Anger","Clothesline","Wild Strike"],"picked":"SKIP","floor":4},{"not_picked":["Heavy Blade","Cleave"],"picked":"Shrug It Off","floor":5},{"not_picked":["True Grit","Fire Breathing","Heavy Blade"],"picked":"SKIP","floor":6},{"not_picked":["True Grit","Fiend Fire","Sword Boomerang"],"picked":"SKIP","floor":8},{"not_picked":["Wild Strike","Headbutt","Shrug It Off"],"picked":"SKIP","floor":11},{"not_picked":["Spot Weakness","Body Slam","Intimidate"],"picked":"SKIP","floor":14},{"not_picked":["Berserk","Barricade"],"picked":"Feed","floor":16},{"not_picked":["Cleave","Sword Boomerang"],"picked":"Pommel Strike+1","floor":18},{"not_picked":["Flex","Entrench","Berserk"],"picked":"SKIP","floor":19},{"not_picked":["Body Slam","Twin Strike+1","True Grit"],"picked":"SKIP","floor":22},{"not_picked":["Sever Soul+1","Thunderclap","True Grit"],"picked":"SKIP","floor":23},{"not_picked":["Clothesline","Reckless Charge+1","Shrug It Off"],"picked":"SKIP","floor":31}],"player_experience":274035,"relics_obtained":[{"floor":6,"key":"Red Skull"},{"floor":8,"key":"Matryoshka"},{"floor":9,"key":"Blood Vial"},{"floor":9,"key":"Bag of Marbles"},{"floor":12,"key":"Gremlin Horn"},{"floor":12,"key":"Boot"},{"floor":23,"key":"Orichalcum"},{"floor":26,"key":"Bag of Preparation"},{"floor":28,"key":"Paper Frog"}],"event_choices":[{"cards_removed":["Strike_R"],"damage_healed":0,"gold_gain":0,"player_choice":"Forget","damage_taken":0,"max_hp_gain":0,"max_hp_loss":0,"event_name":"Living Wall","floor":2,"gold_loss":0},{"damage_healed":0,"gold_gain":0,"player_choice":"Upgraded","damage_taken":0,"max_hp_gain":0,"max_hp_loss":0,"event_name":"Upgrade Shrine","floor":3,"gold_loss":0,"cards_upgraded":["Whirlwind"]},{"cards_removed":["Strike_R"],"damage_healed":0,"gold_gain":0,"player_choice":"Card Removal","damage_taken":7,"max_hp_gain":0,"max_hp_loss":0,"event_name":"Golden Wing","floor":7,"gold_loss":0},{"damage_healed":0,"gold_gain":0,"player_choice":"Ignored","damage_taken":0,"max_hp_gain":0,"max_hp_loss":0,"event_name":"Ghosts","floor":20,"gold_loss":0},{"cards_removed":["Clothesline"],"damage_healed":0,"gold_gain":0,"player_choice":"Gave Card","damage_taken":0,"relics_obtained":["Strawberry"],"max_hp_gain":0,"max_hp_loss":0,"event_name":"WeMeetAgain","floor":21,"gold_loss":0},{"damage_healed":0,"gold_gain":0,"player_choice":"Ignored","damage_taken":0,"max_hp_gain":0,"max_hp_loss":0,"event_name":"Cursed Tome","floor":25,"gold_loss":0},{"damage_healed":0,"gold_gain":0,"player_choice":"Forge","damage_taken":0,"max_hp_gain":0,"max_hp_loss":0,"event_name":"Accursed Blacksmith","floor":29,"gold_loss":0,"cards_upgraded":["Strike_R"]}],"is_beta":false,"boss_relics":[{"not_picked":["Snecko Eye","Black Blood"],"picked":"Tiny House"}],"items_purged_floors":[10,30],"is_endless":false,"potions_floor_spawned":[4,6,16,18,23,31],"killed_by":"Champ","ascension_level":0}