{"gold_per_floor":[113,113,129,146,146,178,196,212,267,267,278,61,61,61,61,159,159,179,66,80,106,116,145,145,145,145,145,159,175,192,192,192,295,295,310,328,328,328,38,72,72,89,89,39,39,39],"floor_reached":46,"playtime":1411,"items_purged":["Strike_B","Strike_B","Strike_B"],"score":470,"play_id":"d44a45fc-80be-44bf-b607-c82934d88e1c","local_time":"20190126140858","is_ascension_mode":false,"campfire_choices":[{"data":"Storm","floor":10,"key":"SMITH"},{"data":"Storm","floor":13,"key":"SMITH"},{"floor":15,"key":"REST"},{"floor":24,"key":"REST"},{"floor":27,"key":"REST"},{"floor":32,"key":"REST"},{"data":"Madness","floor":41,"key":"SMITH"}],"neow_cost":"NONE","seed_source_timestamp":591008003568591,"circlet_count":0,"master_deck":["Strike_B","Defend_B+1","Defend_B","Defend_B","Defend_B","Zap+1","Dualcast","Self Repair","Heatsinks","Conserve Battery","Storm+1","Heatsinks","Storm+1","Amplify","Coolheaded","White Noise","Heatsinks","Coolheaded+1","Electrodynamics","Storm+1","Decay","White Noise+1","Thunder Strike","Force Field+1","Madness","Madness+1","Seek","Recycle+1"],"relics":["Cracked Core","NeowsBlessing","Art of War","War Paint","Orrery","Dream Catcher","Blue Candle","Bronze Scales","Inserter","Runic Capacitor","Smiling Mask","Bottled Flame"],"potions_floor_usage":[16,22,30,46],"damage_taken":[{"damage":0,"enemies":"Jaw Worm","floor":1,"turns":1},{"damage":0,"enemies":"Cultist","floor":3,"turns":1},{"damage":0,"enemies":"Small Slimes","floor":4,"turns":1},{"damage":38,"enemies":"Gremlin Nob","floor":6,"turns":5},{"damage":4,"enemies":"Red Slaver","floor":7,"turns":4},{"damage":9,"enemies":"2 Fungi Beasts","floor":8,"turns":3},{"damage":7,"enemies":"3 Louse","floor":11,"turns":3},{"damage":32,"enemies":"Hexaghost","floor":16,"turns":6},{"damage":27,"enemies":"Shell Parasite","floor":18,"turns":4},{"damage":5,"enemies":"3 Byrds","floor":20,"turns":2},{"damage":31,"enemies":"Centurion and Healer","floor":22,"turns":5},{"damage":39,"enemies":"Gremlin Leader","floor":23,"turns":3},{"damage":2,"enemies":"Snake Plant","floor":28,"turns":2},{"damage":3,"enemies":"3 Cultists","floor":29,"turns":3},{"damage":26,"enemies":"Shelled Parasite and Fungi","floor":30,"turns":4},{"damage":21,"enemies":"Automaton","floor":33,"turns":6},{"damage":9,"enemies":"3 Shapes","floor":35,"turns":2},{"damage":10,"enemies":"Orb Walker","floor":36,"turns":2},{"damage":16,"enemies":"Giant Head","floor":40,"turns":5},{"damage":4,"enemies":"Maw","floor":42,"turns":6},{"damage":68,"enemies":"Reptomancer","floor":46,"turns":2}],"seed_played":"924077355456968959","potions_obtained":[{"floor":1,"key":"PowerPotion"},{"floor":4,"key":"Weak Potion"},{"floor":8,"key":"Poison Potion"},{"floor":11,"key":"PowerPotion"},{"floor":18,"key":"Dexterity Potion"},{"floor":23,"key":"GamblersBrew"},{"floor":28,"key":"Fire Potion"},{"floor":30,"key":"FocusPotion"},{"floor":40,"key":"Energy Potion"}],"is_trial":false,"path_per_floor":["M","?","M","M","?","E","M","M","T","R","M","$","R","$","R","B",null,"M","$","M","T","M","E","R","?","T","R","M","M","M","?","R","B",null,"M","M","?","?","$","E","R","M","T","$","?","E"],"character_chosen":"DEFECT","items_purchased":["War Paint","Storm","Heatsinks","Runic Capacitor"],"campfire_rested":4,"item_purchase_floors":[12,12,19,39],"current_hp_per_floor":[75,75,75,75,75,44,47,45,45,45,45,45,45,45,67,42,75,55,55,64,64,40,1,23,23,23,45,43,40,14,14,36,22,75,73,63,54,54,54,52,52,55,55,55,55,0],"gold":39,"neow_bonus":"THREE_ENEMY_KILL","is_prod":false,"is_daily":false,"chose_seed":false,"campfire_upgraded":3,"win_rate":0,"timestamp":1548524338,"path_taken":["M","?","M","?","?","E","M","?","T","R","M","$","R","?","R","BOSS","M","$","M","?","M","E","R","?","T","R","M","?","M","?","R","BOSS","M","M","?","?","$","E","R","M","T","$","?","E"],"build_version":"2019-01-23","purchased_purges":3,"victory":false,"max_hp_per_floor":[75,75,75,75,75,75,75,75,75,75,75,75,75,75,75,75,75,75,75,75,75,75,75,75,75,75,75,75,75,75,75,75,75,75,75,75,75,75,75,75,75,75,75,75,75,75],"card_choices":[{"not_picked":["Redo","Rip and Tear"],"picked":"Self Repair","floor":1},{"not_picked":["Reprogram","Sweeping Beam"],"picked":"Heatsinks","floor":3},{"not_picked":["Melter","Ball Lightning"],"picked":"Conserve Battery","floor":4},{"not_picked":["Hologram","Streamline"],"picked":"Storm","floor":6},{"not_picked":["Cold Snap","Go for the Eyes","Stack"],"picked":"SKIP","floor":7},{"not_picked":["Lockon","Sweeping Beam","Compile Driver"],"picked":"SKIP","floor":8},{"not_picked":["Melter","Ball Lightning"],"picked":"Heatsinks","floor":11},{"not_picked":["Machine Learning","Seek"],"picked":"Amplify","floor":16},{"not_picked":["Gash","Rebound"],"picked":"Coolheaded","floor":17},{"not_picked":["Compile Driver+1","Conserve Battery"],"picked":"White Noise","floor":18},{"not_picked":["Rebound","Sweeping Beam+1"],"picked":"Coolheaded+1","floor":20},{"not_picked":["Redo","Leap"],"picked":"Electrodynamics","floor":22},{"not_picked":["Sunder","Leap","Stack"],"picked":"SKIP","floor":23},{"not_picked":["Turbo","Gash"],"picked":"Reboot","floor":24},{"not_picked":["Go for the Eyes+1","Melter","Ball Lightning"],"picked":"SKIP","floor":28},{"not_picked":["Steam","Rebound","Genetic Algorithm"],"picked":"SKIP","floor":29},{"not_picked":["Cold Snap","Go for the Eyes","Barrage"],"picked":"SKIP","floor":30},{"not_picked":["Sweeping Beam+1","Stack+1"],"picked":"White Noise+1","floor":32},{"not_picked":["Biased Cognition","Creative AI"],"picked":"Thunder Strike","floor":33},{"not_picked":["Tempest","Go for the Eyes","Ball Lightning"],"picked":"SKIP","floor":35},{"not_picked":["Melter+1","Beam Cell"],"picked":"Force Field+1","floor":36},{"not_picked":["Fusion+1","Lockon"],"picked":"Seek","floor":40},{"not_picked":["Skim+1","Scrape+1"],"picked":"Recycle+1","floor":42}],"player_experience":230607,"relics_obtained":[{"floor":6,"key":"Art of War"},{"floor":21,"key":"Dream Catcher"},{"floor":23,"key":"Blue Candle"},{"floor":26,"key":"Bronze Scales"},{"floor":40,"key":"Smiling Mask"},{"floor":43,"key":"Bottled Flame"}],"event_choices":[{"damage_healed":0,"gold_gain":0,"player_choice":"1 cards matched","damage_taken":0,"max_hp_gain":0,"max_hp_loss":0,"event_name":"Match and Keep!","floor":2,"gold_loss":0,"cards_obtained":["Dramatic Entrance"]},{"cards_removed":["Dramatic Entrance"],"damage_healed":0,"gold_gain":0,"player_choice":"Offered Uncommon","damage_taken":0,"max_hp_gain":0,"max_hp_loss":0,"event_name":"Bonfire Elementals","floor":5,"gold_loss":0},{"damage_healed":0,"gold_gain":0,"player_choice":"Copied","damage_taken":0,"max_hp_gain":0,"max_hp_loss":0,"event_name":"Duplicator","floor":25,"gold_loss":0,"cards_obtained":["Storm"]},{"damage_healed":0,"gold_gain":0,"player_choice":"Smashed Altar","damage_taken":0,"max_hp_gain":0,"max_hp_loss":0,"event_name":"Forgotten Altar","floor":31,"gold_loss":0,"cards_obtained":["Decay"]},{"damage_healed":0,"gold_gain":0,"player_choice":"Embrace Madness","damage_taken":9,"max_hp_gain":0,"max_hp_loss":0,"event_name":"Winding Halls","floor":37,"gold_loss":0,"cards_obtained":["Madness","Madness"]},{"damage_healed":0,"gold_gain":0,"player_choice":"Ignored","damage_taken":0,"max_hp_gain":0,"max_hp_loss":0,"event_name":"Tomb of Lord Red Mask","floor":38,"gold_loss":0},{"cards_removed":["Reboot"],"damage_healed":0,"gold_gain":0,"player_choice":"Removed Skill","damage_taken":0,"max_hp_gain":0,"max_hp_loss":0,"event_name":"Falling","floor":45,"gold_loss":0}],"is_beta":false,"boss_relics":[{"not_picked":["Runic Dome","FrozenCore"],"picked":"Orrery"},{"not_picked":["Sozu","Empty Cage"],"picked":"Inserter"}],"items_purged_floors":[19,39,44],"is_endless":false,"potions_floor_spawned":[1,4,8,11,18,23,28,30,36,40],"killed_by":"Reptomancer","ascension_level":0}