{"gold_per_floor":[111,111,111,42,42,71,71,106,106,116,116,151,151,171,171,270,270,284,178,178,178,30,30,48,62,86,86,99,99,112,131,131,235,235,253,253,269,283,302,302,302,302,302,302,350,362,362,382,382,382],"floor_reached":50,"playtime":2024,"items_purged":["Strike_G"],"score":631,"play_id":"00648176-1279-48e4-aa8c-c706902e6c91","local_time":"20190103052241","is_ascension_mode":true,"campfire_choices":[{"data":"Noxious Fumes","floor":7.0,"key":"SMITH"},{"data":"Catalyst","floor":11.0,"key":"SMITH"},{"floor":13.0,"key":"REST"},{"data":"Footwork","floor":15.0,"key":"SMITH"},{"data":"Bouncing Flask","floor":23.0,"key":"SMITH"},{"data":"Footwork","floor":27.0,"key":"SMITH"},{"data":"Deadly Poison","floor":29.0,"key":"SMITH"},{"data":"Deadly Poison","floor":32.0,"key":"SMITH"},{"floor":40.0,"key":"REST"},{"floor":42.0,"key":"REST"},{"floor":49.0,"key":"REST"}],"neow_cost":"NONE","seed_source_timestamp":2265403777462453,"circlet_count":0,"master_deck":["Defend_G","Defend_G","Defend_G","Defend_G","Defend_G","Strike_G","Strike_G","Strike_G","Neutralize+1","Deadly Poison+1","Noxious Fumes+1","Dark Shackles","Catalyst+1","Deadly Poison+1","Predator","Sucker Punch","Footwork+1","Doppelganger","Blur","Bouncing Flask+1","Caltrops","Footwork+1","Blur","Decay","Adrenaline","Setup+1","Poisoned Stab+1","Noxious Fumes","Dagger Throw+1","Parasite","Parasite","Prepared","Doubt"],"special_seed":0,"relics":["Ring of the Snake","PreservedInsect","Dream Catcher","Happy Flower","Bag of Marbles","Cursed Key","Bag of Preparation","Juzu Bracelet","Runic Pyramid","Ninja Scroll","Ancient Tea Set"],"potions_floor_usage":[50,50,50],"damage_taken":[{"damage":10.0,"enemies":"Small Slimes","floor":1.0,"turns":5.0},{"damage":28.0,"enemies":"Gremlin Nob","floor":6.0,"turns":5.0},{"damage":8.0,"enemies":"Lagavulin","floor":8.0,"turns":6.0},{"damage":0.0,"enemies":"Jaw Worm","floor":10.0,"turns":4.0},{"damage":12.0,"enemies":"3 Sentries","floor":12.0,"turns":7.0},{"damage":0.0,"enemies":"Cultist","floor":14.0,"turns":2.0},{"damage":16.0,"enemies":"Hexaghost","floor":16.0,"turns":9.0},{"damage":9.0,"enemies":"Shell Parasite","floor":18.0,"turns":5.0},{"damage":0.0,"enemies":"Spheric Guardian","floor":24.0,"turns":1.0},{"damage":14.0,"enemies":"Snake Plant","floor":25.0,"turns":3.0},{"damage":6.0,"enemies":"Centurion and Healer","floor":28.0,"turns":7.0},{"damage":0.0,"enemies":"Snecko","floor":30.0,"turns":4.0},{"damage":0.0,"enemies":"Cultist and Chosen","floor":31.0,"turns":4.0},{"damage":18.0,"enemies":"Champ","floor":33.0,"turns":7.0},{"damage":0.0,"enemies":"3 Shapes","floor":35.0,"turns":4.0},{"damage":2.0,"enemies":"Orb Walker","floor":37.0,"turns":3.0},{"damage":34.0,"enemies":"Jaw Worm Horde","floor":38.0,"turns":5.0},{"damage":0.0,"enemies":"Writhing Mass","floor":39.0,"turns":3.0},{"damage":21.0,"enemies":"4 Shapes","floor":46.0,"turns":5.0},{"damage":41.0,"enemies":"Spire Growth","floor":48.0,"turns":4.0},{"damage":72,"enemies":"Donu and Deca","floor":50,"turns":5}],"seed_played":"6295906295797749295","potions_obtained":[{"floor":6.0,"key":"Energy Potion"},{"floor":14.0,"key":"LiquidBronze"},{"floor":16.0,"key":"Explosive Potion"},{"floor":25.0,"key":"Poison Potion"},{"floor":28.0,"key":"SkillPotion"},{"floor":31.0,"key":"SkillPotion"},{"floor":33.0,"key":"GhostInAJar"},{"floor":37.0,"key":"SpeedPotion"},{"floor":48.0,"key":"Regen Potion"}],"is_trial":false,"path_per_floor":["M","?","?","$","?","E","R","E","T","M","R","E","R","M","R","B",null,"M","$","?","?","$","R","M","M","T","R","M","R","M","M","R","B",null,"M","?","M","M","M","R","?","R","T","?","T","M","?","M","R","B"],"character_chosen":"THE_SILENT","items_purchased":["Noxious Fumes","Bouncing Flask","Caltrops","Regen Potion"],"campfire_rested":4,"item_purchase_floors":[4,19,19,22],"current_hp_per_floor":[53,46,69,69,69,41,41,33,33,33,33,21,42,42,42,26,59,50,50,50,50,50,50,50,48,48,48,42,42,42,42,42,24,59,59,59,57,23,23,44,44,65,65,65,65,44,70,29,50,0],"gold":382,"neow_bonus":"UPGRADE_CARD","is_prod":false,"is_daily":false,"chose_seed":false,"campfire_upgraded":7,"win_rate":0,"timestamp":1546489361,"path_taken":["M","?","?","?","?","E","R","E","T","M","R","E","R","?","R","BOSS","M","$","?","?","$","R","M","?","T","R","M","R","M","M","R","BOSS","M","?","M","M","M","R","?","R","T","?","?","M","?","M","R","BOSS"],"build_version":"2018-12-20","purchased_purges":1,"victory":false,"max_hp_per_floor":[70,70,70,70,70,70,70,70,70,70,70,70,70,70,70,70,70,70,70,70,70,70,70,70,70,70,70,70,70,70,70,70,70,70,70,70,70,70,70,70,70,70,70,70,70,70,70,70,70,70],"card_choices":[{"not_picked":["Dodge and Roll","Well Laid Plans"],"picked":"Deadly Poison","floor":1.0},{"not_picked":["Flying Knee","Accuracy"],"picked":"Catalyst","floor":6.0},{"not_picked":["Flying Knee","Outmaneuver","Underhanded Strike"],"picked":"SKIP","floor":8.0},{"not_picked":["Caltrops","Outmaneuver"],"picked":"Deadly Poison","floor":10.0},{"not_picked":["Heel Hook","Riddle With Holes"],"picked":"Predator","floor":12.0},{"not_picked":["Reflex","Flechettes"],"picked":"Sucker Punch","floor":13.0},{"not_picked":["Caltrops","Flying Knee"],"picked":"Footwork","floor":14.0},{"not_picked":["A Thousand Cuts","Phantasmal Killer"],"picked":"Doppelganger","floor":16.0},{"not_picked":["PiercingWail","Expertise"],"picked":"Blur","floor":18.0},{"not_picked":["PiercingWail","Deflect"],"picked":"Footwork","floor":24.0},{"not_picked":["Dagger Throw","Terror"],"picked":"Blur","floor":25.0},{"not_picked":["Reflex","Underhanded Strike","Backstab"],"picked":"SKIP","floor":28.0},{"not_picked":["Infinite Blades","Choke","Deadly Poison+1"],"picked":"SKIP","floor":30.0},{"not_picked":["Concentrate+1","Blade Dance","Doppelganger"],"picked":"SKIP","floor":31.0},{"not_picked":["Wraith Form v2","After Image"],"picked":"Adrenaline","floor":33.0},{"not_picked":["Slice","Acrobatics+1"],"picked":"Setup+1","floor":35.0},{"not_picked":["Dodge and Roll+1","Reflex+1"],"picked":"Poisoned Stab+1","floor":37.0},{"not_picked":["Poisoned Stab","Crippling Poison+1"],"picked":"Noxious Fumes","floor":38.0},{"not_picked":["Acrobatics","Skewer"],"picked":"Dagger Throw+1","floor":39.0},{"not_picked":["Bouncing Flask+1","Dodge and Roll"],"picked":"Prepared","floor":46.0},{"not_picked":["Blade Dance+1","Flying Knee+1","Choke"],"picked":"SKIP","floor":48.0}],"player_experience":668592,"relics_obtained":[{"floor":6.0,"key":"PreservedInsect"},{"floor":8.0,"key":"Dream Catcher"},{"floor":9.0,"key":"Happy Flower"},{"floor":12.0,"key":"Bag of Marbles"},{"floor":26.0,"key":"Juzu Bracelet"},{"floor":43.0,"key":"Ninja Scroll"},{"floor":45.0,"key":"Ancient Tea Set"}],"event_choices":[{"cards_removed":["Strike_G"],"damage_healed":0.0,"max_hp_gain":0.0,"max_hp_loss":0.0,"gold_gain":0.0,"event_name":"Golden Wing","player_choice":"Card Removal","floor":2.0,"gold_loss":0.0,"damage_taken":7.0},{"damage_healed":23.0,"max_hp_gain":0.0,"max_hp_loss":0.0,"gold_gain":0.0,"event_name":"Big Fish","player_choice":"Banana","floor":3.0,"gold_loss":0.0,"damage_taken":0.0},{"damage_healed":0.0,"max_hp_gain":0.0,"max_hp_loss":0.0,"gold_gain":0.0,"event_name":"Match and Keep!","player_choice":"1 cards matched","floor":5.0,"gold_loss":0.0,"damage_taken":0.0,"cards_obtained":["Dark Shackles"]},{"damage_healed":0.0,"max_hp_gain":0.0,"max_hp_loss":0.0,"gold_gain":0.0,"event_name":"Ghosts","player_choice":"Ignored","floor":20.0,"gold_loss":0.0,"damage_taken":0.0},{"damage_healed":0.0,"max_hp_gain":0.0,"max_hp_loss":0.0,"gold_gain":0.0,"event_name":"WeMeetAgain","player_choice":"Gave Potion","floor":21.0,"gold_loss":0.0,"damage_taken":0.0,"relics_obtained":["Bag of Preparation"]},{"cards_removed":["Survivor"],"damage_healed":0.0,"max_hp_gain":0.0,"max_hp_loss":0.0,"gold_gain":0.0,"event_name":"Falling","player_choice":"Removed Skill","floor":36.0,"gold_loss":0.0,"damage_taken":0.0},{"damage_healed":0.0,"max_hp_gain":0.0,"max_hp_loss":0.0,"gold_gain":0.0,"event_name":"Tomb of Lord Red Mask","player_choice":"Ignored","floor":41.0,"gold_loss":0.0,"damage_taken":0.0},{"damage_healed":0.0,"max_hp_gain":0.0,"max_hp_loss":0.0,"gold_gain":0.0,"event_name":"Mysterious Sphere","player_choice":"Ignored","floor":44.0,"gold_loss":0.0,"damage_taken":0.0},{"damage_healed":26.0,"max_hp_gain":0.0,"max_hp_loss":0.0,"gold_gain":0.0,"event_name":"MindBloom","player_choice":"Heal","floor":47.0,"gold_loss":0.0,"damage_taken":0.0,"cards_obtained":["Doubt"]}],"is_beta":false,"boss_relics":[{"not_picked":["Busted Crown","Philosopher\u0027s Stone"],"picked":"Cursed Key"},{"not_picked":["Coffee Dripper","HoveringKite"],"picked":"Runic Pyramid"}],"items_purged_floors":[22],"is_endless":false,"potions_floor_spawned":[6,14,16,25,28,31,33,37,38,48],"killed_by":"Donu and Deca","ascension_level":6}