{"gold_per_floor":[118,118,19,35,50,50,80,80,80,112,124,136,180,210,222,336,348,372,398,430,442,92,92,106,137,160,160,160,176,176,189,189,288,288,304,179,194,207,219,249,249,283,283,297,397,407,433,433,433,433],"floor_reached":51,"playtime":4524,"items_purged":["Regret","Strike_R","Defend_R"],"score":1454,"play_id":"540d23ee-854f-4759-9288-8d207fd012b2","local_time":"20190126151149","is_ascension_mode":true,"campfire_choices":[{"data":"Corruption","floor":6.0,"key":"SMITH"},{"floor":8.0,"key":"REST"},{"data":"Feel No Pain","floor":12.0,"key":"SMITH"},{"data":"Strike_R","floor":15.0,"key":"PURGE"},{"data":"Strike_R","floor":23.0,"key":"PURGE"},{"data":"Strike_R","floor":27.0,"key":"PURGE"},{"data":"Strike_R","floor":30.0,"key":"PURGE"},{"data":"Defend_R","floor":32.0,"key":"PURGE"},{"data":"Bash","floor":41.0,"key":"PURGE"},{"data":"Defend_R","floor":49,"key":"PURGE"}],"neow_cost":"","seed_source_timestamp":0,"circlet_count":0,"master_deck":["Defend_R","Seeing Red","Flex","Feel No Pain+1","Corruption+1","Rage","Flame Barrier","Flex","Shrug It Off","Demon Form","Infernal Blade","Battle Trance","Juggernaut","Burning Pact+1","Corruption+1","Shrug It Off","Fiend Fire","Battle Trance","Shrug It Off+1","Feel No Pain","Dramatic Entrance"],"special_seed":0,"relics":["Burning Blood","Dead Branch","Mummified Hand","Peace Pipe","MawBank","Boot","Unceasing Top","Runic Dome","Kunai","FossilizedHelix","Centennial Puzzle","Fusion Hammer","Bottled Tornado","Torii","Question Card","Turnip","Bottled Flame"],"potions_floor_usage":[50,50],"damage_taken":[{"damage":9.0,"enemies":"Jaw Worm","floor":1.0,"turns":6.0},{"damage":3.0,"enemies":"Small Slimes","floor":4.0,"turns":4.0},{"damage":27.0,"enemies":"Cultist","floor":5.0,"turns":6.0},{"damage":23.0,"enemies":"Lagavulin","floor":7.0,"turns":6.0},{"damage":1.0,"enemies":"3 Sentries","floor":10.0,"turns":5.0},{"damage":0.0,"enemies":"Lagavulin","floor":13.0,"turns":5.0},{"damage":0.0,"enemies":"3 Louse","floor":14.0,"turns":2.0},{"damage":0.0,"enemies":"Hexaghost","floor":16.0,"turns":5.0},{"damage":12.0,"enemies":"Chosen","floor":18.0,"turns":2.0},{"damage":5.0,"enemies":"Spheric Guardian","floor":19.0,"turns":4.0},{"damage":0.0,"enemies":"Snecko","floor":20.0,"turns":2.0},{"damage":9.0,"enemies":"Centurion and Healer","floor":24.0,"turns":4.0},{"damage":1.0,"enemies":"Book of Stabbing","floor":25.0,"turns":4.0},{"damage":0.0,"enemies":"Chosen and Byrds","floor":29.0,"turns":3.0},{"damage":0.0,"enemies":"Snecko","floor":31.0,"turns":2.0},{"damage":0.0,"enemies":"Automaton","floor":33.0,"turns":4.0},{"damage":0.0,"enemies":"3 Shapes","floor":35.0,"turns":2.0},{"damage":0.0,"enemies":"Orb Walker","floor":37.0,"turns":2.0},{"damage":0.0,"enemies":"Transient","floor":38.0,"turns":5.0},{"damage":11.0,"enemies":"Jaw Worm Horde","floor":39.0,"turns":2.0},{"damage":0.0,"enemies":"Giant Head","floor":40.0,"turns":2.0},{"damage":0.0,"enemies":"Nemesis","floor":42.0,"turns":3.0},{"damage":9,"enemies":"3 Darklings","floor":44,"turns":2},{"damage":0,"enemies":"Mind Bloom Boss Battle","floor":45,"turns":2},{"damage":0,"enemies":"Spire Growth","floor":46,"turns":2},{"damage":0,"enemies":"Reptomancer","floor":47,"turns":1},{"damage":0,"enemies":"Time Eater","floor":50,"turns":4}],"seed_played":"3906420520768695324","potions_obtained":[{"floor":1.0,"key":"FearPotion"},{"floor":7.0,"key":"Block Potion"},{"floor":13.0,"key":"Swift Potion"},{"floor":16.0,"key":"FairyPotion"},{"floor":29.0,"key":"PowerPotion"},{"floor":33.0,"key":"SkillPotion"}],"is_trial":true,"path_per_floor":["M","?","$","M","M","R","E","R","T","E","?","R","E","M","R","B",null,"M","M","M","?","$","R","M","E","T","R","?","M","R","M","R","B",null,"M","$","M","M","M","E","R","E","T","M","?","M","E","?","R","B",null],"character_chosen":"IRONCLAD","items_purchased":["Flex","Kunai"],"campfire_rested":1,"item_purchase_floors":[3,22],"current_hp_per_floor":[69,69,69,72,51,51,34,58,58,63,60,60,66,72,72,78,80,74,75,80,80,80,80,77,80,80,80,80,80,80,80,80,80,80,80,80,80,80,75,80,80,80,80,77,80,80,80,80,80,80],"gold":433,"neow_bonus":"","is_prod":false,"is_daily":false,"chose_seed":false,"campfire_upgraded":2,"win_rate":0,"timestamp":1548483109,"path_taken":["M","?","$","M","M","R","E","R","T","E","?","R","E","M","R","BOSS","M","M","M","?","$","R","M","E","T","R","?","?","R","M","R","BOSS","M","$","M","M","M","E","R","E","T","M","?","M","E","?","R","BOSS"],"build_version":"2019-01-23","purchased_purges":3,"victory":true,"max_hp_per_floor":[80,80,80,80,80,80,80,80,80,80,80,80,80,80,80,80,80,80,80,80,80,80,80,80,80,80,80,80,80,80,80,80,80,80,80,80,80,80,80,80,80,80,80,80,80,80,80,80,80,80],"card_choices":[{"not_picked":["Uppercut","Havoc"],"picked":"Seeing Red","floor":1.0},{"not_picked":["Heavy Blade","Perfected Strike"],"picked":"Feel No Pain","floor":4.0},{"not_picked":["Sword Boomerang","Fiend Fire"],"picked":"Corruption","floor":5.0},{"not_picked":["Pommel Strike","Headbutt"],"picked":"Rage","floor":7.0},{"not_picked":["Perfected Strike","Battle Trance"],"picked":"Flame Barrier","floor":10.0},{"not_picked":["Pommel Strike","Wild Strike"],"picked":"Flex","floor":13.0},{"not_picked":["Bloodletting","Cleave"],"picked":"Shrug It Off","floor":14.0},{"not_picked":["Exhume","Barricade"],"picked":"Demon Form","floor":16.0},{"not_picked":["True Grit+1","Anger"],"picked":"Infernal Blade","floor":18.0},{"not_picked":["Cleave","Warcry"],"picked":"Battle Trance","floor":19.0},{"not_picked":["Havoc+1","Hemokinesis+1","Cleave"],"picked":"SKIP","floor":20.0},{"not_picked":["Searing Blow","Dual Wield","Wild Strike+1"],"picked":"SKIP","floor":24.0},{"not_picked":["Berserk","Thunderclap","Power Through"],"picked":"SKIP","floor":25.0},{"not_picked":["Clash","Inflame","True Grit"],"picked":"SKIP","floor":29.0},{"not_picked":["Dual Wield","Wild Strike","Iron Wave"],"picked":"SKIP","floor":31.0},{"not_picked":["Berserk","Double Tap"],"picked":"Juggernaut","floor":33.0},{"not_picked":["Thunderclap","Reckless Charge+1"],"picked":"Burning Pact+1","floor":35.0},{"not_picked":["Heavy Blade+1","Spot Weakness+1","Pommel Strike+1"],"picked":"SKIP","floor":37.0},{"not_picked":["Infernal Blade","Inflame+1"],"picked":"Corruption+1","floor":38.0},{"not_picked":["Headbutt+1","Flex"],"picked":"Shrug It Off","floor":39.0},{"not_picked":["Pommel Strike+1","Iron Wave+1"],"picked":"Fiend Fire","floor":40.0},{"not_picked":["Rage","Perfected Strike+1"],"picked":"Battle Trance","floor":42.0},{"not_picked":["Headbutt","Second Wind","Body Slam","Spot Weakness"],"picked":"SKIP","floor":44},{"not_picked":["True Grit","Pommel Strike","Sever Soul+1"],"picked":"Shrug It Off+1","floor":46},{"not_picked":["Havoc","Fiend Fire","Pummel"],"picked":"Feel No Pain","floor":47},{"not_picked":["PanicButton","HandOfGreed","Dark Shackles"],"picked":"Dramatic Entrance","floor":48}],"player_experience":71262,"relics_obtained":[{"floor":7.0,"key":"Mummified Hand"},{"floor":9.0,"key":"Peace Pipe"},{"floor":10.0,"key":"MawBank"},{"floor":13.0,"key":"Unceasing Top"},{"floor":25.0,"key":"FossilizedHelix"},{"floor":26.0,"key":"Centennial Puzzle"},{"floor":40.0,"key":"Bottled Tornado"},{"floor":42.0,"key":"Torii"},{"floor":43,"key":"Question Card"},{"floor":45,"key":"Turnip"},{"floor":47,"key":"Bottled Flame"}],"event_choices":[{"damage_healed":0.0,"max_hp_gain":0.0,"max_hp_loss":0.0,"gold_gain":0.0,"event_name":"Big Fish","player_choice":"Box","floor":2.0,"gold_loss":0.0,"damage_taken":0.0,"relics_obtained":["Dead Branch"],"cards_obtained":["Regret"]},{"damage_healed":0.0,"max_hp_gain":0.0,"max_hp_loss":0.0,"gold_gain":0.0,"event_name":"Scrap Ooze","player_choice":"Success","floor":11.0,"gold_loss":0.0,"damage_taken":3.0,"relics_obtained":["Boot"]},{"damage_healed":0.0,"max_hp_gain":0.0,"max_hp_loss":0.0,"gold_gain":0.0,"event_name":"Cursed Tome","player_choice":"Ignored","floor":21.0,"gold_loss":0.0,"damage_taken":0.0},{"damage_healed":0.0,"max_hp_gain":0.0,"max_hp_loss":0.0,"gold_gain":0.0,"event_name":"The Woman in Blue","player_choice":"Bought 0 Potions","floor":28.0,"gold_loss":0.0,"damage_taken":0.0},{"damage_healed":0,"gold_gain":0,"player_choice":"Fight","damage_taken":0,"max_hp_gain":0,"max_hp_loss":0,"event_name":"MindBloom","floor":45,"gold_loss":0},{"damage_healed":0,"gold_gain":0,"player_choice":"Memory 1","damage_taken":0,"max_hp_gain":0,"max_hp_loss":0,"event_name":"SensoryStone","floor":48,"gold_loss":0}],"is_beta":false,"boss_relics":[{"not_picked":["Coffee Dripper","Empty Cage"],"picked":"Runic Dome"},{"not_picked":["Mark of Pain","Lizard Tail"],"picked":"Fusion Hammer"}],"items_purged_floors":[3,22,36],"is_endless":false,"potions_floor_spawned":[1,7,13,16,19,29,33,35,37,39,40,42],"ascension_level":7}