{"gold_per_floor":[210,227,30,42,217,217,15,15,15,15,15,15,49,66,66,142,142,159,179,5,5,22,22,22],"floor_reached":24,"playtime":841,"items_purged":["Strike_G","Doubt","Phantasmal Killer+1"],"score":415,"play_id":"33cb5fc6-1f8d-409e-8257-2ef267e84d19","local_time":"20190202160142","is_ascension_mode":true,"campfire_choices":[{"data":"Noxious Fumes","floor":6,"key":"SMITH"},{"data":"Noxious Fumes","floor":8,"key":"SMITH"},{"data":"Footwork","floor":10,"key":"SMITH"},{"data":"Neutralize","floor":15,"key":"SMITH"},{"floor":23,"key":"REST"}],"neow_cost":"NONE","seed_source_timestamp":6162713770500,"circlet_count":0,"master_deck":["AscendersBane","Defend_G","Defend_G+1","Defend_G","Defend_G","Defend_G","Survivor+1","Neutralize+1","Noxious Fumes+1","Noxious Fumes+1","Well Laid Plans","Deadly Poison","Backstab","Footwork+1","Backstab","Venomology","Bane","Malaise","Bane+1","Noxious Fumes","Cloak And Dagger"],"relics":["Ring of the Snake","Nunchaku","War Paint","Astrolabe"],"potions_floor_usage":[16,18,19,22,22,24,24,24],"damage_taken":[{"damage":1,"enemies":"Cultist","floor":1,"turns":4},{"damage":3,"enemies":"Small Slimes","floor":2,"turns":5},{"damage":4,"enemies":"2 Louse","floor":4,"turns":3},{"damage":9,"enemies":"3 Sentries","floor":13,"turns":6},{"damage":4,"enemies":"Exordium Thugs","floor":14,"turns":6},{"damage":0,"enemies":"Hexaghost","floor":16,"turns":9},{"damage":18,"enemies":"Shell Parasite","floor":18,"turns":6},{"damage":19,"enemies":"Spheric Guardian","floor":19,"turns":5},{"damage":8,"enemies":"Shelled Parasite and Fungi","floor":22,"turns":5},{"damage":35,"enemies":"Gremlin Leader","floor":24,"turns":4}],"seed_played":"7439025243837528686","potions_obtained":[{"floor":1,"key":"SmokeBomb"},{"floor":12,"key":"GhostInAJar"},{"floor":12,"key":"Block Potion"},{"floor":22,"key":"FearPotion"}],"is_trial":false,"path_per_floor":["M","M","$","M","?","R","$","R","T","R","?","?","E","M","R","B",null,"M","M","$","?","M","R","E"],"character_chosen":"THE_SILENT","items_purchased":["Well Laid Plans","Deadly Poison","Footwork","Backstab","Cloak And Dagger"],"campfire_rested":1,"item_purchase_floors":[3,3,7,7,20],"current_hp_per_floor":[58,55,55,51,51,51,51,51,51,51,44,44,35,31,31,31,57,39,20,20,20,12,31,0],"gold":22,"neow_bonus":"HUNDRED_GOLD","is_prod":false,"is_daily":false,"chose_seed":false,"campfire_upgraded":4,"win_rate":0,"timestamp":1549116102,"path_taken":["M","M","$","?","?","R","$","R","T","R","?","?","E","?","R","BOSS","M","M","$","?","M","R","E"],"build_version":"2019-01-23","purchased_purges":3,"victory":false,"max_hp_per_floor":[66,66,66,66,66,66,66,66,66,66,66,66,66,66,66,66,66,66,66,66,66,66,66,66],"card_choices":[{"not_picked":["Deflect","Backflip"],"picked":"Noxious Fumes","floor":1},{"not_picked":["Deadly Poison","Acrobatics"],"picked":"Noxious Fumes","floor":2},{"not_picked":["Choke","Dagger Throw"],"picked":"Backstab","floor":4},{"not_picked":["Well Laid Plans","Cloak And Dagger"],"picked":"Venomology","floor":13},{"not_picked":["Poisoned Stab","Slice"],"picked":"Bane","floor":14},{"not_picked":["Wraith Form v2","A Thousand Cuts"],"picked":"Malaise","floor":16},{"not_picked":["Cloak And Dagger+1","Outmaneuver"],"picked":"Noxious Fumes","floor":18},{"not_picked":["Bane","Sucker Punch","Riddle With Holes+1"],"picked":"SKIP","floor":19},{"not_picked":["Reflex+1","Quick Slash","Caltrops"],"picked":"SKIP","floor":22}],"player_experience":570659,"relics_obtained":[{"floor":9,"key":"Nunchaku"},{"floor":13,"key":"War Paint"}],"event_choices":[{"damage_healed":0,"gold_gain":175,"player_choice":"AGREE","damage_taken":0,"max_hp_gain":0,"max_hp_loss":0,"event_name":"Liars Game","floor":5,"gold_loss":0,"cards_obtained":["Doubt"]},{"cards_removed":["Strike_G"],"damage_healed":0,"gold_gain":0,"player_choice":"Card Removal","damage_taken":7,"max_hp_gain":0,"max_hp_loss":0,"event_name":"Golden Wing","floor":11,"gold_loss":0},{"damage_healed":0,"gold_gain":0,"player_choice":"Got Potions","damage_taken":0,"max_hp_gain":0,"max_hp_loss":0,"event_name":"Lab","floor":12,"gold_loss":0},{"cards_removed":["Night Terror"],"damage_healed":0,"gold_gain":0,"player_choice":"Purged","damage_taken":0,"max_hp_gain":0,"max_hp_loss":0,"event_name":"Purifier","floor":21,"gold_loss":0}],"is_beta":false,"boss_relics":[{"not_picked":["WristBlade","Black Star"],"picked":"Astrolabe"}],"items_purged_floors":[3,7,20],"is_endless":false,"potions_floor_spawned":[1,13,14,18,22],"killed_by":"Gremlin Leader","ascension_level":14}