{"gold_per_floor":[117,117,42,61,161,186,186,206,206,206,224,242,277,295,295,295],"floor_reached":16,"playtime":529,"items_purged":["Strike_R"],"score":129,"play_id":"fd22c397-be45-4c25-9da8-9b383517b0b6","local_time":"20190111215758","is_ascension_mode":true,"campfire_choices":[{"floor":7,"key":"REST"},{"floor":10,"key":"REST"},{"data":"Armaments","floor":15,"key":"SMITH"}],"neow_cost":"NONE","seed_source_timestamp":42690965950978,"circlet_count":0,"master_deck":["Strike_R","Strike_R","Strike_R","Strike_R","Defend_R","Defend_R","Defend_R","Defend_R","Bash","Inflame","Power Through","Flex","Flame Barrier","Second Wind","Armaments+1"],"relics":["Burning Blood","Paper Frog","Centennial Puzzle","Potion Belt","Dead Branch"],"potions_floor_usage":[],"damage_taken":[{"damage":1,"enemies":"2 Louse","floor":1,"turns":3},{"damage":5,"enemies":"Cultist","floor":4,"turns":5},{"damage":64,"enemies":"Lagavulin","floor":6,"turns":9},{"damage":4,"enemies":"Small Slimes","floor":8,"turns":4},{"damage":13,"enemies":"3 Louse","floor":11,"turns":4},{"damage":0,"enemies":"2 Fungi Beasts","floor":12,"turns":3},{"damage":25,"enemies":"Gremlin Nob","floor":13,"turns":4},{"damage":28,"enemies":"Exordium Thugs","floor":14,"turns":5},{"damage":40,"enemies":"Hexaghost","floor":16,"turns":12}],"seed_played":"-6093484291996940824","potions_obtained":[{"floor":1,"key":"Energy Potion"},{"floor":4,"key":"SmokeBomb"},{"floor":12,"key":"Ancient Potion"}],"is_trial":false,"path_per_floor":["M","?","$","M","?","E","R","M","T","R","M","M","E","M","R","B"],"character_chosen":"IRONCLAD","items_purchased":[],"campfire_rested":2,"item_purchase_floors":[],"current_hp_per_floor":[88,85,85,86,86,28,54,56,56,82,75,81,62,40,40,0],"gold":295,"neow_bonus":"TEN_PERCENT_HP_BONUS","is_prod":false,"is_daily":false,"chose_seed":false,"campfire_upgraded":1,"win_rate":0,"timestamp":1547240278,"path_taken":["M","?","$","M","?","E","R","M","T","R","M","M","E","M","R","BOSS"],"build_version":"2019-01-10","purchased_purges":1,"victory":false,"max_hp_per_floor":[88,88,88,88,88,88,88,88,88,88,88,88,88,88,88,88],"card_choices":[{"not_picked":["Evolve","Fire Breathing"],"picked":"Inflame","floor":1},{"not_picked":["Second Wind","Bloodletting","True Grit"],"picked":"SKIP","floor":4},{"not_picked":["Havoc","Twin Strike"],"picked":"Power Through","floor":6},{"not_picked":["Hemokinesis","Clash"],"picked":"Flex","floor":8},{"not_picked":["Perfected Strike","Havoc"],"picked":"Flame Barrier","floor":11},{"not_picked":["True Grit","Anger","Heavy Blade"],"picked":"SKIP","floor":12},{"not_picked":["Power Through","Clash"],"picked":"Second Wind","floor":13},{"not_picked":["Headbutt","Pommel Strike"],"picked":"Armaments","floor":14}],"player_experience":185423,"relics_obtained":[{"floor":6,"key":"Centennial Puzzle"},{"floor":9,"key":"Potion Belt"},{"floor":13,"key":"Dead Branch"}],"event_choices":[{"damage_healed":0,"gold_gain":0,"player_choice":"Success","damage_taken":3,"relics_obtained":["Paper Frog"],"max_hp_gain":0,"max_hp_loss":0,"event_name":"Scrap Ooze","floor":2,"gold_loss":0},{"damage_healed":0,"gold_gain":100,"player_choice":"Pray","damage_taken":0,"max_hp_gain":0,"max_hp_loss":0,"event_name":"Golden Shrine","floor":5,"gold_loss":0}],"is_beta":false,"boss_relics":[],"items_purged_floors":[3],"is_endless":false,"potions_floor_spawned":[1,4,12],"killed_by":"Hexaghost","ascension_level":3}