{"gold_per_floor":[114,23,42,61,61,88,88,102,102,102,102,127,127,154,154,256,256,276,287,67,85,101,101,111,111,111,111,123,135,135,135,135,240,240,254,154,154,154,254,254,254,254,254,270,281,293,23,33,33,33],"floor_reached":51,"playtime":1998,"items_purged":["Strike_R","Strike_R","Strike_R"],"score":692,"play_id":"2d99ad15-5824-4024-82d2-e046316135e2","local_time":"20190110201429","is_ascension_mode":false,"campfire_choices":[{"floor":7,"key":"REST"},{"data":"Pommel Strike","floor":11,"key":"SMITH"},{"floor":15,"key":"REST"},{"floor":23,"key":"REST"},{"floor":27,"key":"REST"},{"floor":30,"key":"REST"},{"data":"Demon Form","floor":32,"key":"SMITH"},{"floor":40,"key":"REST"},{"floor":49,"key":"REST"}],"neow_cost":"NONE","seed_source_timestamp":345685479381300,"circlet_count":0,"master_deck":["Defend_R","Defend_R","Defend_R","Defend_R","Bash","Shrug It Off","Pommel Strike+1","Pommel Strike+1","Double Tap","Headbutt","Demon Form+1","Pummel","Immolate","Dropkick+1","Clothesline","Bloodletting","Pummel+1","Offering","Panacea","Discovery","Trip","Spot Weakness+1","Shrug It Off+1"],"relics":["Burning Blood","Sundial","Dodecahedron","Bottled Flame","Mango","Velvet Choker","Juzu Bracelet","Pen Nib","Snecko Eye","Pocketwatch","PreservedInsect","Meat on the Bone","Lantern"],"potions_floor_usage":[16,33,33,50],"damage_taken":[{"damage":10,"enemies":"Cultist","floor":1,"turns":4},{"damage":9,"enemies":"Jaw Worm","floor":3,"turns":4},{"damage":5,"enemies":"Small Slimes","floor":4,"turns":3},{"damage":45,"enemies":"3 Sentries","floor":6,"turns":10},{"damage":13,"enemies":"2 Fungi Beasts","floor":8,"turns":3},{"damage":23,"enemies":"Lagavulin","floor":12,"turns":6},{"damage":12,"enemies":"Gremlin Nob","floor":14,"turns":4},{"damage":37,"enemies":"Hexaghost","floor":16,"turns":7},{"damage":20,"enemies":"2 Thieves","floor":18,"turns":3},{"damage":2,"enemies":"Chosen","floor":19,"turns":3},{"damage":33,"enemies":"Shelled Parasite and Fungi","floor":21,"turns":4},{"damage":33,"enemies":"Sentry and Sphere","floor":22,"turns":5},{"damage":5,"enemies":"Cultist and Chosen","floor":24,"turns":4},{"damage":31,"enemies":"Snake Plant","floor":28,"turns":4},{"damage":22,"enemies":"Chosen and Byrds","floor":29,"turns":4},{"damage":56,"enemies":"Champ","floor":33,"turns":8},{"damage":41,"enemies":"3 Darklings","floor":35,"turns":5},{"damage":14,"enemies":"Mind Bloom Boss Battle","floor":39,"turns":5},{"damage":10,"enemies":"Orb Walker","floor":44,"turns":3},{"damage":17,"enemies":"Spire Growth","floor":45,"turns":4},{"damage":22,"enemies":"3 Darklings","floor":46,"turns":4},{"damage":12,"enemies":"4 Shapes","floor":48,"turns":3},{"damage":110,"enemies":"Awakened One","floor":50,"turns":8}],"seed_played":"-3071731815621970819","potions_obtained":[{"floor":3,"key":"GamblersBrew"},{"floor":12,"key":"SteroidPotion"},{"floor":18,"key":"GamblersBrew"},{"floor":24,"key":"Block Potion"},{"floor":28,"key":"Explosive Potion"},{"floor":35,"key":"Swift Potion"},{"floor":45,"key":"Weak Potion"},{"floor":48,"key":"FairyPotion"}],"is_trial":false,"path_per_floor":["M","$","M","M","$","E","R","M","T","?","R","E","?","E","R","B",null,"M","M","$","M","M","R","M","?","T","R","M","M","R","?","R","B",null,"M","$","?","?","?","R","T","?","T","M","M","M","$","M","R","B",null],"character_chosen":"IRONCLAD","items_purchased":["Shrug It Off","Pommel Strike","Juzu Bracelet","Lantern"],"campfire_rested":7,"item_purchase_floors":[2,2,20,47],"current_hp_per_floor":[76,76,73,74,74,35,59,52,52,52,52,35,35,43,71,40,94,80,84,84,57,30,58,59,40,40,69,44,28,57,57,57,7,99,64,64,64,54,46,75,75,75,75,71,60,56,56,62,91,27],"gold":33,"neow_bonus":"REMOVE_CARD","is_prod":false,"is_daily":false,"chose_seed":false,"campfire_upgraded":2,"win_rate":0,"timestamp":1547151269,"path_taken":["M","$","M","M","$","E","R","?","T","?","R","E","?","E","R","BOSS","M","M","?","M","M","R","M","?","T","R","M","M","R","?","R","BOSS","M","$","?","?","?","R","?","?","T","M","M","M","$","M","R","BOSS"],"build_version":"2019-01-03v4","purchased_purges":3,"victory":true,"max_hp_per_floor":[80,80,80,80,80,80,80,80,80,80,80,80,80,94,94,94,94,94,94,94,94,94,94,94,99,99,99,99,99,99,99,99,99,99,99,99,99,99,99,99,99,99,99,99,99,99,99,99,99,99],"card_choices":[{"not_picked":["Clash","Flex","Twin Strike"],"picked":"SKIP","floor":1},{"not_picked":["Heavy Blade","Hemokinesis"],"picked":"Pommel Strike","floor":3},{"not_picked":["Twin Strike","Clash","Wild Strike"],"picked":"SKIP","floor":4},{"not_picked":["Thunderclap","Sentinel"],"picked":"Double Tap","floor":6},{"not_picked":["Rage","Seeing Red"],"picked":"Headbutt","floor":8},{"not_picked":["Body Slam","Warcry"],"picked":"Demon Form","floor":12},{"not_picked":["Infernal Blade","Havoc"],"picked":"Pummel","floor":14},{"not_picked":["Brutality","Bludgeon"],"picked":"Immolate","floor":16},{"not_picked":["Heavy Blade","Perfected Strike"],"picked":"Dropkick+1","floor":18},{"not_picked":["Wild Strike","Body Slam"],"picked":"Clothesline","floor":19},{"not_picked":["Headbutt","Cleave","Double Tap"],"picked":"SKIP","floor":21},{"not_picked":["Headbutt","Iron Wave"],"picked":"Bloodletting","floor":22},{"not_picked":["Armaments","Reckless Charge","Warcry"],"picked":"SKIP","floor":24},{"not_picked":["Pummel","Perfected Strike","Whirlwind+1"],"picked":"SKIP","floor":28},{"not_picked":["Cleave","Ghostly Armor"],"picked":"Pummel+1","floor":29},{"not_picked":["Exhume","Demon Form"],"picked":"Offering","floor":33},{"not_picked":["Blood for Blood+1","Thunderclap","Flex+1"],"picked":"SKIP","floor":35},{"not_picked":["Violence","Jack Of All Trades"],"picked":"Panacea","floor":38},{"not_picked":["Impatience","Forethought"],"picked":"Discovery","floor":38},{"not_picked":["Deep Breath","Panacea"],"picked":"Trip","floor":38},{"not_picked":["Sever Soul+1","Pommel Strike+1"],"picked":"Spot Weakness+1","floor":44},{"not_picked":["Inflame","Anger"],"picked":"Shrug It Off+1","floor":45},{"not_picked":["Twin Strike","Offering","Anger+1"],"picked":"SKIP","floor":46},{"not_picked":["Thunderclap+1","Armaments","Whirlwind"],"picked":"SKIP","floor":48}],"player_experience":78764,"relics_obtained":[{"floor":6,"key":"Sundial"},{"floor":9,"key":"Dodecahedron"},{"floor":12,"key":"Bottled Flame"},{"floor":14,"key":"Mango"},{"floor":26,"key":"Pen Nib"},{"floor":39,"key":"Pocketwatch"},{"floor":41,"key":"PreservedInsect"},{"floor":43,"key":"Meat on the Bone"}],"event_choices":[{"damage_healed":0,"gold_gain":0,"player_choice":"Searched \u00270\u0027 times","damage_taken":0,"max_hp_gain":0,"max_hp_loss":0,"event_name":"Dead Adventurer","floor":10,"gold_loss":0},{"cards_removed":["Strike_R"],"damage_healed":0,"gold_gain":0,"player_choice":"Purged","damage_taken":0,"max_hp_gain":0,"max_hp_loss":0,"event_name":"Purifier","floor":13,"gold_loss":0},{"damage_healed":0,"gold_gain":0,"player_choice":"Shed Blood","damage_taken":24,"max_hp_gain":5,"max_hp_loss":0,"event_name":"Forgotten Altar","floor":25,"gold_loss":0},{"damage_healed":0,"gold_gain":0,"player_choice":"Ignored","damage_taken":0,"max_hp_gain":0,"max_hp_loss":0,"event_name":"The Mausoleum","floor":31,"gold_loss":0},{"damage_healed":0,"gold_gain":0,"player_choice":"Ignored","damage_taken":0,"max_hp_gain":0,"max_hp_loss":0,"event_name":"Mysterious Sphere","floor":37,"gold_loss":0},{"damage_healed":0,"gold_gain":0,"player_choice":"Memory 3","damage_taken":10,"max_hp_gain":0,"max_hp_loss":0,"event_name":"SensoryStone","floor":38,"gold_loss":0},{"damage_healed":0,"gold_gain":0,"player_choice":"Fight","damage_taken":0,"max_hp_gain":0,"max_hp_loss":0,"event_name":"MindBloom","floor":39,"gold_loss":0},{"damage_healed":0,"gold_gain":0,"player_choice":"Forge","damage_taken":0,"max_hp_gain":0,"max_hp_loss":0,"event_name":"Accursed Blacksmith","floor":42,"gold_loss":0,"cards_upgraded":["Pommel Strike"]}],"is_beta":false,"boss_relics":[{"not_picked":["Busted Crown","Philosopher\u0027s Stone"],"picked":"Velvet Choker"},{"not_picked":["Black Star","Orrery"],"picked":"Snecko Eye"}],"items_purged_floors":[20,36,47],"is_endless":false,"potions_floor_spawned":[3,12,18,24,28,29,35,45,48],"ascension_level":0}