{"gold_per_floor":[214,289,83,83,83,83,118,118,118,151,170,170,20,34,34,136,136,154,154,5,15,30,30,30,30,56,68,68,80,91,16,16,114,114,133,133,148,168,168,193,203,203,203,222,104,104,118,118,118,118],"floor_reached":51,"playtime":1432,"items_purged":["Strike_R+1"],"score":842,"play_id":"575865a3-6398-4820-a5a1-9585ffa44f07","local_time":"20181226115852","is_ascension_mode":true,"campfire_choices":[{"data":"Perfected Strike","floor":6,"key":"SMITH"},{"floor":8,"key":"REST"},{"data":"Pummel","floor":12,"key":"SMITH"},{"floor":15,"key":"REST"},{"floor":23,"key":"REST"},{"data":"Demon Form","floor":25,"key":"SMITH"},{"data":"Perfected Strike","floor":28,"key":"SMITH"},{"data":"Perfected Strike","floor":32,"key":"SMITH"},{"floor":42,"key":"REST"},{"floor":46,"key":"REST"},{"data":"Limit Break","floor":49,"key":"SMITH"}],"neow_cost":"NONE","seed_source_timestamp":434708486672484,"circlet_count":0,"master_deck":["Strike_R+1","Strike_R+1","Strike_R+1","Strike_R+1","Defend_R+1","Defend_R+1","Defend_R+1","Defend_R+1","Bash","Perfected Strike+1","Pummel+1","Twin Strike","Demon Form+1","Necronomicurse","Perfected Strike+1","Perfected Strike+1","Wild Strike","Disarm","Limit Break+1","Twin Strike+1","Ghostly Armor","Spot Weakness+1","Twin Strike+1","Spot Weakness+1","Trip"],"relics":["Black Blood","HandDrill","Bronze Scales","Incense Burner","Red Skull","Vajra","Velvet Choker","Necronomicon","Orichalcum","Anchor","Question Card","The Courier","Oddly Smooth Stone"],"potions_floor_usage":[10,16,33,33,41,50],"damage_taken":[{"damage":8,"enemies":"Jaw Worm","floor":1,"turns":4},{"damage":37,"enemies":"Lagavulin","floor":7,"turns":6},{"damage":32,"enemies":"Gremlin Nob","floor":10,"turns":4},{"damage":0,"enemies":"2 Louse","floor":11,"turns":2},{"damage":0,"enemies":"Cultist","floor":14,"turns":2},{"damage":53,"enemies":"Slime Boss","floor":16,"turns":10},{"damage":29,"enemies":"2 Thieves","floor":18,"turns":3},{"damage":7,"enemies":"3 Byrds","floor":21,"turns":3},{"damage":9,"enemies":"Centurion and Healer","floor":22,"turns":2},{"damage":0,"enemies":"Chosen and Byrds","floor":27,"turns":3},{"damage":0,"enemies":"Snecko","floor":29,"turns":2},{"damage":0,"enemies":"Sentry and Sphere","floor":30,"turns":2},{"damage":23,"enemies":"Collector","floor":33,"turns":4},{"damage":4,"enemies":"3 Darklings","floor":35,"turns":4},{"damage":0,"enemies":"Orb Walker","floor":37,"turns":1},{"damage":31,"enemies":"4 Shapes","floor":38,"turns":4},{"damage":60,"enemies":"Giant Head","floor":40,"turns":7},{"damage":30,"enemies":"Spire Growth","floor":41,"turns":4},{"damage":0,"enemies":"Transient","floor":44,"turns":5},{"damage":0,"enemies":"3 Darklings","floor":47,"turns":4},{"damage":75,"enemies":"Awakened One","floor":50,"turns":7}],"seed_played":"8356159096557916428","potions_obtained":[{"floor":7,"key":"Poison Potion"},{"floor":14,"key":"SkillPotion"},{"floor":22,"key":"Poison Potion"},{"floor":30,"key":"Weak Potion"},{"floor":38,"key":"BloodPotion"},{"floor":40,"key":"Energy Potion"},{"floor":47,"key":"SkillPotion"}],"is_trial":false,"path_per_floor":["M","?","$","?","?","R","E","R","T","E","M","R","$","M","R","B",null,"M","?","$","M","M","R","?","R","T","M","R","M","M","$","R","B",null,"M","$","M","M","?","E","M","R","T","M","$","R","M","?","R","B",null],"character_chosen":"IRONCLAD","items_purchased":["HandDrill","Vajra","Orichalcum","Oddly Smooth Stone"],"campfire_rested":5,"item_purchase_floors":[3,13,20,45],"current_hp_per_floor":[78,67,67,67,67,67,36,60,60,34,40,40,40,46,70,23,80,57,41,41,40,37,61,61,61,61,67,67,73,79,79,79,62,80,80,80,80,59,80,30,18,42,42,52,52,76,80,80,80,15],"gold":118,"neow_bonus":"HUNDRED_GOLD","is_prod":false,"is_daily":false,"chose_seed":false,"campfire_upgraded":6,"win_rate":0,"timestamp":1545821932,"path_taken":["M","?","$","?","?","R","E","R","T","E","M","R","?","M","R","BOSS","M","?","$","M","M","R","?","R","T","?","R","M","M","$","R","BOSS","M","$","?","M","?","E","?","R","T","M","?","R","M","?","R","BOSS"],"build_version":"2018-12-20","purchased_purges":1,"victory":true,"max_hp_per_floor":[80,80,80,80,80,80,80,80,80,80,80,80,80,80,80,80,80,80,80,80,80,80,80,80,80,80,80,80,80,80,80,80,80,80,80,80,80,80,80,80,80,80,80,80,80,80,80,80,80,80],"card_choices":[{"not_picked":["Thunderclap","Whirlwind"],"picked":"Perfected Strike","floor":1},{"not_picked":["Sword Boomerang","Searing Blow","True Grit"],"picked":"SKIP","floor":7},{"not_picked":["Heavy Blade","Flex"],"picked":"Pummel","floor":10},{"not_picked":["Carnage","Evolve"],"picked":"Twin Strike","floor":11},{"not_picked":["Heavy Blade","Entrench","Headbutt"],"picked":"SKIP","floor":14},{"not_picked":["Barricade","Reaper"],"picked":"Demon Form","floor":16},{"not_picked":["Warcry","Blood for Blood","Shockwave"],"picked":"SKIP","floor":18},{"not_picked":["Iron Wave","Clash","Thunderclap"],"picked":"SKIP","floor":21},{"not_picked":["Intimidate+1","Infernal Blade+1"],"picked":"Perfected Strike","floor":22},{"not_picked":["Armaments","Twin Strike"],"picked":"Perfected Strike","floor":27},{"not_picked":["Clothesline","Warcry+1"],"picked":"Wild Strike","floor":29},{"not_picked":["Impervious","Anger"],"picked":"Disarm","floor":30},{"not_picked":["Dark Embrace","Bludgeon"],"picked":"Limit Break","floor":33},{"not_picked":["Flex+1","Dropkick","Evolve"],"picked":"SKIP","floor":35},{"not_picked":["True Grit+1","Havoc"],"picked":"Twin Strike+1","floor":37},{"not_picked":["Flex","Sword Boomerang"],"picked":"Ghostly Armor","floor":38},{"not_picked":["Bloodletting+1","Clash"],"picked":"Spot Weakness+1","floor":40},{"not_picked":["Anger+1","Dark Embrace","Cleave+1"],"picked":"Twin Strike+1","floor":41},{"not_picked":["Rupture+1","Havoc+1","Clash"],"picked":"Spot Weakness+1","floor":44},{"not_picked":["Sword Boomerang","Bloodletting","Iron Wave+1","Shockwave"],"picked":"SKIP","floor":47},{"not_picked":["Magnetism","Bandage Up","Impatience"],"picked":"Trip","floor":48}],"player_experience":227828,"relics_obtained":[{"floor":7,"key":"Bronze Scales"},{"floor":9,"key":"Incense Burner"},{"floor":10,"key":"Red Skull"},{"floor":19,"key":"Necronomicon"},{"floor":26,"key":"Anchor"},{"floor":40,"key":"Question Card"},{"floor":43,"key":"The Courier"}],"event_choices":[{"damage_healed":0,"gold_gain":75,"player_choice":"Gather Gold","damage_taken":11,"max_hp_gain":0,"max_hp_loss":0,"event_name":"World of Goop","floor":2,"gold_loss":0},{"damage_healed":0,"gold_gain":0,"player_choice":"Ignored","damage_taken":0,"max_hp_gain":0,"max_hp_loss":0,"event_name":"Golden Idol","floor":4,"gold_loss":0},{"damage_healed":0,"gold_gain":0,"player_choice":"Leave","damage_taken":0,"max_hp_gain":0,"max_hp_loss":0,"event_name":"The Cleric","floor":5,"gold_loss":0},{"damage_healed":0,"gold_gain":0,"player_choice":"Obtained Book","damage_taken":16,"max_hp_gain":0,"max_hp_loss":0,"event_name":"Cursed Tome","floor":19,"gold_loss":0},{"damage_healed":0,"gold_gain":0,"player_choice":"Simplicity","damage_taken":0,"max_hp_gain":0,"max_hp_loss":0,"event_name":"Back to Basics","floor":24,"gold_loss":0,"cards_upgraded":["Strike_R","Strike_R","Strike_R","Strike_R","Strike_R","Defend_R","Defend_R","Defend_R","Defend_R"]},{"damage_healed":21,"gold_gain":0,"player_choice":"Full Heal","damage_taken":0,"max_hp_gain":0,"max_hp_loss":0,"event_name":"Wheel of Change","floor":39,"gold_loss":0},{"damage_healed":0,"gold_gain":0,"player_choice":"Memory 1","damage_taken":0,"max_hp_gain":0,"max_hp_loss":0,"event_name":"SensoryStone","floor":48,"gold_loss":0}],"is_beta":false,"boss_relics":[{"not_picked":["Astrolabe","Lizard Tail"],"picked":"Velvet Choker"},{"not_picked":["Eternal Feather","Fusion Hammer"],"picked":"Black Blood"}],"items_purged_floors":[31],"is_endless":false,"potions_floor_spawned":[7,14,22,30,38,40,47],"ascension_level":4}