{"gold_per_floor":[109,121,134,0,0,0,13,13,13,37,58,58,21,21,21,21],"floor_reached":16,"playtime":513,"items_purged":[],"score":129,"play_id":"14b39573-01a0-4a70-9093-5c0ceeea6be9","local_time":"20190125144816","is_ascension_mode":true,"campfire_choices":[{"data":"Neutralize","floor":6,"key":"SMITH"},{"data":"Footwork","floor":8,"key":"SMITH"},{"data":"Leg Sweep","floor":15,"key":"SMITH"}],"neow_cost":"NONE","seed_source_timestamp":446332938043826,"circlet_count":0,"master_deck":["Defend_G","Defend_G","Defend_G","Defend_G","Defend_G","Strike_G","Strike_G","Strike_G","Strike_G","Strike_G","Survivor","Neutralize+1","Dagger Spray","Leg Sweep+1","Predator","Footwork+1","Acrobatics","Dodge and Roll","Blur","Heel Hook","Regret"],"relics":["Ring of the Snake","NeowsBlessing","Golden Idol","Frozen Egg 2","Ninja Scroll","Dead Branch"],"potions_floor_usage":[11],"damage_taken":[{"damage":0,"enemies":"Cultist","floor":1,"turns":1},{"damage":0,"enemies":"Small Slimes","floor":2,"turns":1},{"damage":0,"enemies":"Jaw Worm","floor":3,"turns":1},{"damage":0,"enemies":"2 Fungi Beasts","floor":7,"turns":4},{"damage":0,"enemies":"3 Louse","floor":10,"turns":6},{"damage":7,"enemies":"Gremlin Gang","floor":11,"turns":5},{"damage":53,"enemies":"The Guardian","floor":16,"turns":12}],"seed_played":"8049348487927010087","potions_obtained":[{"floor":2,"key":"GamblersBrew"},{"floor":3,"key":"LiquidBronze"},{"floor":10,"key":"Fire Potion"}],"is_trial":false,"path_per_floor":["M","M","M","$","?","R","M","R","T","M","M","T","$","?","R","B"],"character_chosen":"THE_SILENT","items_purchased":["Footwork","Acrobatics","Heel Hook"],"campfire_rested":0,"item_purchase_floors":[4,4,13],"current_hp_per_floor":[63,63,63,63,46,46,46,46,46,46,39,39,39,39,39,0],"gold":21,"neow_bonus":"THREE_ENEMY_KILL","is_prod":false,"is_daily":false,"chose_seed":false,"campfire_upgraded":3,"win_rate":0,"timestamp":1548388096,"path_taken":["M","?","M","$","?","R","M","R","T","M","M","?","$","?","R","BOSS"],"build_version":"2019-01-23","purchased_purges":0,"victory":false,"max_hp_per_floor":[70,70,70,70,70,70,70,70,70,70,70,70,70,70,70,70],"card_choices":[{"not_picked":["Backflip","Bouncing Flask"],"picked":"Dagger Spray","floor":1},{"not_picked":["Prepared","Flying Knee"],"picked":"Leg Sweep","floor":2},{"not_picked":["Dagger Spray","Outmaneuver"],"picked":"Predator","floor":3},{"not_picked":["Blade Dance","Flying Knee"],"picked":"Dodge and Roll","floor":7},{"not_picked":["Backflip","Adrenaline"],"picked":"Blur","floor":10},{"not_picked":["Outmaneuver","Backflip","Accuracy+1"],"picked":"SKIP","floor":11}],"player_experience":678470,"relics_obtained":[{"floor":9,"key":"Frozen Egg 2"},{"floor":12,"key":"Ninja Scroll"}],"event_choices":[{"damage_healed":0,"gold_gain":0,"player_choice":"Take Damage","damage_taken":17,"relics_obtained":["Golden Idol"],"max_hp_gain":0,"max_hp_loss":0,"event_name":"Golden Idol","floor":5,"gold_loss":0},{"damage_healed":0,"gold_gain":0,"player_choice":"Box","damage_taken":0,"relics_obtained":["Dead Branch"],"max_hp_gain":0,"max_hp_loss":0,"event_name":"Big Fish","floor":14,"gold_loss":0,"cards_obtained":["Regret"]}],"is_beta":false,"boss_relics":[],"items_purged_floors":[],"is_endless":false,"potions_floor_spawned":[2,3,10],"killed_by":"The Guardian","ascension_level":8}