{"gold_per_floor":[109,123,135,135,60,90,90,90,90,101,119,136,136,167,167,262,362,373,392,412],"floor_reached":20,"playtime":1150,"items_purged":["Defend_R"],"score":197,"play_id":"de829c5d-429a-47f6-baac-0b3df08fbb4b","local_time":"20190105233926","is_ascension_mode":true,"campfire_choices":[{"data":"Armaments","floor":8,"key":"SMITH"},{"data":"Neutralize","floor":13,"key":"SMITH"},{"data":"Disarm","floor":15,"key":"SMITH"}],"neow_cost":"NONE","seed_source_timestamp":45303231605835,"circlet_count":0,"master_deck":["Strike_R","Strike_R","Strike_R","Strike_R","Strike_R","Defend_R","Defend_R","Defend_R","Survivor","Neutralize+1","Armaments+1","Run Through","Flex","Pommel Strike","Fire Breathing","Replay:Undeath\u0027s Touch","Disarm+1","Thunderclap","Limit Break","Iron Wave+1"],"relics":["Burning Blood","Darkstone Periapt","Garlic","ReplayTheSpireMod:TigerMarble","Replay:Wanted Poster"],"potions_floor_usage":[],"damage_taken":[{"damage":9,"enemies":"Jaw Worm","floor":1,"turns":4},{"damage":0,"enemies":"2 Louse","floor":2,"turns":5},{"damage":1,"enemies":"Cultist","floor":3,"turns":4},{"damage":34,"enemies":"Lagavulin","floor":6,"turns":11},{"damage":2,"enemies":"Red Slaver","floor":10,"turns":2},{"damage":0,"enemies":"2 Fungi Beasts","floor":11,"turns":2},{"damage":12,"enemies":"3 Louse","floor":12,"turns":3},{"damage":9,"enemies":"3 Sentries","floor":14,"turns":6},{"damage":46,"enemies":"Slime Boss","floor":16,"turns":12},{"damage":7,"enemies":"Shell Parasite","floor":18,"turns":6},{"damage":18,"enemies":"Chosen","floor":19,"turns":5},{"damage":35,"enemies":"Centurion and Healer","floor":20,"turns":8}],"seed_played":"-93968559391729281","potions_obtained":[{"floor":3,"key":"BloodPotion"},{"floor":10,"key":"PowerPotion"},{"floor":11,"key":"SneckoOil"},{"floor":12,"key":"Milkshake"},{"floor":14,"key":"Toxic Potion"}],"is_trial":false,"path_per_floor":["M","M","M","?","$","E","?","R","T","M","M","M","R","E","R","B",null,"M","M","M"],"character_chosen":"IRONCLAD","items_purchased":[],"campfire_rested":0,"item_purchase_floors":[],"current_hp_per_floor":[77,80,80,80,80,52,52,52,52,56,62,56,56,53,53,13,80,79,67,38],"gold":412,"neow_bonus":"RANDOM_EVENT","is_prod":false,"is_daily":false,"chose_seed":false,"campfire_upgraded":3,"win_rate":0,"timestamp":1546727966,"path_taken":["M","M","M","?","$","E","?","R","T","M","M","M","R","E","R","BOSS","M","M","?"],"build_version":"2019-01-03v4","purchased_purges":1,"victory":false,"max_hp_per_floor":[80,80,80,80,80,80,80,80,80,80,80,80,80,80,80,80,80,80,80,80],"card_choices":[{"not_picked":["Havoc","Seeing Red"],"picked":"Armaments","floor":1},{"not_picked":["Heavy Blade","Pummel"],"picked":"Run Through","floor":2},{"not_picked":["Uppercut","Impervious"],"picked":"Flex","floor":3},{"not_picked":["Seeing Red","Anger"],"picked":"Pommel Strike","floor":6},{"not_picked":["Searing Blow","Body Slam"],"picked":"Fire Breathing","floor":10},{"not_picked":["Seeing Red","Exhume"],"picked":"Replay:Undeath\u0027s Touch","floor":11},{"not_picked":["Bloodletting","True Grit"],"picked":"Disarm","floor":12},{"not_picked":["Havoc","Massacre"],"picked":"Thunderclap","floor":14},{"not_picked":["Brutality","Dark Embrace"],"picked":"Limit Break","floor":16},{"not_picked":["Clash+1","ReplayTheSpireMod:Corrosion Curse","Armaments"],"picked":"SKIP","floor":18},{"not_picked":["Flame Barrier","Fire Breathing"],"picked":"Iron Wave+1","floor":19}],"player_experience":122064,"relics_obtained":[{"floor":6,"key":"Darkstone Periapt"},{"floor":9,"key":"Garlic"},{"floor":14,"key":"ReplayTheSpireMod:TigerMarble"}],"event_choices":[{"damage_healed":0,"gold_gain":0,"player_choice":"Ignored","damage_taken":0,"max_hp_gain":0,"max_hp_loss":0,"event_name":"Golden Idol","floor":4,"gold_loss":0},{"damage_healed":0,"gold_gain":0,"player_choice":"Bought 0 Potions","damage_taken":0,"max_hp_gain":0,"max_hp_loss":0,"event_name":"The Woman in Blue","floor":7,"gold_loss":0}],"is_beta":false,"boss_relics":[{"not_picked":["Replay:Drink Me","Tiny House"],"picked":"Replay:Wanted Poster"}],"items_purged_floors":[5],"is_endless":false,"potions_floor_spawned":[3,10,11,12,14,20],"killed_by":"Centurion and Healer","ascension_level":1}