{"gold_per_floor":[212,212,36,111,134,134,160,177,177,177,69,102,116,136,136,240,240,256,256,271,118,132,161,180,180,180,200,234,247,261,279,279,380,380,398,413,428,447,447,482,482,493,493,521,541,559,559,569,569,569],"floor_reached":50,"playtime":6289,"items_purged":["Strike_G","Strike_G"],"score":691,"play_id":"c3337611-4985-4a8d-b0eb-7171b0253030","local_time":"20190129131056","is_ascension_mode":true,"campfire_choices":[{"data":"Apotheosis","floor":6.0,"key":"SMITH"},{"floor":10.0,"key":"REST"},{"data":"Calculated Gamble","floor":15.0,"key":"SMITH"},{"floor":25.0,"key":"REST"},{"floor":32.0,"key":"REST"},{"floor":47,"key":"REST"},{"floor":49,"key":"REST"}],"neow_cost":"NONE","seed_source_timestamp":118222857938453,"circlet_count":0,"master_deck":["Defend_G","Defend_G","Defend_G","Defend_G","Defend_G","Strike_G","Strike_G","Strike_G","Survivor","Neutralize","Calculated Gamble+1","Apotheosis+1","Setup","Acrobatics","Noxious Fumes","Deflect","After Image","Flechettes","Bane+1","Backflip","Terror+1","Backflip","Bane","Reflex","Underhanded Strike","Endless Agony","Burst","Bane+1","Underhanded Strike","Terror+1","Doubt","Backflip+1","Expertise","Reflex","Backflip","Footwork+1","Backflip+1"],"special_seed":0,"relics":["Ring of the Snake","Vajra","Gambling Chip","Ninja Scroll","Oddly Smooth Stone","HoveringKite","Ornamental Fan","Art of War","The Courier","Lizard Tail","Dream Catcher","Frozen Egg 2","Darkstone Periapt"],"potions_floor_usage":[46,46,50,50],"damage_taken":[{"damage":0.0,"enemies":"Jaw Worm","floor":1.0,"turns":4.0},{"damage":16.0,"enemies":"Gremlin Nob","floor":7.0,"turns":4.0},{"damage":0.0,"enemies":"Cultist","floor":8.0,"turns":3.0},{"damage":7.0,"enemies":"3 Sentries","floor":12.0,"turns":7.0},{"damage":6.0,"enemies":"Small Slimes","floor":13.0,"turns":3.0},{"damage":0.0,"enemies":"Looter","floor":14.0,"turns":2.0},{"damage":0.0,"enemies":"Slime Boss","floor":16.0,"turns":8.0},{"damage":0.0,"enemies":"Spheric Guardian","floor":18.0,"turns":8.0},{"damage":12.0,"enemies":"Shell Parasite","floor":20.0,"turns":9.0},{"damage":0.0,"enemies":"Shelled Parasite and Fungi","floor":22.0,"turns":7.0},{"damage":20.0,"enemies":"Book of Stabbing","floor":23.0,"turns":7.0},{"damage":6.0,"enemies":"Snake Plant","floor":24.0,"turns":6.0},{"damage":0.0,"enemies":"Cultist and Chosen","floor":27.0,"turns":6.0},{"damage":41.0,"enemies":"Slavers","floor":28.0,"turns":7.0},{"damage":1.0,"enemies":"Snecko","floor":29.0,"turns":5.0},{"damage":0.0,"enemies":"Snake Plant","floor":30.0,"turns":4.0},{"damage":8.0,"enemies":"Chosen and Byrds","floor":31.0,"turns":5.0},{"damage":5.0,"enemies":"Champ","floor":33.0,"turns":13.0},{"damage":0.0,"enemies":"Orb Walker","floor":35.0,"turns":3.0},{"damage":9.0,"enemies":"3 Shapes","floor":36.0,"turns":6.0},{"damage":7.0,"enemies":"Transient","floor":37.0,"turns":5.0},{"damage":12.0,"enemies":"Sphere and 2 Shapes","floor":38.0,"turns":6.0},{"damage":21.0,"enemies":"Reptomancer","floor":40.0,"turns":9.0},{"damage":18.0,"enemies":"3 Darklings","floor":42.0,"turns":7.0},{"damage":45.0,"enemies":"Giant Head","floor":44.0,"turns":11.0},{"damage":6.0,"enemies":"Jaw Worm Horde","floor":45.0,"turns":4.0},{"damage":39,"enemies":"Transient","floor":46,"turns":5},{"damage":0,"enemies":"4 Shapes","floor":48,"turns":4},{"damage":72,"enemies":"Time Eater","floor":50,"turns":9}],"seed_played":"996184046717722727","potions_obtained":[{"floor":7.0,"key":"AttackPotion"},{"floor":12.0,"key":"LiquidBronze"},{"floor":14.0,"key":"GamblersBrew"},{"floor":20.0,"key":"GhostInAJar"},{"floor":33.0,"key":"Poison Potion"},{"floor":38.0,"key":"SpeedPotion"},{"floor":45.0,"key":"GhostInAJar"},{"floor":48,"key":"EssenceOfSteel"}],"is_trial":false,"path_per_floor":["M","?","$","?","T","R","E","M","T","R","$","E","M","M","R","B",null,"M","?","M","$","M","E","M","R","T","M","E","M","M","M","R","B",null,"M","M","M","M","?","E","?","M","T","E","M","M","R","M","R","B"],"character_chosen":"THE_SILENT","items_purchased":["Apotheosis","Noxious Fumes","Backflip"],"campfire_rested":5,"item_purchase_floors":[3,11,21],"current_hp_per_floor":[70,75,75,64,64,64,48,48,48,70,70,63,57,57,57,57,75,75,75,63,63,63,43,37,59,59,59,18,17,17,9,31,26,75,75,66,59,47,47,26,75,57,57,12,6,18,40,40,62,0],"gold":569,"neow_bonus":"HUNDRED_GOLD","is_prod":false,"is_daily":false,"chose_seed":false,"campfire_upgraded":2,"win_rate":0,"timestamp":1548789056,"path_taken":["M","?","$","?","?","R","E","M","T","R","$","E","M","M","R","BOSS","M","?","M","$","M","E","M","R","T","?","E","M","?","M","R","BOSS","M","M","M","M","?","E","?","M","T","E","M","M","R","M","R","BOSS"],"build_version":"2019-01-23","purchased_purges":2,"victory":false,"max_hp_per_floor":[70,75,75,75,75,75,75,75,75,75,75,75,75,75,75,75,75,75,75,75,75,75,75,75,75,75,75,75,75,75,75,75,75,75,75,75,75,75,75,75,75,75,75,75,75,75,75,75,75,75],"card_choices":[{"not_picked":["Poisoned Stab","Flying Knee"],"picked":"Calculated Gamble","floor":1.0},{"not_picked":["Masterful Stab","Quick Slash"],"picked":"Setup","floor":7.0},{"not_picked":["Cloak And Dagger","Infinite Blades"],"picked":"Acrobatics","floor":8.0},{"not_picked":["Outmaneuver","Dagger Spray"],"picked":"Infinite Blades","floor":12.0},{"not_picked":["Tactician","PiercingWail","Skewer"],"picked":"SKIP","floor":13.0},{"not_picked":["Sucker Punch","Deadly Poison"],"picked":"Deflect","floor":14.0},{"not_picked":["Burst","Bullet Time"],"picked":"After Image","floor":16.0},{"not_picked":["Deflect","PiercingWail+1"],"picked":"Flechettes","floor":18.0},{"not_picked":["Concentrate","Tactician"],"picked":"Bane+1","floor":20.0},{"not_picked":["Leg Sweep","Bane"],"picked":"Terror+1","floor":22.0},{"not_picked":["Underhanded Strike","Blur"],"picked":"Backflip","floor":23.0},{"not_picked":["Choke+1","Concentrate"],"picked":"Bane","floor":24.0},{"not_picked":["Accuracy","Dagger Spray","Sucker Punch+1"],"picked":"SKIP","floor":27.0},{"not_picked":["Dodge and Roll","Heel Hook+1"],"picked":"Reflex","floor":28.0},{"not_picked":["Sucker Punch","Quick Slash"],"picked":"Underhanded Strike","floor":29.0},{"not_picked":["Deadly Poison+1","Riddle With Holes"],"picked":"Endless Agony","floor":30.0},{"not_picked":["Crippling Poison","Sucker Punch","Predator"],"picked":"SKIP","floor":31.0},{"not_picked":["Wraith Form v2","Glass Knife"],"picked":"Burst","floor":33.0},{"not_picked":["Dagger Throw","Sucker Punch"],"picked":"Bane+1","floor":35.0},{"not_picked":["Dagger Spray","Blade Dance"],"picked":"Underhanded Strike","floor":36.0},{"not_picked":["Quick Slash","Deadly Poison","Flying Knee"],"picked":"SKIP","floor":37.0},{"not_picked":["Infinite Blades","Dagger Throw","Grand Finale"],"picked":"SKIP","floor":38.0},{"not_picked":["Concentrate","Deadly Poison+1"],"picked":"Terror+1","floor":40.0},{"not_picked":["Quick Slash+1","Sucker Punch"],"picked":"Backflip+1","floor":42.0},{"not_picked":["Infinite Blades+1","PiercingWail+1"],"picked":"Expertise","floor":44.0},{"not_picked":["Terror","Expertise"],"picked":"Reflex","floor":45.0},{"not_picked":["Bane","Flying Knee+1"],"picked":"Backflip","floor":46},{"not_picked":["Prepared+1","Predator+1"],"picked":"Footwork+1","floor":48},{"not_picked":["Catalyst","Outmaneuver+1"],"picked":"Backflip+1","floor":49}],"player_experience":243606,"relics_obtained":[{"floor":5.0,"key":"Vajra"},{"floor":7.0,"key":"Gambling Chip"},{"floor":9.0,"key":"Ninja Scroll"},{"floor":12.0,"key":"Oddly Smooth Stone"},{"floor":23.0,"key":"Ornamental Fan"},{"floor":26.0,"key":"Art of War"},{"floor":28.0,"key":"The Courier"},{"floor":40.0,"key":"Dream Catcher"},{"floor":43.0,"key":"Frozen Egg 2"},{"floor":44.0,"key":"Darkstone Periapt"}],"event_choices":[{"damage_healed":0.0,"max_hp_gain":5.0,"max_hp_loss":0.0,"gold_gain":0.0,"event_name":"Big Fish","player_choice":"Donut","floor":2.0,"gold_loss":0.0,"damage_taken":0.0},{"damage_healed":0.0,"max_hp_gain":0.0,"max_hp_loss":0.0,"gold_gain":75.0,"event_name":"World of Goop","player_choice":"Gather Gold","floor":4.0,"gold_loss":0.0,"damage_taken":11.0},{"cards_removed":["Infinite Blades"],"damage_healed":0.0,"max_hp_gain":0.0,"max_hp_loss":0.0,"gold_gain":0.0,"event_name":"Bonfire Elementals","player_choice":"Offered Uncommon","floor":19.0,"gold_loss":0.0,"damage_taken":0.0},{"damage_healed":0.0,"max_hp_gain":0.0,"max_hp_loss":0.0,"gold_gain":0.0,"event_name":"Tomb of Lord Red Mask","player_choice":"Ignored","floor":39.0,"gold_loss":0.0,"damage_taken":0.0},{"damage_healed":49.0,"max_hp_gain":0.0,"max_hp_loss":0.0,"gold_gain":0.0,"event_name":"MindBloom","player_choice":"Heal","floor":41.0,"gold_loss":0.0,"damage_taken":0.0,"cards_obtained":["Doubt"]}],"is_beta":false,"boss_relics":[{"not_picked":["Astrolabe","Calling Bell"],"picked":"HoveringKite"},{"not_picked":["Cursed Key","White Beast Statue"],"picked":"Lizard Tail"}],"items_purged_floors":[11,21],"is_endless":false,"potions_floor_spawned":[7,12,14,18,20,29,33,37,38,45,48],"killed_by":"Time Eater","ascension_level":1}