{"gold_per_floor":[113,113,113,78,78,78,107,107,160,187,112,112,129,101,101,198,198,213,213,21,38,48,48,22,55,78,3,3,3,21,40,40,145,145,157,0,15,15,15,15],"floor_reached":40,"playtime":1250,"items_purged":["Strike_R"],"score":469,"play_id":"7ec6cf40-3334-4693-a594-1def89013150","local_time":"20181222215209","is_ascension_mode":true,"campfire_choices":[{"data":"Spot Weakness","floor":6.0,"key":"SMITH"},{"floor":8.0,"key":"REST"},{"data":"Uppercut","floor":12.0,"key":"SMITH"},{"data":"Disarm","floor":15.0,"key":"SMITH"},{"data":"Twin Strike","floor":23.0,"key":"SMITH"},{"data":"Shrug It Off","floor":28.0,"key":"SMITH"},{"floor":32.0,"key":"REST"}],"neow_cost":"NONE","seed_source_timestamp":0,"circlet_count":0,"master_deck":["Strike_R","Strike_R","Strike_R","Defend_R","Defend_R","Defend_R","Defend_R","Bash+1","Spot Weakness+1","Disarm+1","Uppercut+1","Twin Strike+1","Double Tap","Inflame","Shrug It Off+1","Ghostly Armor","Spot Weakness","Sword Boomerang+1","Spot Weakness+1"],"special_seed":0,"relics":["Black Blood","Bag of Preparation","Calipers","Orichalcum","Tiny Chest","Torii","Runic Pyramid","Vajra","Pantograph","Ancient Tea Set","Red Mask"],"potions_floor_usage":[],"damage_taken":[{"damage":26.0,"enemies":"Small Slimes","floor":1.0,"turns":6.0},{"damage":30.0,"enemies":"3 Sentries","floor":7.0,"turns":6.0},{"damage":25.0,"enemies":"Lagavulin","floor":10.0,"turns":5.0},{"damage":1.0,"enemies":"Jaw Worm","floor":13.0,"turns":3.0},{"damage":1.0,"enemies":"Hexaghost","floor":16.0,"turns":8.0},{"damage":10.0,"enemies":"Spheric Guardian","floor":18.0,"turns":4.0},{"damage":15.0,"enemies":"Shell Parasite","floor":21.0,"turns":4.0},{"damage":8.0,"enemies":"Shelled Parasite and Fungi","floor":22.0,"turns":5.0},{"damage":14.0,"enemies":"Book of Stabbing","floor":25.0,"turns":5.0},{"damage":7.0,"enemies":"Cultist and Chosen","floor":30.0,"turns":5.0},{"damage":17.0,"enemies":"Snake Plant","floor":31.0,"turns":2.0},{"damage":42.0,"enemies":"Collector","floor":33.0,"turns":7.0},{"damage":56.0,"enemies":"3 Darklings","floor":35.0,"turns":9.0},{"damage":11.0,"enemies":"Orb Walker","floor":37.0,"turns":4.0},{"damage":45,"enemies":"Reptomancer","floor":40,"turns":2}],"seed_played":"996578022493687091","potions_obtained":[{"floor":1.0,"key":"Ancient Potion"},{"floor":7.0,"key":"SpeedPotion"},{"floor":19.0,"key":"Energy Potion"},{"floor":19.0,"key":"SteroidPotion"},{"floor":30.0,"key":"PowerPotion"}],"is_trial":false,"path_per_floor":["M","?","?","$","T","R","E","R","T","E","$","R","M","?","R","B",null,"M","?","$","M","M","R","$","E","T","?","R","?","M","M","R","B",null,"M","?","M","$","?","E"],"character_chosen":"IRONCLAD","items_purchased":["Spot Weakness","Vajra","Inflame","Shrug It Off"],"campfire_rested":2,"item_purchase_floors":[4,20,20,24],"current_hp_per_floor":[60,60,60,60,60,60,36,60,60,41,41,41,46,46,46,51,80,76,76,76,67,65,65,65,57,57,57,57,80,79,68,80,44,80,34,34,33,33,33,0],"gold":15,"neow_bonus":"RANDOM_COMMON_RELIC","is_prod":false,"is_daily":false,"chose_seed":false,"campfire_upgraded":5,"win_rate":0,"timestamp":1545511929,"path_taken":["M","?","?","$","?","R","E","R","T","E","$","R","?","?","R","BOSS","M","?","$","M","?","R","$","E","T","?","R","?","M","M","R","BOSS","M","?","M","$","?","E"],"build_version":"2018-12-20","purchased_purges":1,"victory":false,"max_hp_per_floor":[80,80,80,80,80,80,80,80,80,80,80,80,80,80,80,80,80,80,80,80,80,80,80,80,80,80,80,80,80,80,80,80,80,80,80,80,80,80,80,80],"card_choices":[{"not_picked":["Cleave","Armaments","Dual Wield"],"picked":"SKIP","floor":1.0},{"not_picked":["Dark Embrace","Sword Boomerang"],"picked":"Disarm","floor":7.0},{"not_picked":["Sword Boomerang","Berserk"],"picked":"Uppercut","floor":10.0},{"not_picked":["Clash","Headbutt"],"picked":"Twin Strike","floor":13.0},{"not_picked":["Feed","Reaper"],"picked":"Double Tap","floor":16.0},{"not_picked":["Dual Wield+1","Combust","Flex"],"picked":"SKIP","floor":18.0},{"not_picked":["Body Slam","Pommel Strike","Clothesline+1"],"picked":"SKIP","floor":21.0},{"not_picked":["Clothesline","Warcry","Flex"],"picked":"SKIP","floor":22.0},{"not_picked":["Wild Strike","Entrench","Body Slam+1"],"picked":"SKIP","floor":25.0},{"not_picked":["Perfected Strike","Wild Strike"],"picked":"Ghostly Armor","floor":30.0},{"not_picked":["Sever Soul","Barricade","Anger"],"picked":"SKIP","floor":31.0},{"not_picked":["Clothesline","Rage"],"picked":"Spot Weakness","floor":35.0},{"not_picked":["Hemokinesis","Flex+1"],"picked":"Sword Boomerang+1","floor":37.0}],"player_experience":212415,"relics_obtained":[{"floor":5.0,"key":"Calipers"},{"floor":7.0,"key":"Orichalcum"},{"floor":9.0,"key":"Tiny Chest"},{"floor":10.0,"key":"Torii"},{"floor":25.0,"key":"Pantograph"},{"floor":26.0,"key":"Ancient Tea Set"}],"event_choices":[{"damage_healed":0.0,"max_hp_gain":0.0,"max_hp_loss":0.0,"gold_gain":0.0,"event_name":"The Cleric","player_choice":"Leave","floor":2.0,"gold_loss":0.0,"damage_taken":0.0},{"damage_healed":0.0,"max_hp_gain":0.0,"max_hp_loss":0.0,"gold_gain":0.0,"event_name":"Living Wall","player_choice":"Grow","floor":3.0,"gold_loss":0.0,"damage_taken":0.0,"cards_upgraded":["Bash"]},{"damage_healed":0.0,"max_hp_gain":0.0,"max_hp_loss":0.0,"gold_gain":0.0,"event_name":"World of Goop","player_choice":"Left Gold","floor":14.0,"gold_loss":28.0,"damage_taken":0.0},{"damage_healed":0.0,"max_hp_gain":0.0,"max_hp_loss":0.0,"gold_gain":0.0,"event_name":"Lab","player_choice":"Got Potions","floor":19.0,"gold_loss":0.0,"damage_taken":0.0},{"cards_removed":["Strike_R"],"damage_healed":0.0,"max_hp_gain":0.0,"max_hp_loss":0.0,"gold_gain":0.0,"event_name":"Beggar","player_choice":"Gave Gold","floor":27.0,"gold_loss":75.0,"damage_taken":0.0},{"damage_healed":26.0,"max_hp_gain":0.0,"max_hp_loss":0.0,"gold_gain":0.0,"event_name":"The Library","player_choice":"Heal","floor":29.0,"gold_loss":0.0,"damage_taken":0.0},{"damage_healed":0.0,"max_hp_gain":0.0,"max_hp_loss":0.0,"gold_gain":0.0,"event_name":"Tomb of Lord Red Mask","player_choice":"Paid","floor":36.0,"gold_loss":157.0,"damage_taken":0.0,"relics_obtained":["Red Mask"]},{"damage_healed":0.0,"max_hp_gain":0.0,"max_hp_loss":0.0,"gold_gain":0.0,"event_name":"Duplicator","player_choice":"Copied","floor":39.0,"gold_loss":0.0,"damage_taken":0.0,"cards_obtained":["Spot Weakness"]}],"is_beta":false,"boss_relics":[{"not_picked":["Orrery","Runic Cube"],"picked":"Runic Pyramid"},{"not_picked":["Eternal Feather","Sozu"],"picked":"Black Blood"}],"items_purged_floors":[11],"is_endless":false,"potions_floor_spawned":[1,7,21,30],"killed_by":"Reptomancer","ascension_level":3}