{"gold_per_floor":[112,187,45,63,63,63,94,94,120,136,152,152,162,179,179,282,282,295,168,0,18,38,38,50,50,50,50,62,76,76,91,91,194,194,212,87,87,87,98,98,112,112,112,130,130,130,149,164,164,164],"floor_reached":50,"playtime":2763,"items_purged":["Strike_B","Defend_B","Defend_B"],"score":493,"play_id":"d1736ce2-62f5-4326-a199-b45b08d499a6","local_time":"20180819225157","is_ascension_mode":true,"campfire_choices":[{"data":"Zap","floor":6.0,"key":"SMITH"},{"data":"Self Repair","floor":8.0,"key":"SMITH"},{"data":"Leap","floor":12,"key":"SMITH"},{"data":"Auto Shields","floor":15,"key":"SMITH"},{"floor":23,"key":"REST"},{"floor":25,"key":"REST"},{"data":"Streamline","floor":27,"key":"SMITH"},{"floor":32,"key":"REST"},{"floor":40,"key":"REST"},{"floor":42,"key":"REST"},{"data":"Seek","floor":45,"key":"SMITH"},{"floor":49,"key":"REST"}],"neow_cost":"NONE","seed_source_timestamp":0,"circlet_count":0,"master_deck":["Zap+1","Dualcast","Coolheaded","Self Repair+1","Sweeping Beam+1","Leap+1","Blizzard","Genetic Algorithm","Auto Shields+1","Machine Learning","White Noise","Coolheaded","Streamline+1","Conserve Battery+1","Gash+1","Gash","Go for the Eyes+1","Redo+1","Seek+1","Gash+1","Panacea","Multi-Cast"],"special_seed":0,"relics":["Cracked Core","Dream Catcher","Whetstone","Empty Cage","Letter Opener","Lizard Tail","Du-Vu Doll"],"potions_floor_usage":[16,18,33,44,44,50,50],"damage_taken":[{"damage":0.0,"enemies":"2 Louse","floor":1.0,"turns":3.0},{"damage":12.0,"enemies":"Small Slimes","floor":4.0,"turns":3.0},{"damage":27.0,"enemies":"3 Sentries","floor":7.0,"turns":8.0},{"damage":0.0,"enemies":"Cultist","floor":10.0,"turns":4.0},{"damage":19.0,"enemies":"Large Slime","floor":11.0,"turns":6.0},{"damage":2,"enemies":"Exordium Wildlife","floor":13,"turns":5},{"damage":1,"enemies":"2 Fungi Beasts","floor":14,"turns":3},{"damage":53,"enemies":"Slime Boss","floor":16,"turns":13},{"damage":39,"enemies":"3 Byrds","floor":18,"turns":7},{"damage":16,"enemies":"2 Thieves","floor":21,"turns":5},{"damage":33,"enemies":"Snecko","floor":22,"turns":11},{"damage":22,"enemies":"Sentry and Sphere","floor":24,"turns":10},{"damage":16,"enemies":"Centurion and Healer","floor":28,"turns":8},{"damage":0,"enemies":"Cultist and Chosen","floor":29,"turns":8},{"damage":19,"enemies":"Snake Plant","floor":31,"turns":5},{"damage":22,"enemies":"Champ","floor":33,"turns":16},{"damage":37,"enemies":"3 Darklings","floor":35,"turns":7},{"damage":21,"enemies":"3 Shapes","floor":39,"turns":5},{"damage":29,"enemies":"3 Darklings","floor":41,"turns":6},{"damage":10,"enemies":"Transient","floor":44,"turns":5},{"damage":26,"enemies":"4 Shapes","floor":47,"turns":6},{"damage":17,"enemies":"Sphere and 2 Shapes","floor":48,"turns":5},{"damage":128,"enemies":"Donu and Deca","floor":50,"turns":11}],"seed_played":"2608070041947184033","potions_obtained":[{"floor":1.0,"key":"Strength Potion"},{"floor":4.0,"key":"Regen Potion"},{"floor":7.0,"key":"GamblersBrew"},{"floor":13,"key":"Strength Potion"},{"floor":14,"key":"Regen Potion"},{"floor":16,"key":"GamblersBrew"},{"floor":21,"key":"Dexterity Potion"},{"floor":39,"key":"Weak Potion"},{"floor":44,"key":"EssenceOfSteel"}],"is_trial":false,"path_per_floor":["M","?","$","M","?","R","E","R","T","M","M","R","M","M","R","B",null,"M","$","?","M","M","R","M","R","T","R","M","M","?","M","R","B",null,"M","$","?","$","M","R","M","R","T","M","R","?","M","M","R"],"character_chosen":"DEFECT","items_purchased":["Self Repair","Coolheaded"],"campfire_rested":6,"item_purchase_floors":[3,19],"current_hp_per_floor":[75,64,64,59,59,59,54,54,54,64,55,55,63,72,72,41,75,46,46,46,40,17,39,27,49,49,49,50,60,60,51,73,61,75,48,48,48,48,37,59,40,62,62,62,62,62,46,39,61,0],"gold":164,"neow_bonus":"REMOVE_CARD","is_prod":false,"is_daily":false,"chose_seed":false,"campfire_upgraded":6,"win_rate":0,"timestamp":1534690317,"path_taken":["M","?","$","M","?","R","E","R","T","M","M","R","M","M","R","BOSS","M","$","?","M","M","R","M","R","T","R","M","?","?","M","R","BOSS","M","$","?","?","M","R","M","R","T","M","R","?","?","M","R","BOSS"],"build_version":"2018-08-16","purchased_purges":3,"victory":false,"max_hp_per_floor":[75,75,75,75,75,75,75,75,75,75,75,75,75,75,75,75,75,75,75,75,75,75,75,75,75,75,75,75,75,75,75,75,75,75,75,75,75,75,75,75,75,75,75,75,75,75,75,75,75,75],"card_choices":[{"not_picked":["Tempest","Skim"],"picked":"Coolheaded","floor":1.0},{"not_picked":["Turbo","Steam"],"picked":"Sweeping Beam","floor":4.0},{"not_picked":["Reinforced Body","Tempest"],"picked":"Leap","floor":7.0},{"not_picked":["Hello World","Steam"],"picked":"Blizzard","floor":10.0},{"not_picked":["Darkness","Hello World"],"picked":"Genetic Algorithm","floor":11.0},{"not_picked":["Darkness","Compile Driver"],"picked":"Auto Shields","floor":13},{"not_picked":["Chaos","Hologram","Compile Driver"],"picked":"SKIP","floor":14},{"not_picked":["Amplify","Biased Cognition"],"picked":"Machine Learning","floor":16},{"not_picked":["Force Field+1","Redo"],"picked":"White Noise","floor":18},{"not_picked":["Recycle+1","Sunder","Scrape"],"picked":"SKIP","floor":21},{"not_picked":["Beam Cell","Undo+1","White Noise"],"picked":"SKIP","floor":22},{"not_picked":["Auto Shields","Aggregate"],"picked":"Streamline","floor":23},{"not_picked":["Tempest+1","Sweeping Beam"],"picked":"Conserve Battery+1","floor":24},{"not_picked":["Sweeping Beam+1","Hello World"],"picked":"Gash+1","floor":25},{"not_picked":["Skim+1","Leap"],"picked":"Gash","floor":28},{"not_picked":["Turbo+1","Stack"],"picked":"Go for the Eyes+1","floor":29},{"not_picked":["Conserve Battery+1","Buffer"],"picked":"Redo+1","floor":31},{"not_picked":["Rainbow","Electrodynamics"],"picked":"Seek","floor":33},{"not_picked":["Lockon+1","Cold Snap"],"picked":"Gash+1","floor":35},{"not_picked":["Sadistic Nature","Good Instincts"],"picked":"Panacea","floor":37},{"not_picked":["Redo","Streamline","Hello World"],"picked":"SKIP","floor":39},{"not_picked":["Barrage+1","Sweeping Beam","Cold Snap"],"picked":"SKIP","floor":41},{"not_picked":["Coolheaded+1","Fusion+1","Capacitor+1"],"picked":"SKIP","floor":44},{"not_picked":["Steam","Compile Driver","Rebound"],"picked":"SKIP","floor":47},{"not_picked":["Ball Lightning+1","Consume+1","Reinforced Body"],"picked":"SKIP","floor":48}],"player_experience":256995,"relics_obtained":[{"floor":7.0,"key":"Dream Catcher"},{"floor":9.0,"key":"Whetstone"},{"floor":26,"key":"Letter Opener"},{"floor":43,"key":"Du-Vu Doll"}],"event_choices":[{"event_name":"World of Goop","player_choice":"Gather Gold","floor":2.0,"damage_taken":0.0},{"event_name":"Bonfire Elementals","player_choice":"BASIC","floor":5.0,"damage_taken":0.0},{"event_name":"Masked Bandits","player_choice":"Paid Fearfully","floor":20,"damage_taken":0},{"event_name":"Vampires","player_choice":"Ignored","floor":30,"damage_taken":0},{"event_name":"SensoryStone","player_choice":"Memory 1","floor":37,"damage_taken":0},{"event_name":"Transmorgrifier","player_choice":"Transform","floor":46,"damage_taken":0}],"is_beta":false,"boss_relics":[{"not_picked":["Fusion Hammer","Runic Pyramid"],"picked":"Empty Cage"},{"not_picked":["Coffee Dripper","Astrolabe"],"picked":"Lizard Tail"}],"items_purged_floors":[3,19,36],"is_endless":false,"potions_floor_spawned":[1,4,7,13,14,16,21,22,24,39,41,44],"killed_by":"Donu and Deca","ascension_level":2}