{"gold_per_floor":[109,59,334,353,428,457,16,50,50,50],"floor_reached":10,"playtime":417,"items_purged":[],"score":103,"play_id":"a1484b94-8a9d-4adb-ac4d-23f58c64e5bc","local_time":"20181115004747","is_ascension_mode":true,"campfire_choices":[],"neow_cost":"NONE","seed_source_timestamp":641314721790921,"circlet_count":0,"master_deck":["Defend_G","Defend_G","Defend_G","Defend_G","Defend_G","Strike_G","Strike_G","Strike_G","Strike_G","Survivor","Neutralize","Slice","Regret","Deadly Poison","Caltrops","Poisoned Stab","Backflip","Acrobatics"],"relics":["Ring of the Snake","Peace Pipe","Nunchaku","Pear","Pantograph"],"potions_floor_usage":[6,6,8],"damage_taken":[{"damage":2,"enemies":"Small Slimes","floor":1,"turns":4},{"damage":0,"enemies":"2 Louse","floor":4,"turns":3},{"damage":32,"enemies":"Gremlin Nob","floor":6,"turns":4},{"damage":27,"enemies":"Lagavulin","floor":8,"turns":8},{"damage":24,"enemies":"Gremlin Nob","floor":10,"turns":3}],"seed_played":"7826480063786012148","potions_obtained":[{"floor":1,"key":"AttackPotion"},{"floor":4,"key":"Swift Potion"}],"is_trial":false,"path_per_floor":["M","?","?","M","?","E","$","E","T","E"],"character_chosen":"THE_SILENT","items_purchased":["Nunchaku","Poisoned Stab","Backflip","Weak Potion"],"campfire_rested":0,"item_purchase_floors":[7,7,7,7],"current_hp_per_floor":[75,75,75,75,64,32,32,15,15,0],"gold":50,"neow_bonus":"TEN_PERCENT_HP_BONUS","is_prod":false,"is_daily":false,"chose_seed":false,"campfire_upgraded":0,"win_rate":0,"timestamp":1542271667,"path_taken":["M","?","?","?","?","E","?","E","T","E"],"build_version":"2018-11-08","purchased_purges":0,"victory":false,"max_hp_per_floor":[77,77,77,77,77,77,77,87,87,87],"card_choices":[{"not_picked":["Reflex","Outmaneuver"],"picked":"Slice","floor":1},{"not_picked":["Footwork","Acrobatics"],"picked":"Deadly Poison","floor":4},{"not_picked":["Malaise","Underhanded Strike"],"picked":"Caltrops","floor":6},{"not_picked":["Riddle With Holes","Eviscerate"],"picked":"Acrobatics","floor":8}],"player_experience":58250,"relics_obtained":[{"floor":6,"key":"Peace Pipe"},{"floor":8,"key":"Pear"},{"floor":9,"key":"Pantograph"}],"event_choices":[{"cards_removed":["Strike_G"],"damage_healed":0,"gold_gain":0,"player_choice":"Card Removal","damage_taken":0,"max_hp_gain":0,"max_hp_loss":0,"event_name":"The Cleric","floor":2,"gold_loss":50},{"damage_healed":0,"gold_gain":275,"player_choice":"Desecrate","damage_taken":0,"max_hp_gain":0,"max_hp_loss":0,"event_name":"Golden Shrine","floor":3,"gold_loss":0,"cards_obtained":["Regret"]},{"damage_healed":0,"gold_gain":75,"player_choice":"Gather Gold","damage_taken":11,"max_hp_gain":0,"max_hp_loss":0,"event_name":"World of Goop","floor":5,"gold_loss":0}],"is_beta":false,"boss_relics":[],"items_purged_floors":[],"is_endless":false,"potions_floor_spawned":[1,4],"killed_by":"Gremlin Nob","ascension_level":1}