{"gold_per_floor":[162,112,128,147,147,147,181,181],"floor_reached":8,"playtime":190,"items_purged":[],"score":67,"play_id":"7cf12564-b81e-48e3-b97b-c5aae82d44b5","local_time":"20190124185528","is_ascension_mode":true,"campfire_choices":[{"data":"Barricade","floor":6,"key":"SMITH"}],"neow_cost":"NONE","seed_source_timestamp":22815673414733,"circlet_count":0,"master_deck":["Strike_R","Strike_R","Strike_R+1","Defend_R","Defend_R","Defend_R","Defend_R","Bash","Heavy Blade","Twin Strike","Rampage","Barricade+1","Impervious"],"relics":["Tiny House","Bag of Marbles"],"potions_floor_usage":[8],"damage_taken":[{"damage":14,"enemies":"Small Slimes","floor":1,"turns":4},{"damage":9,"enemies":"2 Louse","floor":3,"turns":3},{"damage":2,"enemies":"Jaw Worm","floor":4,"turns":3},{"damage":51,"enemies":"Lagavulin","floor":7,"turns":6},{"damage":0,"enemies":"Large Slime","floor":8,"turns":1}],"seed_played":"8330577076170225958","potions_obtained":[{"floor":0,"key":"BloodPotion"},{"floor":7,"key":"GamblersBrew"}],"is_trial":false,"path_per_floor":["M","?","M","M","?","R","E","M"],"character_chosen":"IRONCLAD","items_purchased":[],"campfire_rested":0,"item_purchase_floors":[],"current_hp_per_floor":[71,71,62,60,53,53,2,10],"gold":181,"neow_bonus":"BOSS_RELIC","is_prod":false,"is_daily":false,"chose_seed":false,"campfire_upgraded":1,"win_rate":0,"timestamp":1548374128,"path_taken":["M","?","M","M","?","R","E","M"],"build_version":"2019-01-23","purchased_purges":0,"victory":false,"max_hp_per_floor":[85,85,85,85,85,85,85,85],"card_choices":[{"not_picked":["Havoc","Warcry"],"picked":"Heavy Blade","floor":0},{"not_picked":["Burning Pact","Uppercut"],"picked":"Twin Strike","floor":1},{"not_picked":["Feel No Pain","Pommel Strike"],"picked":"Rampage","floor":3},{"not_picked":["Warcry","Clothesline"],"picked":"Barricade","floor":4},{"not_picked":["Battle Trance","Perfected Strike"],"picked":"Impervious","floor":7}],"player_experience":129883,"relics_obtained":[{"floor":7,"key":"Bag of Marbles"}],"event_choices":[{"cards_removed":["Strike_R"],"damage_healed":0,"gold_gain":0,"player_choice":"Card Removal","damage_taken":0,"max_hp_gain":0,"max_hp_loss":0,"event_name":"The Cleric","floor":2,"gold_loss":50},{"cards_removed":["Strike_R"],"damage_healed":0,"gold_gain":0,"player_choice":"Card Removal","damage_taken":7,"max_hp_gain":0,"max_hp_loss":0,"event_name":"Golden Wing","floor":5,"gold_loss":0}],"is_beta":false,"boss_relics":[],"items_purged_floors":[],"is_endless":false,"potions_floor_spawned":[7],"killed_by":"Large Slime","ascension_level":4}