{"gold_per_floor":[109,128,128,128,128,160,160,170,170,188,206,206,219,0,0,105,105,120,120,134,144,44,44,58,58,58,58,108,108,123,143,143,242,242,252,252],"floor_reached":36,"playtime":1565,"items_purged":["Strike_B","Strike_B"],"score":366,"play_id":"838032b4-695d-4c0a-9264-e911c7a21e90","local_time":"20180718224042","is_ascension_mode":false,"campfire_choices":[{"floor":7,"key":"REST"},{"floor":12,"key":"REST"},{"data":"Thunder Strike","floor":15,"key":"SMITH"},{"floor":23,"key":"REST"},{"floor":25,"key":"REST"},{"data":"Redo","floor":29,"key":"SMITH"},{"floor":32,"key":"REST"}],"neow_cost":"NONE","seed_source_timestamp":299302230323842,"circlet_count":0,"master_deck":["Strike_B+1","Defend_B","Defend_B+1","Defend_B","Defend_B","Zap+1","Dualcast","Streamline","Go for the Eyes","Beam Cell","Redo","Ball Lightning","Leap","Ball Lightning","Thunder Strike+1","Machine Learning","Ball Lightning","Leap","Redo+1","BootSequence","Conserve Battery","Steam","Biased Cognition","Leap+1"],"relics":["Cracked Core","Incense Burner","Sundial","Orrery","Matryoshka","Nuclear Battery"],"potions_floor_usage":[33,33],"damage_taken":[{"damage":1,"enemies":"Jaw Worm","floor":1,"turns":3},{"damage":0,"enemies":"2 Louse","floor":2,"turns":1},{"damage":16,"enemies":"3 Sentries","floor":6,"turns":6},{"damage":0,"enemies":"Small Slimes","floor":8,"turns":2},{"damage":19,"enemies":"Exordium Thugs","floor":10,"turns":4},{"damage":10,"enemies":"2 Fungi Beasts","floor":11,"turns":3},{"damage":1,"enemies":"3 Louse","floor":13,"turns":3},{"damage":28,"enemies":"Hexaghost","floor":16,"turns":6},{"damage":7,"enemies":"Shell Parasite","floor":18,"turns":5},{"damage":1,"enemies":"Spheric Guardian","floor":20,"turns":3},{"damage":4,"enemies":"Chosen and Byrds","floor":21,"turns":5},{"damage":33,"enemies":"Sentry and Sphere","floor":24,"turns":5},{"damage":0,"enemies":"Cultist and Chosen","floor":30,"turns":4},{"damage":8,"enemies":"Snake Plant","floor":31,"turns":4},{"damage":50,"enemies":"Automaton","floor":33,"turns":11},{"damage":64,"enemies":"Flame Bruiser 1 Orb","floor":35,"turns":6},{"damage":25,"enemies":"Orb Walker","floor":36,"turns":3}],"seed_played":"-8250016512730009932","potions_obtained":[{"floor":8,"key":"Fruit Juice"},{"floor":10,"key":"Ancient Potion"},{"floor":11,"key":"SpeedPotion"},{"floor":33,"key":"PowerPotion"}],"is_trial":false,"path_per_floor":["M","M","?","?","?","E","R","M","T","M","M","R","M","$","R","B",null,"M","?","M","M","$","R","M","R","T","?","?","R","M","M","R","B",null,"M"],"character_chosen":"DEFECT","items_purchased":["Thunder Strike"],"campfire_rested":5,"item_purchase_floors":[14],"current_hp_per_floor":[74,74,59,59,59,43,65,65,65,46,36,58,57,57,57,29,75,68,54,53,49,49,73,40,64,64,64,64,64,64,56,80,35,85,21,0],"gold":252,"neow_bonus":"REMOVE_CARD","is_prod":false,"is_daily":false,"chose_seed":false,"campfire_upgraded":2,"win_rate":0.0,"timestamp":1531924842,"path_taken":["M","M","?","?","?","E","R","M","T","M","M","R","M","$","R","BOSS","M","?","M","M","$","R","M","R","T","?","?","R","M","M","R","BOSS","M","M"],"build_version":"2018-07-12","purchased_purges":2,"victory":false,"max_hp_per_floor":[75,75,75,75,75,75,75,75,75,75,75,75,75,75,75,75,75,75,80,80,80,80,80,80,80,80,80,80,80,80,80,80,85,85,85,85],"card_choices":[{"not_picked":["Leap","Cold Snap"],"picked":"Streamline","floor":1},{"not_picked":["Hello World","Streamline"],"picked":"Go for the Eyes","floor":2},{"not_picked":["Glacier","Fusion"],"picked":"Beam Cell","floor":6},{"not_picked":["Rebound","Undo"],"picked":"Redo","floor":8},{"not_picked":["Tempest","Redo"],"picked":"Ball Lightning","floor":10},{"not_picked":["Go for the Eyes","Static Discharge"],"picked":"Leap","floor":11},{"not_picked":["Redo","Steam"],"picked":"Ball Lightning","floor":13},{"not_picked":["Rainbow","Buffer"],"picked":"Machine Learning","floor":16},{"not_picked":["Blizzard","Stack"],"picked":"Ball Lightning","floor":17},{"not_picked":["Rebound","Gash"],"picked":"Leap","floor":17},{"not_picked":["Rebound","Blizzard"],"picked":"Redo","floor":17},{"not_picked":["Blizzard","Cold Snap"],"picked":"BootSequence","floor":17},{"not_picked":["Rebound","Compile Driver"],"picked":"Conserve Battery","floor":18},{"not_picked":["Glacier+1","Stack","Cold Snap"],"picked":"SKIP","floor":20},{"not_picked":["Conserve Battery","Hello World","Double Energy"],"picked":"SKIP","floor":21},{"not_picked":["Cold Snap","Compile Driver"],"picked":"Steam","floor":24},{"not_picked":["Sweeping Beam","Gash","Rip and Tear+1"],"picked":"SKIP","floor":30},{"not_picked":["Compile Driver","Steam Power","Blizzard"],"picked":"SKIP","floor":31},{"not_picked":["Creative AI","All For One"],"picked":"Biased Cognition","floor":33},{"not_picked":["Coolheaded","Gash+1"],"picked":"Leap+1","floor":35}],"player_experience":22191,"relics_obtained":[{"floor":6,"key":"Incense Burner"},{"floor":9,"key":"Sundial"},{"floor":26,"key":"Matryoshka"}],"event_choices":[{"event_name":"Shining Light","player_choice":"Entered Light","floor":3,"damage_taken":0},{"event_name":"Upgrade Shrine","player_choice":"Upgraded","floor":4,"damage_taken":0},{"event_name":"Liars Game","player_choice":"disagreed","floor":5,"damage_taken":0},{"event_name":"Forgotten Altar","player_choice":"Shed Blood","floor":19,"damage_taken":0},{"event_name":"The Lab","player_choice":"Got Potions","floor":27,"damage_taken":0},{"event_name":"The Joust","player_choice":"Bet on Murderer","floor":28,"damage_taken":0}],"boss_relics":[{"not_picked":["Eternal Feather","FrozenCore"],"picked":"Orrery"},{"not_picked":["White Beast Statue","Runic Pyramid"],"picked":"Nuclear Battery"}],"items_purged_floors":[14,22],"is_endless":false,"potions_floor_spawned":[8,10,11,16,20,24,33],"killed_by":"Orb Walker","ascension_level":0}