{"gold_per_floor":[118,132,82,82,94,123,46,60,60,60,80,80,106,106,106,203,203,218,218,218,228,238,238,86,86,133,133,133,143,143,159,159,257,257,267,279,47,47,66,66,86,121,121,21,33,52,52,66,66,66,66,66,16,43,43],"floor_reached":55,"playtime":2780,"items_purged":["Writhe","Parasite"],"score":709,"play_id":"ed9b35ff-a7d6-4290-b2d3-ead6f18833a2","local_time":"20190109002610","is_ascension_mode":false,"campfire_choices":[{"floor":10,"key":"REST"},{"data":"Shrug It Off","floor":12,"key":"SMITH"},{"data":"Clothesline","floor":15,"key":"SMITH"},{"floor":23,"key":"RECALL"},{"floor":27,"key":"REST"},{"floor":30,"key":"REST"},{"floor":32,"key":"REST"},{"floor":40,"key":"REST"},{"floor":47,"key":"REST"},{"floor":49,"key":"REST"},{"floor":52,"key":"REST"}],"neow_cost":"NONE","seed_source_timestamp":32886073230565,"circlet_count":0,"master_deck":["Strike_R+1","Strike_R+1","Strike_R+1","Strike_R+1","Defend_R+1","Defend_R+1","Defend_R+1","Defend_R+1","Bash","Demon Form","Clothesline+1","Twin Strike","Shrug It Off+1","Twin Strike","Limit Break","Shrug It Off","Seeing Red","Limit Break","Heavy Blade","Pommel Strike+1","Reaper","Impervious","Shockwave+1","Metallicize","Ghostly Armor+1","Dark Embrace","Whirlwind+1","Pummel"],"relics":["Burning Blood","Thread and Needle","Gremlin Horn","Matryoshka","Fusion Hammer","Shuriken","Potion Belt","Bronze Scales","Juzu Bracelet","Bottled Flame","Cursed Key","Omamori","Paper Frog","Centennial Puzzle","Self Forming Clay"],"potions_floor_usage":[6,29,33,33,36,36,42,45,45,50,50,50,55,55],"damage_taken":[{"damage":5,"enemies":"Jaw Worm","floor":1,"turns":4},{"damage":3,"enemies":"Small Slimes","floor":2,"turns":3},{"damage":1,"enemies":"2 Louse","floor":5,"turns":3},{"damage":40,"enemies":"3 Sentries","floor":6,"turns":10},{"damage":1,"enemies":"Looter","floor":8,"turns":3},{"damage":8,"enemies":"Exordium Thugs","floor":11,"turns":4},{"damage":1,"enemies":"Lagavulin","floor":13,"turns":7},{"damage":44,"enemies":"Hexaghost","floor":16,"turns":9},{"damage":10,"enemies":"Spheric Guardian","floor":18,"turns":4},{"damage":1,"enemies":"Chosen","floor":21,"turns":5},{"damage":3,"enemies":"Centurion and Healer","floor":22,"turns":5},{"damage":5,"enemies":"Cultist and Chosen","floor":29,"turns":5},{"damage":0,"enemies":"Chosen and Byrds","floor":31,"turns":6},{"damage":59,"enemies":"Collector","floor":33,"turns":8},{"damage":2,"enemies":"Orb Walker","floor":35,"turns":4},{"damage":19,"enemies":"3 Darklings","floor":36,"turns":5},{"damage":14,"enemies":"Maw","floor":39,"turns":7},{"damage":11,"enemies":"4 Shapes","floor":41,"turns":6},{"damage":0,"enemies":"Giant Head","floor":42,"turns":7},{"damage":4,"enemies":"Jaw Worm Horde","floor":45,"turns":5},{"damage":13,"enemies":"Sphere and 2 Shapes","floor":46,"turns":6},{"damage":3,"enemies":"Transient","floor":48,"turns":5},{"damage":58,"enemies":"Donu and Deca","floor":50,"turns":8},{"damage":41,"enemies":"Shield and Spear","floor":54,"turns":8},{"damage":76,"enemies":"The Heart","floor":55,"turns":8}],"seed_played":"-7032451823130735527","potions_obtained":[{"floor":1,"key":"Explosive Potion"},{"floor":8,"key":"Ancient Potion"},{"floor":16,"key":"AttackPotion"},{"floor":21,"key":"Energy Potion"},{"floor":22,"key":"LiquidBronze"},{"floor":33,"key":"EntropicBrew"},{"floor":41,"key":"SneckoOil"},{"floor":48,"key":"Strength Potion"},{"floor":54,"key":"Block Potion"}],"is_trial":false,"path_per_floor":["M","M","?","?","M","E","$","M","T","R","M","R","E","?","R","B",null,"M","?","?","M","M","R","$","?","T","R","T","M","R","M","R","B",null,"M","M","$","?","M","R","M","E","T","$","M","M","R","M","R","B",null,"R","$","E","B"],"character_chosen":"IRONCLAD","items_purchased":["Shrug It Off","Twin Strike","Reaper","Omamori","SteroidPotion"],"campfire_rested":8,"item_purchase_floors":[7,7,24,37,53],"current_hp_per_floor":[80,80,80,62,67,33,33,38,38,62,60,60,65,80,80,42,80,76,61,61,66,69,69,69,69,69,85,85,85,85,85,85,32,85,85,72,72,72,76,85,85,85,85,82,82,82,82,82,82,30,82,82,82,50,0],"gold":43,"neow_bonus":"ONE_RANDOM_RARE_CARD","is_prod":false,"is_daily":false,"chose_seed":false,"campfire_upgraded":2,"win_rate":0,"timestamp":1546986370,"path_taken":["M","M","?","?","M","E","?","M","T","R","M","R","E","?","R","BOSS","M","?","?","M","M","R","$","?","T","R","?","M","R","M","R","BOSS","M","M","$","?","M","R","M","E","T","$","M","M","R","M","R","BOSS","R","$","E","BOSS"],"build_version":"2019-01-03v4","purchased_purges":2,"victory":false,"max_hp_per_floor":[80,80,80,80,80,80,80,80,80,80,80,80,80,80,80,80,80,80,85,85,85,85,85,85,85,85,85,85,85,85,85,85,85,85,85,85,85,85,85,85,85,85,85,82,82,82,82,82,82,82,82,82,82,82,82],"card_choices":[{"not_picked":["Sever Soul","Warcry","Pommel Strike"],"picked":"SKIP","floor":1},{"not_picked":["Wild Strike","Seeing Red"],"picked":"Clothesline","floor":2},{"not_picked":["Shockwave","Sword Boomerang","Body Slam"],"picked":"SKIP","floor":5},{"not_picked":["Flex","Clash"],"picked":"Twin Strike","floor":6},{"not_picked":["Perfected Strike","Headbutt"],"picked":"Limit Break","floor":8},{"not_picked":["Twin Strike","Perfected Strike"],"picked":"Shrug It Off","floor":11},{"not_picked":["Shrug It Off","Berserk"],"picked":"Seeing Red","floor":13},{"not_picked":["Brutality","Demon Form"],"picked":"Limit Break","floor":16},{"not_picked":["Clash","Searing Blow","Sword Boomerang"],"picked":"SKIP","floor":18},{"not_picked":["Entrench","Iron Wave"],"picked":"Heavy Blade","floor":21},{"not_picked":["Sword Boomerang","Flex"],"picked":"Pommel Strike+1","floor":22},{"not_picked":["Uppercut","Flex"],"picked":"Evolve","floor":29},{"not_picked":["Thunderclap","Iron Wave","Clothesline"],"picked":"SKIP","floor":31},{"not_picked":["Berserk","Double Tap"],"picked":"Impervious","floor":33},{"not_picked":["Twin Strike+1","Body Slam","Thunderclap"],"picked":"SKIP","floor":35},{"not_picked":["Twin Strike+1","Wild Strike+1"],"picked":"Shockwave+1","floor":36},{"not_picked":["Shrug It Off","Rupture"],"picked":"Metallicize","floor":39},{"not_picked":["Iron Wave+1","Armaments"],"picked":"Ghostly Armor+1","floor":41},{"not_picked":["Intimidate+1","Wild Strike"],"picked":"Dark Embrace","floor":42},{"not_picked":["Dual Wield+1","Feel No Pain+1","Warcry"],"picked":"SKIP","floor":45},{"not_picked":["Rampage+1","Carnage"],"picked":"Whirlwind+1","floor":46},{"not_picked":["Pommel Strike","Hemokinesis+1","Sword Boomerang"],"picked":"SKIP","floor":48},{"not_picked":["Headbutt","Corruption+1"],"picked":"Pummel","floor":54}],"player_experience":156384,"relics_obtained":[{"floor":6,"key":"Gremlin Horn"},{"floor":13,"key":"Matryoshka"},{"floor":26,"key":"Potion Belt"},{"floor":26,"key":"Bronze Scales"},{"floor":28,"key":"Juzu Bracelet"},{"floor":28,"key":"Bottled Flame"},{"floor":42,"key":"Paper Frog"},{"floor":43,"key":"Centennial Puzzle"},{"floor":54,"key":"Self Forming Clay"}],"event_choices":[{"cards_removed":["Strike_R"],"damage_healed":0,"gold_gain":0,"player_choice":"Card Removal","damage_taken":0,"max_hp_gain":0,"max_hp_loss":0,"event_name":"The Cleric","floor":3,"gold_loss":50},{"damage_healed":0,"gold_gain":0,"player_choice":"Success","damage_taken":18,"relics_obtained":["Thread and Needle"],"max_hp_gain":0,"max_hp_loss":0,"event_name":"Scrap Ooze","floor":4,"gold_loss":0},{"damage_healed":20,"gold_gain":0,"player_choice":"Healed and dodged fight","damage_taken":0,"max_hp_gain":0,"max_hp_loss":0,"event_name":"Mushrooms","floor":14,"gold_loss":0,"cards_obtained":["Parasite"]},{"damage_healed":0,"gold_gain":0,"player_choice":"Shed Blood","damage_taken":20,"max_hp_gain":5,"max_hp_loss":0,"event_name":"Forgotten Altar","floor":19,"gold_loss":0},{"damage_healed":0,"gold_gain":0,"player_choice":"Opened","damage_taken":0,"relics_obtained":["Shuriken"],"max_hp_gain":0,"max_hp_loss":0,"event_name":"The Mausoleum","floor":20,"gold_loss":0,"cards_obtained":["Writhe"]},{"damage_healed":0,"gold_gain":0,"player_choice":"Simplicity","damage_taken":0,"max_hp_gain":0,"max_hp_loss":0,"event_name":"Back to Basics","floor":25,"gold_loss":0,"cards_upgraded":["Strike_R","Strike_R","Strike_R","Strike_R","Defend_R","Defend_R","Defend_R","Defend_R"]},{"cards_removed":["Evolve"],"damage_healed":0,"gold_gain":0,"player_choice":"Removed Power","damage_taken":0,"max_hp_gain":0,"max_hp_loss":0,"event_name":"Falling","floor":38,"gold_loss":0}],"is_beta":false,"boss_relics":[{"not_picked":["Empty Cage","Runic Dome"],"picked":"Fusion Hammer"},{"not_picked":["Runic Cube","Orrery"],"picked":"Cursed Key"}],"items_purged_floors":[37,44],"is_endless":false,"potions_floor_spawned":[1,8,16,21,22,33,41,48,54],"killed_by":"The Heart","ascension_level":0}