{"gold_per_floor":[119,119,37,57,67,93,93,93,169,189,203,203,220,231,231,330,330,340,340],"floor_reached":19,"playtime":539,"items_purged":[],"score":171,"play_id":"2685f487-97f9-49bd-94de-d2ebb15b1d15","local_time":"20190127130533","is_ascension_mode":false,"campfire_choices":[{"data":"Fusion","floor":8,"key":"SMITH"},{"data":"Turbo","floor":12,"key":"SMITH"},{"data":"Sunder","floor":15,"key":"SMITH"}],"neow_cost":"NONE","seed_source_timestamp":674480247611951,"circlet_count":0,"master_deck":["Strike_B","Strike_B","Strike_B","Strike_B","Defend_B","Defend_B","Defend_B","Zap","Dualcast","Sunder+1","Fusion+1","Turbo+1","Fission","Sunder"],"relics":["Cracked Core","NeowsBlessing","Ancient Tea Set","Kunai","Meat on the Bone","Orrery"],"potions_floor_usage":[6,16,19],"damage_taken":[{"damage":0,"enemies":"Jaw Worm","floor":1,"turns":1},{"damage":0,"enemies":"Cultist","floor":4,"turns":1},{"damage":0,"enemies":"2 Louse","floor":5,"turns":1},{"damage":24,"enemies":"Gremlin Nob","floor":6,"turns":4},{"damage":4,"enemies":"2 Fungi Beasts","floor":10,"turns":2},{"damage":8,"enemies":"3 Louse","floor":11,"turns":2},{"damage":11,"enemies":"Lots of Slimes","floor":13,"turns":5},{"damage":10,"enemies":"Looter","floor":14,"turns":2},{"damage":37,"enemies":"Slime Boss","floor":16,"turns":8},{"damage":20,"enemies":"2 Thieves","floor":18,"turns":4},{"damage":54,"enemies":"Masked Bandits","floor":19,"turns":5}],"seed_played":"-252210932156908257","potions_obtained":[{"floor":1,"key":"SmokeBomb"},{"floor":5,"key":"Poison Potion"},{"floor":6,"key":"EssenceOfSteel"},{"floor":10,"key":"Swift Potion"}],"is_trial":false,"path_per_floor":["M","?","$","M","M","E","?","R","T","M","M","R","M","M","R","B",null,"M","?"],"character_chosen":"DEFECT","items_purchased":["Fusion"],"campfire_rested":0,"item_purchase_floors":[3],"current_hp_per_floor":[75,75,75,75,75,51,51,51,51,47,39,39,40,42,42,17,75,55,1],"gold":340,"neow_bonus":"THREE_ENEMY_KILL","is_prod":false,"is_daily":false,"chose_seed":false,"campfire_upgraded":3,"win_rate":0,"timestamp":1548606933,"path_taken":["M","?","$","?","M","E","?","R","T","M","M","R","M","M","R","BOSS","M","?"],"build_version":"2019-01-23","purchased_purges":0,"victory":false,"max_hp_per_floor":[75,75,75,75,75,75,75,75,75,75,75,75,75,75,75,75,75,75,75],"card_choices":[{"not_picked":["Doom and Gloom","Stack"],"picked":"Sunder","floor":1},{"not_picked":["Go for the Eyes","Beam Cell","Sweeping Beam"],"picked":"SKIP","floor":4},{"not_picked":["Defragment","Rebound","Static Discharge"],"picked":"SKIP","floor":5},{"not_picked":["Darkness","FTL","Sweeping Beam"],"picked":"SKIP","floor":6},{"not_picked":["Rebound","Heatsinks"],"picked":"Turbo","floor":10},{"not_picked":["Double Energy","Beam Cell","Genetic Algorithm"],"picked":"SKIP","floor":11},{"not_picked":["Leap","Self Repair","Steam"],"picked":"SKIP","floor":13},{"not_picked":["Barrage","Defragment","Storm"],"picked":"SKIP","floor":14},{"not_picked":["Thunder Strike","Electrodynamics"],"picked":"Fission","floor":16},{"not_picked":["Steam Power","Scrape"],"picked":"Sunder","floor":17},{"not_picked":["Amplify","Stack","Consume"],"picked":"SKIP","floor":18}],"player_experience":246579,"relics_obtained":[{"floor":6,"key":"Kunai"},{"floor":9,"key":"Meat on the Bone"}],"event_choices":[{"damage_healed":0,"gold_gain":0,"player_choice":"Gave Potion","damage_taken":0,"relics_obtained":["Ancient Tea Set"],"max_hp_gain":0,"max_hp_loss":0,"event_name":"WeMeetAgain","floor":2,"gold_loss":0},{"cards_removed":["Defend_B"],"damage_healed":0,"gold_gain":0,"player_choice":"Forget","damage_taken":0,"max_hp_gain":0,"max_hp_loss":0,"event_name":"Living Wall","floor":7,"gold_loss":0},{"damage_healed":0,"gold_gain":0,"player_choice":"Fought Bandits","damage_taken":0,"max_hp_gain":0,"max_hp_loss":0,"event_name":"Masked Bandits","floor":19,"gold_loss":0}],"is_beta":false,"boss_relics":[{"not_picked":["White Beast Statue","Runic Pyramid"],"picked":"Orrery"}],"items_purged_floors":[],"is_endless":false,"potions_floor_spawned":[1,5,6,10],"killed_by":"Masked Bandits","ascension_level":0}