{"gold_per_floor":[112,112,128,146,161,226,226,239,264,264,264,275,298,315,315,315],"floor_reached":16,"playtime":864,"items_purged":[],"score":109,"play_id":"0fa51f5e-5bde-4c08-a9ac-7bbcb90cf57f","local_time":"20190105161803","is_ascension_mode":true,"campfire_choices":[{"floor":7,"key":"REST"},{"data":"Footwork","floor":15,"key":"SMITH"}],"neow_cost":"NONE","seed_source_timestamp":672845639744848,"circlet_count":0,"master_deck":["Defend_G","Defend_G","Defend_G","Defend_G","Defend_G","Strike_G","Strike_G","Strike_G+1","Survivor","Neutralize","Acrobatics+1","PiercingWail","Poisoned Stab","Predator","Footwork+1","Quick Slash","Deadly Poison","Terror"],"relics":["Ring of the Snake","Tiny Chest","Regal Pillow","Paper Crane","Strawberry"],"potions_floor_usage":[6,16],"damage_taken":[{"damage":17,"enemies":"Jaw Worm","floor":1,"turns":8},{"damage":11,"enemies":"Cultist","floor":3,"turns":6},{"damage":0,"enemies":"2 Louse","floor":4,"turns":4},{"damage":2,"enemies":"Blue Slaver","floor":5,"turns":5},{"damage":36,"enemies":"Gremlin Nob","floor":6,"turns":5},{"damage":1,"enemies":"Red Slaver","floor":8,"turns":8},{"damage":3,"enemies":"Exordium Wildlife","floor":12,"turns":11},{"damage":0,"enemies":"Exordium Thugs","floor":14,"turns":4},{"damage":29,"enemies":"Slime Boss","floor":16,"turns":11}],"seed_played":"-5135200103693135367","potions_obtained":[{"floor":3,"key":"Regen Potion"},{"floor":4,"key":"Swift Potion"},{"floor":12,"key":"PowerPotion"}],"is_trial":false,"path_per_floor":["M","?","M","M","M","E","R","M","T","?","T","M","T","M","R","B"],"character_chosen":"THE_SILENT","items_purchased":[],"campfire_rested":1,"item_purchase_floors":[],"current_hp_per_floor":[53,53,42,42,40,16,37,36,36,22,22,19,26,26,26,0],"gold":315,"neow_bonus":"REMOVE_CARD","is_prod":false,"is_daily":false,"chose_seed":false,"campfire_upgraded":1,"win_rate":0,"timestamp":1546723083,"path_taken":["M","?","M","M","?","E","R","M","T","?","?","?","?","M","R","BOSS"],"build_version":"2019-01-03v4","purchased_purges":0,"victory":false,"max_hp_per_floor":[70,70,70,70,70,70,70,70,70,70,70,70,77,77,77,77],"card_choices":[{"not_picked":["Flying Knee","Outmaneuver"],"picked":"Acrobatics","floor":1},{"not_picked":["Deflect","Dash"],"picked":"PiercingWail","floor":3},{"not_picked":["Crippling Poison","Prepared"],"picked":"Poisoned Stab","floor":4},{"not_picked":["Calculated Gamble","Masterful Stab"],"picked":"Predator","floor":5},{"not_picked":["Venomology","Predator"],"picked":"Footwork","floor":6},{"not_picked":["Dagger Spray","Bane"],"picked":"Quick Slash","floor":8},{"not_picked":["Dagger Throw","Crippling Poison"],"picked":"Deadly Poison","floor":12},{"not_picked":["Poisoned Stab","Prepared"],"picked":"Terror","floor":14}],"player_experience":34702,"relics_obtained":[{"floor":6,"key":"Tiny Chest"},{"floor":9,"key":"Regal Pillow"},{"floor":11,"key":"Paper Crane"},{"floor":13,"key":"Strawberry"}],"event_choices":[{"cards_removed":["Strike_G"],"damage_healed":0,"gold_gain":0,"player_choice":"Purged","damage_taken":0,"max_hp_gain":0,"max_hp_loss":0,"event_name":"Purifier","floor":2,"gold_loss":0},{"damage_healed":0,"gold_gain":0,"player_choice":"Entered Light","damage_taken":14,"max_hp_gain":0,"max_hp_loss":0,"event_name":"Shining Light","floor":10,"gold_loss":0,"cards_upgraded":["Strike_G","Acrobatics"]}],"is_beta":false,"boss_relics":[],"items_purged_floors":[],"is_endless":false,"potions_floor_spawned":[3,4,12],"killed_by":"Slime Boss","ascension_level":1}