{"gold_per_floor":[115,115,126,126,51,81,81,100,100,100,114,145,145,158,158,253,253,268,268,193,211,17,17,34,34,58,85,101,101,132,149,149,244,244,260,260,272,318,229,229,247,247,247,62,90,55,65,77,77,77],"floor_reached":51,"playtime":2104,"items_purged":["Strike_B"],"score":1070,"play_id":"a8cdd1dc-d856-4571-a66a-3f3a853925b4","local_time":"20190119023532","is_ascension_mode":true,"campfire_choices":[{"data":"Storm","floor":7,"key":"SMITH"},{"floor":15,"key":"REST"},{"data":"Storm","floor":23,"key":"SMITH"},{"floor":25,"key":"REST"},{"floor":29,"key":"REST"},{"data":"Machine Learning","floor":32,"key":"SMITH"},{"floor":40,"key":"REST"},{"floor":42,"key":"REST"},{"data":"Defragment","floor":49,"key":"SMITH"}],"neow_cost":"NONE","seed_source_timestamp":702448140925062,"circlet_count":0,"master_deck":["Storm+1","Storm+1","Conserve Battery+1","Seek+1","Echo Form","Force Field+1","Machine Learning+1","Consume+1","Echo Form","Redo+1","Amplify+1","Heatsinks","Redo+1","Tempest+1","White Noise+1","Fission+1","Capacitor","Defragment+1"],"relics":["Cracked Core","NeowsBlessing","Letter Opener","Mummified Hand","Toxic Egg 2","Pandora\u0027s Box","Runic Capacitor","Molten Egg 2","Bottled Lightning","Empty Cage","Incense Burner","Mercury Hourglass","Dream Catcher","Pocketwatch"],"potions_floor_usage":[12,14,16,35,38],"damage_taken":[{"damage":0,"enemies":"Jaw Worm","floor":1,"turns":1},{"damage":0,"enemies":"2 Louse","floor":3,"turns":1},{"damage":0,"enemies":"Lagavulin","floor":6,"turns":1},{"damage":0,"enemies":"Cultist","floor":8,"turns":4},{"damage":6,"enemies":"Looter","floor":11,"turns":3},{"damage":24,"enemies":"3 Sentries","floor":12,"turns":7},{"damage":14,"enemies":"3 Louse","floor":14,"turns":2},{"damage":43,"enemies":"The Guardian","floor":16,"turns":12},{"damage":16,"enemies":"3 Byrds","floor":18,"turns":3},{"damage":0,"enemies":"Chosen","floor":21,"turns":2},{"damage":24,"enemies":"Centurion and Healer","floor":24,"turns":4},{"damage":23,"enemies":"Slavers","floor":27,"turns":4},{"damage":0,"enemies":"3 Cultists","floor":28,"turns":4},{"damage":10,"enemies":"Gremlin Leader","floor":30,"turns":3},{"damage":0,"enemies":"Snake Plant","floor":31,"turns":2},{"damage":0,"enemies":"Automaton","floor":33,"turns":5},{"damage":0,"enemies":"3 Shapes","floor":35,"turns":2},{"damage":31,"enemies":"3 Darklings","floor":37,"turns":3},{"damage":25,"enemies":"2 Orb Walkers","floor":38,"turns":4},{"damage":17,"enemies":"Writhing Mass","floor":41,"turns":3},{"damage":0,"enemies":"Giant Head","floor":45,"turns":4},{"damage":2,"enemies":"Spire Growth","floor":47,"turns":2},{"damage":0,"enemies":"Jaw Worm Horde","floor":48,"turns":1},{"damage":0,"enemies":"Awakened One","floor":50,"turns":3}],"seed_played":"-8918851818585560875","potions_obtained":[{"floor":3,"key":"Poison Potion"},{"floor":6,"key":"Explosive Potion"},{"floor":12,"key":"Weak Potion"},{"floor":18,"key":"SpeedPotion"},{"floor":21,"key":"SteroidPotion"},{"floor":28,"key":"Explosive Potion"},{"floor":31,"key":"GamblersBrew"},{"floor":38,"key":"SteroidPotion"},{"floor":47,"key":"Dexterity Potion"},{"floor":48,"key":"Weak Potion"}],"is_trial":false,"path_per_floor":["M","?","M","?","$","E","R","M","T","?","M","E","?","M","R","B",null,"M","?","?","M","$","R","M","R","T","E","M","R","E","M","R","B",null,"M","?","M","?","$","R","M","R","T","$","E","$","M","M","R","B",null],"character_chosen":"DEFECT","items_purchased":["Runic Capacitor","Heatsinks","Redo+1","White Noise+1","Dream Catcher","Capacitor"],"campfire_rested":5,"item_purchase_floors":[22,39,39,44,44,46],"current_hp_per_floor":[75,60,60,65,65,65,65,65,65,80,74,50,43,29,53,10,80,64,64,64,64,64,64,40,64,64,41,41,65,55,55,55,55,80,80,80,49,24,24,48,31,55,55,55,55,55,53,53,53,53],"gold":77,"neow_bonus":"THREE_ENEMY_KILL","is_prod":false,"is_daily":false,"chose_seed":false,"campfire_upgraded":4,"win_rate":0,"timestamp":1547877932,"path_taken":["M","?","M","?","?","E","R","M","T","?","?","E","?","M","R","BOSS","M","?","?","M","$","R","M","R","T","E","M","R","E","M","R","BOSS","M","?","M","?","$","R","M","R","T","$","E","?","?","M","R","BOSS"],"build_version":"2019-01-17v2","purchased_purges":1,"victory":true,"max_hp_per_floor":[75,75,75,80,80,80,80,80,80,80,80,80,80,80,80,80,80,80,80,80,80,80,80,80,80,80,80,80,80,80,80,80,80,80,80,80,80,80,80,80,80,80,80,80,80,80,80,80,80,80],"card_choices":[{"not_picked":["Beam Cell","Conserve Battery","Barrage"],"picked":"SKIP","floor":1},{"not_picked":["Conserve Battery","Go for the Eyes"],"picked":"Storm","floor":3},{"not_picked":["Go for the Eyes","Steam","Cold Snap"],"picked":"SKIP","floor":6},{"not_picked":["Genetic Algorithm","Reprogram"],"picked":"Storm","floor":8},{"not_picked":["Coolheaded","Chill","Steam"],"picked":"SKIP","floor":11},{"not_picked":["Hologram","Chill","Darkness"],"picked":"SKIP","floor":12},{"not_picked":["Compile Driver","Hologram+1"],"picked":"Conserve Battery+1","floor":14},{"not_picked":["Reboot+1","Rainbow+1"],"picked":"Seek+1","floor":16},{"not_picked":["Beam Cell","Cold Snap","Streamline"],"picked":"SKIP","floor":18},{"not_picked":["Go for the Eyes","Barrage"],"picked":"Consume+1","floor":21},{"not_picked":["Blizzard","Turbo+1"],"picked":"Echo Form","floor":24},{"not_picked":["Undo+1","Cold Snap","Glacier+1"],"picked":"SKIP","floor":27},{"not_picked":["Darkness+1","Cold Snap+1","Hologram+1"],"picked":"SKIP","floor":28},{"not_picked":["Turbo+1","Stack+1","Sweeping Beam+1"],"picked":"SKIP","floor":30},{"not_picked":["Fusion+1","Sunder+1"],"picked":"Redo+1","floor":31},{"not_picked":["Seek+1","Fission+1"],"picked":"Amplify+1","floor":33},{"not_picked":["Stack+1","Steam Power+1","Barrage+1"],"picked":"SKIP","floor":35},{"not_picked":["Turbo+1","Chill+1","Steam+1"],"picked":"SKIP","floor":37},{"not_picked":["Steam+1","Gash+1"],"picked":"Tempest+1","floor":41},{"not_picked":["Gash+1","Glacier+1"],"picked":"Fission+1","floor":45},{"not_picked":["Ball Lightning+1","Coolheaded+1"],"picked":"Defragment","floor":47},{"not_picked":["Compile Driver+1","Tempest+1","Rip and Tear+1"],"picked":"SKIP","floor":48}],"player_experience":175800,"relics_obtained":[{"floor":6,"key":"Letter Opener"},{"floor":9,"key":"Mummified Hand"},{"floor":12,"key":"Toxic Egg 2"},{"floor":27,"key":"Molten Egg 2"},{"floor":30,"key":"Bottled Lightning"},{"floor":38,"key":"Incense Burner"},{"floor":43,"key":"Mercury Hourglass"},{"floor":45,"key":"Pocketwatch"}],"event_choices":[{"damage_healed":0,"gold_gain":0,"player_choice":"Entered Light","damage_taken":15,"max_hp_gain":0,"max_hp_loss":0,"event_name":"Shining Light","floor":2,"gold_loss":0,"cards_upgraded":["Defend_B","Defend_B"]},{"damage_healed":0,"gold_gain":0,"player_choice":"Donut","damage_taken":0,"max_hp_gain":5,"max_hp_loss":0,"event_name":"Big Fish","floor":4,"gold_loss":0},{"damage_healed":15,"gold_gain":0,"player_choice":"Full Heal","damage_taken":0,"max_hp_gain":0,"max_hp_loss":0,"event_name":"Wheel of Change","floor":10,"gold_loss":0},{"cards_removed":["Defend_B"],"damage_healed":0,"gold_gain":0,"player_choice":"Card Removal","damage_taken":7,"max_hp_gain":0,"max_hp_loss":0,"event_name":"Golden Wing","floor":13,"gold_loss":0},{"cards_removed":["Barrage"],"damage_healed":0,"gold_gain":0,"player_choice":"Elegance","damage_taken":0,"max_hp_gain":0,"max_hp_loss":0,"event_name":"Back to Basics","floor":19,"gold_loss":0},{"cards_removed":["Melter"],"damage_healed":0,"gold_gain":0,"player_choice":"Gave Gold","damage_taken":0,"max_hp_gain":0,"max_hp_loss":0,"event_name":"Beggar","floor":20,"gold_loss":75},{"cards_removed":["Loop"],"damage_healed":0,"gold_gain":0,"player_choice":"Removed Power","damage_taken":0,"max_hp_gain":0,"max_hp_loss":0,"event_name":"Falling","floor":36,"gold_loss":0},{"damage_healed":0,"gold_gain":0,"player_choice":"Fight","damage_taken":0,"max_hp_gain":0,"max_hp_loss":0,"event_name":"Mysterious Sphere","floor":38,"gold_loss":0}],"is_beta":false,"boss_relics":[{"not_picked":["Runic Dome","White Beast Statue"],"picked":"Pandora\u0027s Box"},{"not_picked":["Astrolabe","Coffee Dripper"],"picked":"Empty Cage"}],"items_purged_floors":[5],"is_endless":false,"potions_floor_spawned":[3,6,12,18,21,28,31,38,47,48],"ascension_level":4}