{"path_per_floor":["M","?","M","?","M","E","M","R","T","M","R","M","R","E","R","B",null,"M","M","?","M","M","R"],"character_chosen":"DEFECT","items_purchased":[],"gold_per_floor":[111,111,125,125,145,185,198,198,223,238,238,253,253,292,292,417,417,442,467,392,412,425,425,425],"floor_reached":24,"campfire_rested":2,"playtime":1589,"item_purchase_floors":[],"current_hp_per_floor":[75,57,49,49,45,28,28,28,35,21,21,13,37,41,65,37,82,67,69,69,62,39,39,0],"items_purged":[],"gold":425,"score":210,"play_id":"8a6c7874-761e-4725-9913-c4a1422f737e","local_time":"20180601183348","is_prod":false,"is_daily":false,"chose_seed":false,"is_ascension_mode":false,"campfire_upgraded":3,"win_rate":0.0,"timestamp":1527870828,"campfire_choices":[{"data":"Loop","floor":8,"key":"SMITH"},{"data":"Loop","floor":11,"key":"SMITH"},{"floor":13,"key":"REST"},{"floor":15,"key":"REST"},{"data":"Capacitor","floor":23,"key":"SMITH"}],"path_taken":["M","?","M","?","M","E","M","R","T","M","R","M","R","E","R","BOSS","M","M","?","M","?","R","E"],"build_version":"2018-05-31","seed_source_timestamp":197452800482301,"purchased_purges":0,"victory":false,"master_deck":["Strike_B","Strike_B","Defend_B","Defend_B","Defend_B","Defend_B","Zap","Dualcast","White Noise+1","Stack","Ball Lightning","Coolheaded","Gash","Loop+1","Loop+1","Genetic Algorithm","Capacitor+1","Reboot","Rip and Tear","Fusion"],"max_hp_per_floor":[75,75,75,75,75,75,75,75,82,82,82,82,82,82,82,82,82,82,82,82,82,82,82,82],"relics":["Cracked Core","Golden Idol","Blood Vial","Strawberry","Potion Belt","Cursed Key"],"card_choices":[{"not_picked":["Sweeping Beam","Redo"],"picked":"Stack","floor":1},{"not_picked":["Barrage","Force Field"],"picked":"Ball Lightning","floor":3},{"not_picked":["Barrage","Gash"],"picked":"Coolheaded","floor":5},{"not_picked":["Compile Driver","Conserve Battery"],"picked":"Gash","floor":6},{"not_picked":["Sweeping Beam","Barrage"],"picked":"Loop","floor":7},{"not_picked":["Barrage","Streamline"],"picked":"Loop","floor":10},{"not_picked":["Streamline","Fusion"],"picked":"Genetic Algorithm","floor":12},{"not_picked":["Compile Driver","Cold Snap"],"picked":"Capacitor","floor":14},{"not_picked":["Buffer","Electrodynamics"],"picked":"Reboot","floor":16},{"not_picked":["Beam Cell+1","Hologram"],"picked":"Rip and Tear","floor":18},{"not_picked":["Conserve Battery","Hologram","Chill"],"picked":"SKIP","floor":19},{"not_picked":["Sweeping Beam+1","Reprogram+1"],"picked":"Fusion","floor":21},{"not_picked":["Force Field","Sweeping Beam+1","Streamline+1"],"picked":"SKIP","floor":22}],"player_experience":431053,"potions_floor_usage":[10,14,24,24,24,24],"damage_taken":[{"damage":0,"enemies":"Cultist","floor":1,"turns":4},{"damage":8,"enemies":"Jaw Worm","floor":3,"turns":4},{"damage":4,"enemies":"Small Slimes","floor":5,"turns":3},{"damage":17,"enemies":"3 Sentries","floor":6,"turns":7},{"damage":2,"enemies":"2 Fungi Beasts","floor":7,"turns":4},{"damage":16,"enemies":"Lots of Slimes","floor":10,"turns":4},{"damage":10,"enemies":"Looter","floor":12,"turns":3},{"damage":10,"enemies":"Lagavulin","floor":14,"turns":6},{"damage":30,"enemies":"Hexaghost","floor":16,"turns":9},{"damage":15,"enemies":"Spheric Guardian","floor":18,"turns":4},{"damage":0,"enemies":"Chosen","floor":19,"turns":5},{"damage":9,"enemies":"Snecko","floor":21,"turns":4},{"damage":25,"enemies":"Centurion and Healer","floor":22,"turns":8},{"damage":43,"enemies":"Book of Stabbing","floor":24,"turns":5}],"relics_obtained":[{"floor":6,"key":"Blood Vial"},{"floor":9,"key":"Strawberry"},{"floor":14,"key":"Potion Belt"}],"event_choices":[{"event_name":"Golden Idol","player_choice":"Take Damage","floor":2,"damage_taken":0},{"event_name":"Upgrade Shrine","player_choice":"Upgraded","floor":4,"damage_taken":0},{"event_name":"Beggar","player_choice":"Gave Gold","floor":20,"damage_taken":0}],"boss_relics":[{"not_picked":["Runic Dome","Pandora\u0027s Box"],"picked":"Cursed Key"}],"items_purged_floors":[],"potions_floor_spawned":[6,10,12,14,18,22],"seed_played":"6456818758975141223","killed_by":"Book of Stabbing","ascension_level":0,"potions_obtained":[{"floor":6,"key":"AttackPotion"},{"floor":10,"key":"Regen Potion"},{"floor":12,"key":"Ancient Potion"},{"floor":14,"key":"Poison Potion"},{"floor":18,"key":"FocusPotion"},{"floor":22,"key":"Fire Potion"}],"is_trial":false}