{"gold_per_floor":[115,125,137,137,200,231,281,331,354,386,386,452,198,211,211,316,316,335,4,54,4,20,20,70,82,107,120,270,270,280,330,330,330],"floor_reached":33,"playtime":3459,"items_purged":["Strike_G","Strike_G","Defend_G"],"score":257,"play_id":"9a0a1963-ae0a-4972-a51e-faca840185de","local_time":"20190126183016","is_ascension_mode":false,"campfire_choices":[{"floor":11,"key":"REST"},{"data":"Storm of Steel","floor":15,"key":"SMITH"},{"data":"Well Laid Plans","floor":23,"key":"SMITH"},{"data":"Adrenaline","floor":29,"key":"SMITH"},{"data":"Acrobatics","floor":32,"key":"SMITH"}],"neow_cost":"NONE","seed_source_timestamp":133026172698463,"circlet_count":0,"master_deck":["Defend_G","Defend_G","Defend_G","Defend_G","Strike_G","Strike_G","Survivor","Neutralize","Dagger Throw","Calculated Gamble","Storm of Steel+1","Footwork","Acrobatics+1","Quick Slash","Endless Agony","Cloak And Dagger","Adrenaline+1","Well Laid Plans+1","Finesse","Cloak And Dagger+1","PiercingWail","Flying Knee+1"],"relics":["Ring of the Snake","SsserpentHead","Vajra","Smiling Mask","Bag of Marbles","White Beast Statue","Toolbox","Nloth\u0027s Gift","Juzu Bracelet","The Specimen","Bottled Lightning","MutagenicStrength"],"potions_floor_usage":[6,16,16,25,25,27,28,30],"damage_taken":[{"damage":0,"enemies":"Cultist","floor":1,"turns":5},{"damage":0,"enemies":"2 Louse","floor":2,"turns":2},{"damage":2,"enemies":"Small Slimes","floor":3,"turns":4},{"damage":0,"enemies":"Exordium Thugs","floor":5,"turns":6},{"damage":15,"enemies":"Gremlin Nob","floor":6,"turns":6},{"damage":32,"enemies":"3 Sentries","floor":10,"turns":10},{"damage":0,"enemies":"Large Slime","floor":12,"turns":4},{"damage":8,"enemies":"Lots of Slimes","floor":14,"turns":2},{"damage":24,"enemies":"Hexaghost","floor":16,"turns":10},{"damage":3,"enemies":"Chosen","floor":18,"turns":3},{"damage":7,"enemies":"Shell Parasite","floor":22,"turns":4},{"damage":0,"enemies":"Shelled Parasite and Fungi","floor":25,"turns":2},{"damage":0,"enemies":"Sentry and Sphere","floor":27,"turns":3},{"damage":7,"enemies":"Colosseum Slavers","floor":28,"turns":2},{"damage":5,"enemies":"Colosseum Nobs","floor":28,"turns":3},{"damage":6,"enemies":"Snecko","floor":30,"turns":4},{"damage":68,"enemies":"Automaton","floor":33,"turns":10}],"seed_played":"2413765220013439009","potions_obtained":[{"floor":2,"key":"FairyPotion"},{"floor":5,"key":"SpeedPotion"},{"floor":12,"key":"SpeedPotion"},{"floor":14,"key":"Poison Potion"},{"floor":18,"key":"SpeedPotion"},{"floor":22,"key":"Explosive Potion"},{"floor":25,"key":"SteroidPotion"},{"floor":27,"key":"SkillPotion"},{"floor":28,"key":"SkillPotion"},{"floor":30,"key":"SmokeBomb"}],"is_trial":false,"path_per_floor":["M","M","M","?","M","E","?","?","T","E","R","M","$","M","R","B",null,"M","$","?","$","M","R","?","M","T","M","?","R","M","?","R","B"],"character_chosen":"THE_SILENT","items_purchased":["Toy Ornithopter","Toolbox","Finesse"],"campfire_rested":1,"item_purchase_floors":[13,19,19],"current_hp_per_floor":[77,77,75,75,75,60,60,60,60,28,51,51,51,43,43,29,77,74,74,74,74,67,67,67,67,67,67,55,55,49,49,49,0],"gold":330,"neow_bonus":"TEN_PERCENT_HP_BONUS","is_prod":false,"is_daily":false,"chose_seed":false,"campfire_upgraded":4,"win_rate":0,"timestamp":1548545416,"path_taken":["M","M","M","?","?","E","?","?","T","E","R","?","$","M","R","BOSS","M","$","?","$","M","R","?","M","T","M","?","R","M","?","R","BOSS"],"build_version":"2019-01-23","purchased_purges":3,"victory":false,"max_hp_per_floor":[77,77,77,77,77,77,77,77,77,77,77,77,77,77,77,77,77,77,77,77,77,77,77,77,77,77,77,77,77,77,77,77,77],"card_choices":[{"not_picked":["Deflect","Cloak And Dagger"],"picked":"Dagger Throw","floor":1},{"not_picked":["Slice","Eviscerate"],"picked":"Calculated Gamble","floor":2},{"not_picked":["Deadly Poison","Flying Knee"],"picked":"Storm of Steel","floor":3},{"not_picked":["Noxious Fumes","Dodge and Roll"],"picked":"Footwork","floor":5},{"not_picked":["Slice","Predator"],"picked":"Acrobatics","floor":6},{"not_picked":["Poisoned Stab","A Thousand Cuts"],"picked":"Quick Slash","floor":10},{"not_picked":["Distraction","Noxious Fumes"],"picked":"Endless Agony","floor":12},{"not_picked":["Blade Dance","Flying Knee"],"picked":"Cloak And Dagger","floor":14},{"not_picked":["Burst","After Image"],"picked":"Adrenaline","floor":16},{"not_picked":["Finisher","Cloak And Dagger"],"picked":"Well Laid Plans","floor":18},{"not_picked":["Distraction","Flechettes"],"picked":"Cloak And Dagger+1","floor":22},{"not_picked":["Dagger Spray+1","Deflect"],"picked":"PiercingWail","floor":25},{"not_picked":["PiercingWail","Outmaneuver"],"picked":"Flying Knee+1","floor":27},{"not_picked":["Bane","Choke","Eviscerate"],"picked":"SKIP","floor":30}],"player_experience":48148,"relics_obtained":[{"floor":6,"key":"Vajra"},{"floor":9,"key":"Smiling Mask"},{"floor":10,"key":"Bag of Marbles"},{"floor":26,"key":"Juzu Bracelet"},{"floor":28,"key":"The Specimen"},{"floor":28,"key":"Bottled Lightning"}],"event_choices":[{"damage_healed":0,"gold_gain":0,"player_choice":"Trade","damage_taken":0,"relics_obtained":["SsserpentHead"],"max_hp_gain":0,"max_hp_loss":0,"event_name":"FaceTrader","floor":4,"gold_loss":0},{"damage_healed":0,"gold_gain":0,"player_choice":"Ignored","damage_taken":0,"max_hp_gain":0,"max_hp_loss":0,"event_name":"Liars Game","floor":7,"gold_loss":0},{"cards_removed":["Strike_G"],"damage_healed":0,"gold_gain":0,"player_choice":"Card Removal","damage_taken":0,"max_hp_gain":0,"max_hp_loss":0,"event_name":"Wheel of Change","floor":8,"gold_loss":0},{"damage_healed":0,"gold_gain":0,"player_choice":"Ignored","damage_taken":0,"max_hp_gain":0,"max_hp_loss":0,"event_name":"Beggar","floor":20,"gold_loss":0},{"damage_healed":0,"gold_gain":0,"player_choice":"Traded Relic","damage_taken":0,"relics_obtained":["Nloth\u0027s Gift"],"max_hp_gain":0,"max_hp_loss":0,"event_name":"N\u0027loth","floor":24,"relics_lost":["Toy Ornithopter"],"gold_loss":0},{"damage_healed":0,"gold_gain":0,"player_choice":"Fight","damage_taken":0,"max_hp_gain":0,"max_hp_loss":0,"event_name":"Colosseum","floor":28,"gold_loss":0},{"damage_healed":0,"gold_gain":0,"player_choice":"Fought Nobs","damage_taken":0,"max_hp_gain":0,"max_hp_loss":0,"event_name":"Colosseum","floor":28,"gold_loss":0},{"damage_healed":0,"gold_gain":0,"player_choice":"Inject Mutagens","damage_taken":0,"relics_obtained":["MutagenicStrength"],"max_hp_gain":0,"max_hp_loss":0,"event_name":"Drug Dealer","floor":31,"gold_loss":0}],"is_beta":false,"boss_relics":[{"not_picked":["Astrolabe","Ectoplasm"],"picked":"White Beast Statue"}],"items_purged_floors":[13,19,21],"is_endless":false,"potions_floor_spawned":[2,5,12,14,18,22,25,27,28,28,30],"killed_by":"Automaton","ascension_level":0}