{"gold_per_floor":[119,69,69,80,95,122,134,153,153,153,165,178,178,198,198,294,294,314,167,167,167,92,121,138,138,138,0,0,0,17,32,32,127,127,141,141,151,167,167,167,187,187,187,198,198,198,214,214,214,214],"floor_reached":51,"playtime":2746,"items_purged":["Strike_B"],"score":671,"play_id":"579a2166-5b60-45f3-8f4b-05b015fd9c4f","local_time":"20190202174719","is_ascension_mode":false,"campfire_choices":[{"floor":10.0,"key":"REST"},{"data":"Streamline","floor":15.0,"key":"SMITH"},{"data":"Coolheaded","floor":25.0,"key":"SMITH"},{"data":"Leap","floor":29.0,"key":"SMITH"},{"floor":32.0,"key":"REST"},{"floor":40.0,"key":"REST"},{"data":"Echo Form","floor":42.0,"key":"SMITH"},{"floor":49,"key":"REST"}],"neow_cost":"NONE","seed_source_timestamp":1316296807453989,"circlet_count":0,"master_deck":["Strike_B","Defend_B","Defend_B","Defend_B","Zap+1","Dualcast","Deep Breath","Leap+1","Barrage","Cold Snap","Coolheaded+1","Conserve Battery","Cold Snap","Streamline","Streamline+1","Seek","Gash+1","Glacier","Core Surge","Electrodynamics","Go for the Eyes+1","Gash+1","Capacitor","Leap","Echo Form+1","Leap","Leap+1","Doubt","Bandage Up","Reinforced Body"],"special_seed":0,"relics":["FrozenCore","Du-Vu Doll","The Courier","Symbiotic Virus","Kunai","Cursed Key","Gremlin Horn"],"potions_floor_usage":[],"damage_taken":[{"damage":6.0,"enemies":"Jaw Worm","floor":1.0,"turns":4.0},{"damage":1.0,"enemies":"Cultist","floor":4.0,"turns":3.0},{"damage":0.0,"enemies":"Small Slimes","floor":5.0,"turns":5.0},{"damage":63.0,"enemies":"Gremlin Nob","floor":6.0,"turns":7.0},{"damage":0.0,"enemies":"Looter","floor":7.0,"turns":4.0},{"damage":0.0,"enemies":"2 Fungi Beasts","floor":8.0,"turns":3.0},{"damage":1.0,"enemies":"Exordium Wildlife","floor":11.0,"turns":3.0},{"damage":9.0,"enemies":"Exordium Thugs","floor":12.0,"turns":5.0},{"damage":0.0,"enemies":"Large Slime","floor":14.0,"turns":4.0},{"damage":6.0,"enemies":"The Guardian","floor":16.0,"turns":14.0},{"damage":4.0,"enemies":"3 Byrds","floor":18.0,"turns":7.0},{"damage":24.0,"enemies":"Slavers","floor":23.0,"turns":5.0},{"damage":10.0,"enemies":"2 Thieves","floor":24.0,"turns":3.0},{"damage":8.0,"enemies":"Snake Plant","floor":30.0,"turns":4.0},{"damage":0.0,"enemies":"Snecko","floor":31.0,"turns":6.0},{"damage":27.0,"enemies":"Collector","floor":33.0,"turns":15.0},{"damage":4.0,"enemies":"3 Shapes","floor":35.0,"turns":6.0},{"damage":27.0,"enemies":"3 Darklings","floor":37.0,"turns":7.0},{"damage":8.0,"enemies":"Spire Growth","floor":38.0,"turns":6.0},{"damage":9.0,"enemies":"4 Shapes","floor":41.0,"turns":6.0},{"damage":5.0,"enemies":"3 Darklings","floor":44.0,"turns":7.0},{"damage":36,"enemies":"Jaw Worm Horde","floor":47,"turns":7},{"damage":35,"enemies":"Awakened One","floor":50,"turns":36}],"seed_played":"-1744016686989004915","potions_obtained":[{"floor":5.0,"key":"LiquidBronze"},{"floor":8.0,"key":"Dexterity Potion"},{"floor":12.0,"key":"Swift Potion"},{"floor":16.0,"key":"Block Potion"},{"floor":23.0,"key":"SteroidPotion"},{"floor":31.0,"key":"LiquidBronze"}],"is_trial":false,"path_per_floor":["M","?","?","M","M","E","M","M","T","R","M","M","?","M","R","B",null,"M","$","?","?","?","E","M","R","T","?","$","R","M","M","R","B",null,"M","$","M","M","?","R","M","R","T","M","?","?","M","?","R","B",null],"character_chosen":"DEFECT","items_purchased":["Glacier"],"campfire_rested":4,"item_purchase_floors":[19],"current_hp_per_floor":[69,69,69,68,68,5,5,5,5,27,26,17,42,42,42,36,75,71,71,71,71,71,47,37,37,37,37,37,37,29,29,51,24,75,71,71,44,36,36,57,48,48,48,43,43,43,11,11,32,1],"gold":214,"neow_bonus":"RANDOM_COLORLESS","is_prod":false,"is_daily":false,"chose_seed":false,"campfire_upgraded":4,"win_rate":0,"timestamp":1549100839,"path_taken":["M","?","?","M","M","E","M","M","T","R","?","M","?","M","R","BOSS","M","$","?","?","?","E","M","R","T","?","?","R","?","M","R","BOSS","M","$","M","M","?","R","M","R","T","M","?","?","M","?","R","BOSS"],"build_version":"2019-01-23","purchased_purges":1,"victory":true,"max_hp_per_floor":[75,75,75,75,75,75,75,75,75,75,75,75,75,75,75,75,75,75,75,75,75,75,75,75,75,75,75,75,75,75,75,75,75,75,75,75,75,75,71,71,71,71,71,71,71,71,71,71,71,71],"card_choices":[{"not_picked":["Turbo","Compile Driver"],"picked":"Leap","floor":1.0},{"not_picked":["Fusion","Hologram"],"picked":"Barrage","floor":4.0},{"not_picked":["Storm","Scrape"],"picked":"Cold Snap","floor":5.0},{"not_picked":["Redo","Core Surge"],"picked":"Coolheaded","floor":6.0},{"not_picked":["Tempest","Steam"],"picked":"Conserve Battery","floor":7.0},{"not_picked":["Barrage","Darkness"],"picked":"Cold Snap","floor":8.0},{"not_picked":["Static Discharge","Cold Snap"],"picked":"Streamline","floor":11.0},{"not_picked":["Beam Cell","Steam","Reprogram"],"picked":"SKIP","floor":12.0},{"not_picked":["Redo","Creative AI"],"picked":"Streamline","floor":14.0},{"not_picked":["Thunder Strike","Rainbow"],"picked":"Seek","floor":16.0},{"not_picked":["Cold Snap","FTL+1"],"picked":"Gash+1","floor":18.0},{"not_picked":["Sweeping Beam","Cold Snap"],"picked":"Go for the Eyes+1","floor":23.0},{"not_picked":["Stack+1","Coolheaded"],"picked":"Gash+1","floor":24.0},{"not_picked":["Undo","Barrage+1"],"picked":"Capacitor","floor":30.0},{"not_picked":["Sweeping Beam","Rebound"],"picked":"Leap","floor":31.0},{"not_picked":["Fission","Electrodynamics"],"picked":"Echo Form","floor":33.0},{"not_picked":["Beam Cell","Skim+1","Barrage+1"],"picked":"SKIP","floor":35.0},{"not_picked":["Streamline","Gash"],"picked":"Leap","floor":37.0},{"not_picked":["Conserve Battery","Steam"],"picked":"Leap+1","floor":38.0},{"not_picked":["Steam+1","Coolheaded","Melter"],"picked":"SKIP","floor":41.0},{"not_picked":["Heatsinks","Stack+1","Go for the Eyes"],"picked":"SKIP","floor":44.0},{"not_picked":["Dramatic Entrance","Finesse"],"picked":"Bandage Up","floor":45.0},{"not_picked":["Go for the Eyes+1","Double Energy"],"picked":"Reinforced Body","floor":47}],"player_experience":632226,"relics_obtained":[{"floor":6.0,"key":"Du-Vu Doll"},{"floor":23.0,"key":"Symbiotic Virus"},{"floor":26.0,"key":"Kunai"},{"floor":43.0,"key":"Gremlin Horn"}],"event_choices":[{"cards_removed":["Strike_B"],"damage_healed":0.0,"max_hp_gain":0.0,"max_hp_loss":0.0,"gold_gain":0.0,"event_name":"The Cleric","player_choice":"Card Removal","floor":2.0,"gold_loss":50.0,"damage_taken":0.0},{"damage_healed":0.0,"max_hp_gain":0.0,"max_hp_loss":0.0,"gold_gain":0.0,"event_name":"Upgrade Shrine","player_choice":"Upgraded","floor":3.0,"gold_loss":0.0,"damage_taken":0.0,"cards_upgraded":["Zap"]},{"damage_healed":25.0,"max_hp_gain":0.0,"max_hp_loss":0.0,"gold_gain":0.0,"event_name":"Big Fish","player_choice":"Banana","floor":13.0,"gold_loss":0.0,"damage_taken":0.0},{"damage_healed":0.0,"max_hp_gain":0.0,"max_hp_loss":0.0,"gold_gain":0.0,"cards_transformed":["Strike_B","Defend_B"],"event_name":"Drug Dealer","player_choice":"Became Test Subject","floor":20.0,"gold_loss":0.0,"damage_taken":0.0,"cards_obtained":["Core Surge","Electrodynamics"]},{"damage_healed":0.0,"max_hp_gain":0.0,"max_hp_loss":0.0,"gold_gain":0.0,"event_name":"The Mausoleum","player_choice":"Opened","floor":21.0,"gold_loss":0.0,"damage_taken":0.0,"relics_obtained":["The Courier"],"cards_obtained":["Writhe"]},{"cards_removed":["Writhe"],"damage_healed":0.0,"max_hp_gain":0.0,"max_hp_loss":0.0,"gold_gain":0.0,"event_name":"Beggar","player_choice":"Gave Gold","floor":22.0,"gold_loss":75.0,"damage_taken":0.0},{"damage_healed":0.0,"max_hp_gain":0.0,"max_hp_loss":0.0,"gold_gain":0.0,"event_name":"Masked Bandits","player_choice":"Paid Fearfully","floor":27.0,"gold_loss":138.0,"damage_taken":0.0},{"damage_healed":0.0,"max_hp_gain":0.0,"max_hp_loss":4.0,"gold_gain":0.0,"event_name":"Winding Halls","player_choice":"Max HP","floor":39.0,"gold_loss":0.0,"damage_taken":0.0},{"damage_healed":0.0,"max_hp_gain":0.0,"max_hp_loss":0.0,"gold_gain":0.0,"event_name":"SensoryStone","player_choice":"Memory 1","floor":45.0,"gold_loss":0.0,"damage_taken":0.0},{"damage_healed":0.0,"max_hp_gain":0.0,"max_hp_loss":0.0,"gold_gain":0.0,"event_name":"Tomb of Lord Red Mask","player_choice":"Ignored","floor":46.0,"gold_loss":0.0,"damage_taken":0.0},{"damage_healed":0,"gold_gain":0,"player_choice":"Ignored","damage_taken":0,"max_hp_gain":0,"max_hp_loss":0,"event_name":"The Moai Head","floor":48,"gold_loss":0}],"is_beta":false,"boss_relics":[{"not_picked":["Orrery","Coffee Dripper"],"picked":"FrozenCore"},{"not_picked":["Pandora\u0027s Box","Philosopher\u0027s Stone"],"picked":"Cursed Key"}],"items_purged_floors":[19],"is_endless":false,"potions_floor_spawned":[5,8,12,14,16,23,31,41],"ascension_level":0}