{"gold_per_floor":[213,163,178,27,202,232,244,244,322,332,342,373,389,403,403,503,503,513,527,92,92,112,139,139,139],"floor_reached":25,"playtime":1349,"items_purged":["Doubt"],"score":235,"play_id":"53e45b97-de6a-44e0-8edc-59b0e1d555e8","local_time":"20181027192545","is_ascension_mode":false,"campfire_choices":[{"data":"Sunder","floor":8,"key":"SMITH"},{"data":"Conserve Battery","floor":15,"key":"SMITH"},{"floor":24,"key":"REST"}],"neow_cost":"NONE","seed_source_timestamp":1184031357739151,"circlet_count":0,"master_deck":["Strike_B","Strike_B","Strike_B","Defend_B","Defend_B","Defend_B","Defend_B","Zap","Dualcast","Conserve Battery+1","White Noise","Sunder+1","Fusion","BootSequence","Darkness","Leap","White Noise","Chrysalis","Defragment","Blizzard","Blizzard","Redo+1"],"relics":["Cracked Core","PreservedInsect","Art of War","Bottled Lightning","Runic Dome","Nloth\u0027s Gift","Ornamental Fan"],"potions_floor_usage":[12,18,23,23],"damage_taken":[{"damage":6,"enemies":"Jaw Worm","floor":1,"turns":4},{"damage":2,"enemies":"Small Slimes","floor":3,"turns":4},{"damage":19,"enemies":"Lagavulin","floor":6,"turns":8},{"damage":0,"enemies":"Cultist","floor":7,"turns":4},{"damage":1,"enemies":"Looter","floor":10,"turns":3},{"damage":6,"enemies":"Large Slime","floor":11,"turns":2},{"damage":2,"enemies":"Gremlin Nob","floor":12,"turns":3},{"damage":7,"enemies":"Gremlin Gang","floor":13,"turns":5},{"damage":1,"enemies":"Exordium Thugs","floor":14,"turns":4},{"damage":19,"enemies":"The Guardian","floor":16,"turns":10},{"damage":5,"enemies":"Shell Parasite","floor":18,"turns":5},{"damage":0,"enemies":"Chosen","floor":19,"turns":5},{"damage":13,"enemies":"Snake Plant","floor":22,"turns":4},{"damage":56,"enemies":"Gremlin Leader","floor":23,"turns":7},{"damage":37,"enemies":"Shelled Parasite and Fungi","floor":25,"turns":4}],"seed_played":"-5768858123467216649","potions_obtained":[{"floor":1,"key":"SkillPotion"},{"floor":6,"key":"LiquidBronze"},{"floor":10,"key":"SteroidPotion"},{"floor":11,"key":"Explosive Potion"},{"floor":12,"key":"Dexterity Potion"},{"floor":22,"key":"Poison Potion"},{"floor":23,"key":"Explosive Potion"}],"is_trial":false,"path_per_floor":["M","?","M","$","?","E","M","R","T","M","M","E","M","M","R","B",null,"M","M","$","?","M","E","R"],"character_chosen":"DEFECT","items_purchased":["PreservedInsect","Chrysalis","Defragment","Blizzard"],"campfire_rested":1,"item_purchase_floors":[4,20,20,20],"current_hp_per_floor":[69,69,67,67,67,48,48,48,48,47,41,39,32,31,31,12,75,70,70,70,70,57,1,23,0],"gold":139,"neow_bonus":"HUNDRED_GOLD","is_prod":false,"is_daily":false,"chose_seed":false,"campfire_upgraded":2,"win_rate":0,"timestamp":1540661145,"path_taken":["M","?","?","$","?","E","M","R","T","M","M","E","M","M","R","BOSS","M","?","$","?","M","E","R","M"],"build_version":"2018-10-25v2","purchased_purges":1,"victory":false,"max_hp_per_floor":[75,75,75,75,75,75,75,75,75,75,75,75,75,75,75,75,75,75,75,75,75,75,75,75,75],"card_choices":[{"not_picked":["Steam Power","Turbo","Barrage"],"picked":"SKIP","floor":1},{"not_picked":["Sunder","Stack"],"picked":"Conserve Battery","floor":3},{"not_picked":["Chaos","Cold Snap"],"picked":"White Noise","floor":6},{"not_picked":["Static Discharge","Chaos"],"picked":"Sunder","floor":7},{"not_picked":["Streamline","Doom and Gloom"],"picked":"Fusion","floor":10},{"not_picked":["Cold Snap","Ball Lightning"],"picked":"BootSequence","floor":11},{"not_picked":["FTL","Genetic Algorithm","Conserve Battery"],"picked":"SKIP","floor":12},{"not_picked":["Streamline","Hologram"],"picked":"Darkness","floor":13},{"not_picked":["Conserve Battery","Compile Driver","Rebound"],"picked":"SKIP","floor":14},{"not_picked":["Rip and Tear","Chaos"],"picked":"Leap","floor":18},{"not_picked":["Ball Lightning","Turbo"],"picked":"White Noise","floor":19},{"not_picked":["Go for the Eyes","Double Energy"],"picked":"Blizzard","floor":22},{"not_picked":["Beam Cell","Go for the Eyes"],"picked":"Redo+1","floor":23}],"player_experience":517193,"relics_obtained":[{"floor":6,"key":"Art of War"},{"floor":9,"key":"Shuriken"},{"floor":12,"key":"Bottled Lightning"},{"floor":23,"key":"Ornamental Fan"}],"event_choices":[{"cards_removed":["Strike_B"],"damage_healed":0,"gold_gain":0,"player_choice":"Card Removal","damage_taken":0,"max_hp_gain":0,"max_hp_loss":0,"event_name":"The Cleric","floor":2,"gold_loss":50},{"damage_healed":0,"gold_gain":175,"player_choice":"AGREE","damage_taken":0,"max_hp_gain":0,"max_hp_loss":0,"event_name":"Liars Game","floor":5,"gold_loss":0,"cards_obtained":["Doubt"]},{"damage_healed":0,"gold_gain":0,"player_choice":"Traded Relic","damage_taken":0,"relics_obtained":["Nloth\u0027s Gift"],"max_hp_gain":0,"max_hp_loss":0,"event_name":"N\u0027loth","floor":21,"relics_lost":["Shuriken"],"gold_loss":0}],"is_beta":false,"boss_relics":[{"not_picked":["Snecko Eye","Coffee Dripper"],"picked":"Runic Dome"}],"items_purged_floors":[20],"is_endless":false,"potions_floor_spawned":[1,6,10,11,12,13,22,23],"killed_by":"Shelled Parasite and Fungi","ascension_level":0}