{"gold_per_floor":[113,127,145,165,16,44,57,31,101,101,132,143,143,143,143,246,246,258,39,56,74,74,99,99],"floor_reached":24,"playtime":2357,"items_purged":["Defend_G"],"score":251,"play_id":"93871e19-f75f-4dbd-963e-44d5e4b33538","local_time":"20190106002204","is_ascension_mode":true,"campfire_choices":[{"data":"Backflip","floor":10,"key":"SMITH"},{"floor":13,"key":"REST"},{"data":"Noxious Fumes","floor":15,"key":"SMITH"}],"neow_cost":"NONE","seed_source_timestamp":1300782927087098,"circlet_count":0,"master_deck":["Defend_G+1","Defend_G","Defend_G+1","Defend_G","Strike_G","Strike_G","Strike_G","Strike_G","Survivor","Neutralize","Noxious Fumes+1","Deadly Poison","Poisoned Stab","Deadly Poison","Escape Plan","Backflip+1","Backflip","Crippling Poison+1","Bullet Time","Blur","Blur"],"relics":["Ring of the Snake","Juzu Bracelet","Blue Candle","Shuriken","Pocketwatch","Fusion Hammer","War Paint","Bag of Marbles"],"potions_floor_usage":[11,21,23,24,24],"damage_taken":[{"damage":0,"enemies":"Cultist","floor":1,"turns":3},{"damage":0,"enemies":"2 Louse","floor":2,"turns":3},{"damage":2,"enemies":"Jaw Worm","floor":3,"turns":4},{"damage":5,"enemies":"Exordium Thugs","floor":4,"turns":4},{"damage":8,"enemies":"Gremlin Nob","floor":6,"turns":4},{"damage":1,"enemies":"Looter","floor":7,"turns":4},{"damage":4,"enemies":"Lagavulin","floor":11,"turns":5},{"damage":11,"enemies":"Lots of Slimes","floor":12,"turns":4},{"damage":3,"enemies":"Slime Boss","floor":16,"turns":9},{"damage":0,"enemies":"3 Byrds","floor":18,"turns":3},{"damage":0,"enemies":"Chosen","floor":20,"turns":4},{"damage":5,"enemies":"Snake Plant","floor":21,"turns":4},{"damage":13,"enemies":"Slavers","floor":23,"turns":5},{"damage":13,"enemies":"Colosseum Slavers","floor":24,"turns":4},{"damage":49,"enemies":"Colosseum Nobs","floor":24,"turns":5}],"seed_played":"6858345325121324137","potions_obtained":[{"floor":3,"key":"LiquidBronze"},{"floor":6,"key":"Explosive Potion"},{"floor":11,"key":"GamblersBrew"},{"floor":16,"key":"Block Potion"},{"floor":21,"key":"SteroidPotion"}],"is_trial":false,"path_per_floor":["M","M","M","M","$","E","M","$","T","R","E","M","R","?","R","B",null,"M","$","M","M","$","E","?"],"character_chosen":"THE_SILENT","items_purchased":["Juzu Bracelet","Backflip","War Paint"],"campfire_rested":1,"item_purchase_floors":[5,8,19],"current_hp_per_floor":[70,70,68,63,63,55,54,54,54,54,50,39,60,60,60,57,70,70,70,70,65,65,52,0],"gold":99,"neow_bonus":"TRANSFORM_CARD","is_prod":false,"is_daily":false,"chose_seed":false,"campfire_upgraded":2,"win_rate":0,"timestamp":1546746724,"path_taken":["M","M","M","M","$","E","M","$","T","R","E","M","R","?","R","BOSS","M","$","M","M","$","E","?"],"build_version":"2019-01-03v4","purchased_purges":1,"victory":false,"max_hp_per_floor":[70,70,70,70,70,70,70,70,70,70,70,70,70,70,70,70,70,70,70,70,70,70,70,70],"card_choices":[{"not_picked":["Predator","Concentrate"],"picked":"Deadly Poison","floor":1},{"not_picked":["Footwork","Blade Dance"],"picked":"Poisoned Stab","floor":2},{"not_picked":["Poisoned Stab","Cloak And Dagger"],"picked":"Deadly Poison","floor":3},{"not_picked":["Prepared","Terror","Finisher"],"picked":"SKIP","floor":4},{"not_picked":["Bane","Concentrate"],"picked":"Escape Plan","floor":6},{"not_picked":["Dash","Dagger Spray","Distraction"],"picked":"SKIP","floor":7},{"not_picked":["Prepared","Heel Hook"],"picked":"Backflip","floor":11},{"not_picked":["Dagger Spray","Bane"],"picked":"Crippling Poison","floor":12},{"not_picked":["Envenom","Die Die Die"],"picked":"Bullet Time","floor":16},{"not_picked":["Outmaneuver","Quick Slash","Skewer"],"picked":"SKIP","floor":18},{"not_picked":["Eviscerate+1","Distraction"],"picked":"Blur","floor":20},{"not_picked":["Expertise+1","Dodge and Roll"],"picked":"Blur","floor":21},{"not_picked":["Dodge and Roll","Endless Agony","Accuracy"],"picked":"SKIP","floor":23}],"player_experience":146065,"relics_obtained":[{"floor":6,"key":"Blue Candle"},{"floor":9,"key":"Shuriken"},{"floor":11,"key":"Pocketwatch"},{"floor":23,"key":"Bag of Marbles"}],"event_choices":[{"damage_healed":0,"gold_gain":0,"player_choice":"Upgraded","damage_taken":0,"max_hp_gain":0,"max_hp_loss":0,"event_name":"Upgrade Shrine","floor":14,"gold_loss":0,"cards_upgraded":["Crippling Poison"]},{"damage_healed":0,"gold_gain":0,"player_choice":"Fight","damage_taken":0,"max_hp_gain":0,"max_hp_loss":0,"event_name":"Colosseum","floor":24,"gold_loss":0},{"damage_healed":0,"gold_gain":0,"player_choice":"Fought Nobs","damage_taken":0,"max_hp_gain":0,"max_hp_loss":0,"event_name":"Colosseum","floor":24,"gold_loss":0}],"is_beta":false,"boss_relics":[{"not_picked":["WristBlade","Cursed Key"],"picked":"Fusion Hammer"}],"items_purged_floors":[19],"is_endless":false,"potions_floor_spawned":[3,6,11,16,21],"killed_by":"Colosseum Nobs","ascension_level":2}