{"gold_per_floor":[110,110,110,185,185,215,215,19,46,57,57,69,103,123,123,222,222,239,339,264,40,55,55],"floor_reached":23,"playtime":849,"items_purged":["Strike_R"],"score":222,"play_id":"a2dd3231-6382-4c31-8671-a21bcada6b64","local_time":"20190130192947","is_ascension_mode":false,"campfire_choices":[{"data":"Heavy Blade","floor":7,"key":"SMITH"},{"data":"Defend_R","floor":11,"key":"SMITH"},{"floor":15,"key":"REST"}],"neow_cost":"PERCENT_DAMAGE","seed_source_timestamp":607467427877700,"circlet_count":0,"master_deck":["Strike_R","Strike_R","Defend_R","Defend_R","Defend_R","Defend_R+1","Bash","Demon Form+1","Heavy Blade+1","Outmaneuver","Shrug It Off","Impatience+1","Cloak And Dagger","Go for the Eyes+1"],"relics":["Black Blood","Orichalcum","PrismaticShard","Vajra","Bag of Marbles","Du-Vu Doll","Mummified Hand"],"potions_floor_usage":[13,19,19,22,23,23],"damage_taken":[{"damage":2,"enemies":"2 Louse","floor":1,"turns":4},{"damage":34,"enemies":"Gremlin Nob","floor":6,"turns":5},{"damage":2,"enemies":"Small Slimes","floor":10,"turns":3},{"damage":5,"enemies":"Jaw Worm","floor":12,"turns":3},{"damage":6,"enemies":"3 Sentries","floor":13,"turns":4},{"damage":5,"enemies":"2 Fungi Beasts","floor":14,"turns":3},{"damage":28,"enemies":"The Guardian","floor":16,"turns":8},{"damage":19,"enemies":"Spheric Guardian","floor":18,"turns":5},{"damage":0,"enemies":"Colosseum Slavers","floor":19,"turns":1},{"damage":21,"enemies":"Colosseum Nobs","floor":19,"turns":5},{"damage":10,"enemies":"Shell Parasite","floor":22,"turns":4},{"damage":77,"enemies":"Slavers","floor":23,"turns":7}],"seed_played":"3233855147308313333","potions_obtained":[{"floor":6,"key":"Fire Potion"},{"floor":13,"key":"SmokeBomb"},{"floor":16,"key":"Weak Potion"},{"floor":19,"key":"Energy Potion"}],"is_trial":false,"path_per_floor":["M","?","?","?","?","E","R","$","T","M","R","M","E","M","R","B",null,"M","?","?","$","M","E"],"character_chosen":"IRONCLAD","items_purchased":["PrismaticShard","Weak Potion","Fruit Juice"],"campfire_rested":1,"item_purchase_floors":[8,21,21],"current_hp_per_floor":[60,53,79,68,68,40,40,40,40,44,44,45,45,46,70,48,80,71,69,69,69,74,0],"gold":55,"neow_bonus":"THREE_RARE_CARDS","is_prod":false,"is_daily":false,"chose_seed":false,"campfire_upgraded":2,"win_rate":0,"timestamp":1548905387,"path_taken":["M","?","?","?","?","E","R","$","T","M","R","M","E","M","R","BOSS","M","?","?","$","M","E"],"build_version":"2019-01-23","purchased_purges":1,"victory":false,"max_hp_per_floor":[80,80,80,80,80,80,80,80,80,80,80,80,80,80,80,80,80,80,80,80,80,85,85],"card_choices":[{"not_picked":["Brutality","Exhume"],"picked":"Demon Form","floor":0},{"not_picked":["Headbutt","Blood for Blood","Flex"],"picked":"SKIP","floor":1},{"not_picked":["Hemokinesis","Wild Strike"],"picked":"Heavy Blade","floor":6},{"not_picked":["Capacitor","Infernal Blade","Loop"],"picked":"SKIP","floor":10},{"not_picked":["Slice","Blood for Blood"],"picked":"Outmaneuver","floor":12},{"not_picked":["Hemokinesis","Ball Lightning","Flex"],"picked":"SKIP","floor":13},{"not_picked":["Crippling Poison","Stack"],"picked":"Shrug It Off","floor":14},{"not_picked":["Flex","Disarm"],"picked":"Impatience+1","floor":18},{"not_picked":["Tempest","Dagger Spray"],"picked":"Cloak And Dagger","floor":19},{"not_picked":["Compile Driver","Bane+1"],"picked":"Go for the Eyes+1","floor":22}],"player_experience":75271,"relics_obtained":[{"floor":6,"key":"Orichalcum"},{"floor":9,"key":"Vajra"},{"floor":13,"key":"Bag of Marbles"},{"floor":19,"key":"Du-Vu Doll"},{"floor":19,"key":"Mummified Hand"}],"event_choices":[{"cards_removed":["Strike_R"],"damage_healed":0,"gold_gain":0,"player_choice":"Card Removal","damage_taken":7,"max_hp_gain":0,"max_hp_loss":0,"event_name":"Golden Wing","floor":2,"gold_loss":0},{"damage_healed":26,"gold_gain":0,"player_choice":"Banana","damage_taken":0,"max_hp_gain":0,"max_hp_loss":0,"event_name":"Big Fish","floor":3,"gold_loss":0},{"damage_healed":0,"gold_gain":75,"player_choice":"Gather Gold","damage_taken":11,"max_hp_gain":0,"max_hp_loss":0,"event_name":"World of Goop","floor":4,"gold_loss":0},{"damage_healed":0,"gold_gain":0,"player_choice":"Grow","damage_taken":0,"max_hp_gain":0,"max_hp_loss":0,"event_name":"Living Wall","floor":5,"gold_loss":0,"cards_upgraded":["Demon Form"]},{"damage_healed":0,"gold_gain":0,"player_choice":"Fight","damage_taken":0,"max_hp_gain":0,"max_hp_loss":0,"event_name":"Colosseum","floor":19,"gold_loss":0},{"damage_healed":0,"gold_gain":0,"player_choice":"Fought Nobs","damage_taken":0,"max_hp_gain":0,"max_hp_loss":0,"event_name":"Colosseum","floor":19,"gold_loss":0},{"cards_removed":["Strike_R"],"damage_healed":0,"gold_gain":0,"player_choice":"Gave Gold","damage_taken":0,"max_hp_gain":0,"max_hp_loss":0,"event_name":"Beggar","floor":20,"gold_loss":75}],"is_beta":false,"boss_relics":[{"not_picked":["Pandora\u0027s Box","Snecko Eye"],"picked":"Black Blood"}],"items_purged_floors":[21],"is_endless":false,"potions_floor_spawned":[6,13,16,19,19],"killed_by":"Slavers","ascension_level":0}