{"gold_per_floor":[116,41,55,55,55,55,86,36,36,60,73,73,97,113,113,243,243,262,362,385,385,335,335,375,375,400,400],"floor_reached":27,"playtime":1600,"items_purged":["Strike_R","Strike_R"],"score":254,"play_id":"0d687cda-f84c-480f-8220-c70f3a973d74","local_time":"20190123201438","is_ascension_mode":true,"campfire_choices":[{"floor":6.0,"key":"REST"},{"floor":15.0,"key":"REST"},{"floor":23,"key":"REST"}],"neow_cost":"NONE","seed_source_timestamp":0,"circlet_count":0,"master_deck":["Strike_R","Strike_R","Strike_R","Defend_R","Defend_R","Defend_R","Defend_R","Bash","Cleave","Armaments","Flex","Heavy Blade","Impervious","Iron Wave","Feed","Sword Boomerang+1","Clash","Clash+1"],"special_seed":0,"relics":["Burning Blood","Bag of Marbles","Dream Catcher","Golden Idol","Smiling Mask","Ornamental Fan","Gremlin Horn","Lizard Tail","Nunchaku","Juzu Bracelet","Orichalcum"],"potions_floor_usage":[24,27],"damage_taken":[{"damage":9.0,"enemies":"Jaw Worm","floor":1.0,"turns":5.0},{"damage":2.0,"enemies":"2 Louse","floor":3.0,"turns":2.0},{"damage":49.0,"enemies":"Lagavulin","floor":7.0,"turns":8.0},{"damage":0.0,"enemies":"Small Slimes","floor":10.0,"turns":2.0},{"damage":14.0,"enemies":"3 Louse","floor":11.0,"turns":4.0},{"damage":13.0,"enemies":"Exordium Wildlife","floor":13.0,"turns":4.0},{"damage":4.0,"enemies":"Red Slaver","floor":14.0,"turns":5.0},{"damage":34.0,"enemies":"Slime Boss","floor":16.0,"turns":12.0},{"damage":40,"enemies":"Chosen","floor":18,"turns":9},{"damage":94,"enemies":"3 Byrds","floor":20,"turns":10},{"damage":36,"enemies":"Slavers","floor":24,"turns":6},{"damage":14,"enemies":"Cultist and Chosen","floor":27,"turns":4}],"seed_played":"-1655431097580383090","potions_obtained":[{"floor":7.0,"key":"Fruit Juice"},{"floor":10.0,"key":"Poison Potion"},{"floor":13.0,"key":"Strength Potion"},{"floor":14.0,"key":"Block Potion"},{"floor":20,"key":"PowerPotion"},{"floor":24,"key":"SkillPotion"}],"is_trial":false,"path_per_floor":["M","$","M","?","?","R","E","$","T","M","M","T","M","M","R","B",null,"M","?","M","T","?","R","E","?","T","M"],"character_chosen":"IRONCLAD","items_purchased":[],"campfire_rested":3,"item_purchase_floors":[],"current_hp_per_floor":[77,77,80,62,42,66,28,28,28,34,26,26,19,21,46,18,85,54,54,17,17,17,44,14,14,14,0],"gold":400,"neow_bonus":"RANDOM_COMMON_RELIC","is_prod":false,"is_daily":false,"chose_seed":false,"campfire_upgraded":0,"win_rate":0,"timestamp":1548270878,"path_taken":["M","$","M","?","?","R","E","$","T","M","?","?","?","M","R","BOSS","M","?","?","?","?","R","E","?","T","M"],"build_version":"2019-01-23","purchased_purges":2,"victory":false,"max_hp_per_floor":[80,80,80,80,80,80,85,85,85,85,85,85,85,85,85,85,85,88,88,92,92,92,92,92,92,92,92],"card_choices":[{"not_picked":["Hemokinesis","Perfected Strike"],"picked":"Cleave","floor":1.0},{"not_picked":["Dual Wield","Body Slam","Searing Blow"],"picked":"SKIP","floor":3.0},{"not_picked":["Hemokinesis","Anger"],"picked":"Armaments","floor":7.0},{"not_picked":["Wild Strike","Rage","Rupture"],"picked":"SKIP","floor":10.0},{"not_picked":["Havoc","Heavy Blade"],"picked":"Flex","floor":11.0},{"not_picked":["Clash","Thunderclap"],"picked":"Heavy Blade","floor":13.0},{"not_picked":["Combust","Rage"],"picked":"Impervious","floor":14.0},{"not_picked":["Body Slam","Havoc"],"picked":"Iron Wave","floor":15.0},{"not_picked":["Dark Embrace","Juggernaut"],"picked":"Feed","floor":16.0},{"not_picked":["Thunderclap+1","Power Through","Fire Breathing"],"picked":"SKIP","floor":18},{"not_picked":["Battle Trance","Bloodletting"],"picked":"Sword Boomerang+1","floor":20},{"not_picked":["Burning Pact","Uppercut"],"picked":"Clash","floor":23},{"not_picked":["Headbutt","Pommel Strike"],"picked":"Clash+1","floor":24}],"player_experience":59148,"relics_obtained":[{"floor":7.0,"key":"Smiling Mask"},{"floor":9.0,"key":"Ornamental Fan"},{"floor":12.0,"key":"Gremlin Horn"},{"floor":21,"key":"Nunchaku"},{"floor":24,"key":"Juzu Bracelet"},{"floor":26,"key":"Orichalcum"}],"event_choices":[{"event_name":"Scrap Ooze","player_choice":"success","floor":4.0,"damage_taken":18.0},{"event_name":"Golden Idol","player_choice":"Take Damage","floor":5.0,"damage_taken":0.0},{"damage_healed":0,"gold_gain":100,"player_choice":"Pray","damage_taken":0,"max_hp_gain":0,"max_hp_loss":0,"event_name":"Golden Shrine","floor":19,"gold_loss":0},{"damage_healed":0,"gold_gain":0,"player_choice":"Bet on Owner","damage_taken":0,"max_hp_gain":0,"max_hp_loss":0,"event_name":"The Joust","floor":22,"gold_loss":50},{"damage_healed":0,"gold_gain":0,"player_choice":"Ignored","damage_taken":0,"max_hp_gain":0,"max_hp_loss":0,"event_name":"The Mausoleum","floor":25,"gold_loss":0}],"is_beta":false,"boss_relics":[{"not_picked":["Ectoplasm","Black Star"],"picked":"Lizard Tail"}],"items_purged_floors":[2,8],"is_endless":false,"potions_floor_spawned":[7,10,13,14,20,24],"killed_by":"Cultist and Chosen","ascension_level":2}