{"gold_per_floor":[112,124,124,199,23,23,23,54,109,109,124,124,168,168,168,291,291,305,321,321,153,252,252,272,272,354,368,348,373,388,411,411,541,541,560,560,575,575],"floor_reached":38,"playtime":1571,"items_purged":["Strike_B","Strike_B"],"score":467,"play_id":"5f9d944b-09d2-4b20-b1e6-7986ffef83ca","local_time":"20180828012505","is_ascension_mode":true,"campfire_choices":[{"data":"Zap","floor":6,"key":"SMITH"},{"floor":12,"key":"REST"},{"floor":15,"key":"REST"},{"data":"Echo Form","floor":23,"key":"SMITH"},{"floor":25,"key":"REST"},{"floor":32,"key":"REST"}],"neow_cost":"NONE","seed_source_timestamp":1009964066451951,"circlet_count":0,"master_deck":["Strike_B","Strike_B+1","Defend_B","Defend_B","Defend_B","Defend_B","Zap+1","Dualcast","Leap","Gash+1","Leap","All For One","Gash","BootSequence","Echo Form+1","Gash","Defragment+1","FTL","Seek","Skim","Leap+1","Gash","Auto Shields","Coolheaded+1","Glacier"],"relics":["Cracked Core","Juzu Bracelet","Ice Cream","Bottled Flame","Whetstone","Golden Idol","Dream Catcher","Eternal Feather","Tiny Chest","Orrery","Singing Bowl"],"potions_floor_usage":[24,29,30,33,38],"damage_taken":[{"damage":2,"enemies":"Jaw Worm","floor":1,"turns":3},{"damage":5,"enemies":"Small Slimes","floor":2,"turns":5},{"damage":28,"enemies":"Lagavulin","floor":8,"turns":8},{"damage":0,"enemies":"Cultist","floor":11,"turns":3},{"damage":14,"enemies":"Gremlin Nob","floor":13,"turns":4},{"damage":12,"enemies":"Hexaghost","floor":16,"turns":8},{"damage":9,"enemies":"Chosen","floor":18,"turns":4},{"damage":29,"enemies":"2 Thieves","floor":19,"turns":4},{"damage":13,"enemies":"Snake Plant","floor":24,"turns":5},{"damage":8,"enemies":"Chosen and Byrds","floor":27,"turns":6},{"damage":31,"enemies":"Snecko","floor":29,"turns":8},{"damage":9,"enemies":"3 Cultists","floor":30,"turns":5},{"damage":2,"enemies":"Chosen and Byrds","floor":31,"turns":4},{"damage":30,"enemies":"Automaton","floor":33,"turns":11},{"damage":34,"enemies":"3 Darklings","floor":35,"turns":7},{"damage":5,"enemies":"Flame Bruiser 1 Orb","floor":37,"turns":5},{"damage":31,"enemies":"Transient","floor":38,"turns":5}],"seed_played":"-6339980794548985288","potions_obtained":[{"floor":1,"key":"FearPotion"},{"floor":8,"key":"SpeedPotion"},{"floor":13,"key":"AttackPotion"},{"floor":28,"key":"Energy Potion"},{"floor":29,"key":"Block Potion"},{"floor":30,"key":"Weak Potion"},{"floor":33,"key":"Dexterity Potion"}],"is_trial":false,"path_per_floor":["M","M","?","?","$","R","T","E","T","?","M","R","E","?","R","B",null,"M","M","?","$","?","R","M","R","T","M","?","M","M","M","R","B",null,"M","T","M"],"character_chosen":"DEFECT","items_purchased":["Gash","Leap","FTL"],"campfire_rested":4,"item_purchase_floors":[5,5,21],"current_hp_per_floor":[73,68,68,61,61,61,61,33,33,33,33,53,39,39,59,47,69,60,31,31,31,31,40,27,56,56,48,48,17,8,6,38,8,69,35,35,30,0],"gold":575,"neow_bonus":"RANDOM_COMMON_RELIC","is_prod":false,"is_daily":false,"chose_seed":false,"campfire_upgraded":2,"win_rate":0,"timestamp":1535390705,"path_taken":["M","M","?","?","$","R","?","E","T","?","M","R","E","?","R","BOSS","M","M","?","$","?","R","M","R","T","M","?","M","M","M","R","BOSS","M","?","M","M"],"build_version":"2018-08-23v2","purchased_purges":2,"victory":false,"max_hp_per_floor":[75,75,75,75,75,75,75,75,75,69,69,69,69,69,69,69,69,69,69,69,69,69,69,69,69,69,69,69,69,69,69,69,69,69,69,69,69,69],"card_choices":[{"not_picked":["Go for the Eyes","Gash"],"picked":"Leap","floor":1},{"not_picked":["Stack","Storm","Steam"],"picked":"SKIP","floor":2},{"not_picked":["Storm","Barrage"],"picked":"All For One","floor":8},{"not_picked":["Rebound","Redo","Force Field"],"picked":"SKIP","floor":11},{"not_picked":["Chill","Sweeping Beam"],"picked":"Gash","floor":13},{"not_picked":["Stack","Leap"],"picked":"BootSequence","floor":15},{"not_picked":["Fission","Meteor Strike"],"picked":"Echo Form","floor":16},{"not_picked":["Beam Cell","Hologram"],"picked":"Gash","floor":18},{"not_picked":["Redo","Beam Cell"],"picked":"Defragment+1","floor":19},{"not_picked":["Leap+1","Cold Snap"],"picked":"Seek","floor":24},{"not_picked":["Conserve Battery","Ball Lightning+1"],"picked":"Skim","floor":27},{"not_picked":["Go for the Eyes","White Noise"],"picked":"Leap+1","floor":29},{"not_picked":["Barrage+1","Go for the Eyes","Coolheaded"],"picked":"SKIP","floor":30},{"not_picked":["Barrage","Sunder"],"picked":"Gash","floor":31},{"not_picked":["Glacier","Compile Driver"],"picked":"Auto Shields","floor":32},{"not_picked":["Compile Driver","Storm"],"picked":"Coolheaded+1","floor":34},{"not_picked":["Ball Lightning+1","Rip and Tear","Loop"],"picked":"SKIP","floor":35},{"not_picked":["Chill","Redo"],"picked":"Glacier","floor":37}],"player_experience":313092,"relics_obtained":[{"floor":7,"key":"Ice Cream"},{"floor":8,"key":"Bottled Flame"},{"floor":9,"key":"Whetstone"},{"floor":13,"key":"Dream Catcher"},{"floor":26,"key":"Tiny Chest"},{"floor":36,"key":"Singing Bowl"}],"event_choices":[{"event_name":"Liars Game","player_choice":"disagreed","floor":3,"damage_taken":0},{"event_name":"FaceTrader","player_choice":"Touch","floor":4,"damage_taken":0},{"event_name":"Golden Idol","player_choice":"Lose Max HP","floor":10,"damage_taken":0},{"event_name":"Accursed Blacksmith","player_choice":"Ignore","floor":14,"damage_taken":0},{"event_name":"Vampires","player_choice":"Ignored","floor":20,"damage_taken":0},{"event_name":"Nest","player_choice":"Stole From Cult","floor":22,"damage_taken":0},{"event_name":"The Woman in Blue","player_choice":"Bought 1 Potion","floor":28,"damage_taken":0}],"is_beta":false,"boss_relics":[{"not_picked":["Fusion Hammer","Ectoplasm"],"picked":"Eternal Feather"},{"not_picked":["Calling Bell","Cursed Key"],"picked":"Orrery"}],"items_purged_floors":[5,21],"is_endless":false,"potions_floor_spawned":[1,8,13,19,29,30,31,33],"killed_by":"Transient","ascension_level":3}