{"gold_per_floor":[112,112,62,62,79,112,112,112,190,203,203,226,244,14,14,14],"floor_reached":16,"playtime":1133,"items_purged":[],"score":125,"play_id":"8242a7c9-0dd5-46a1-aaa0-19954795aa00","local_time":"20190101153536","is_ascension_mode":false,"campfire_choices":[{"data":"Neutralize","floor":7,"key":"SMITH"},{"data":"Acrobatics","floor":11,"key":"SMITH"},{"floor":15,"key":"REST"}],"neow_cost":"NONE","seed_source_timestamp":324431985389602,"circlet_count":0,"master_deck":["Defend_G","Defend_G","Defend_G","Strike_G","Strike_G","Strike_G","Strike_G","Strike_G","Survivor","Neutralize+1","Acrobatics+1","Finisher","PiercingWail","Prepared+1","Burst+1","PiercingWail+1","Heel Hook","Backflip+1"],"relics":["Ring of the Snake","NeowsBlessing","Ancient Tea Set","Anchor","Golden Idol","Toxic Egg 2","Lantern"],"potions_floor_usage":[16],"damage_taken":[{"damage":0,"enemies":"Jaw Worm","floor":1,"turns":1},{"damage":0,"enemies":"2 Louse","floor":5,"turns":1},{"damage":0,"enemies":"Lagavulin","floor":6,"turns":1},{"damage":0,"enemies":"Cultist","floor":10,"turns":3},{"damage":0,"enemies":"3 Louse","floor":12,"turns":2},{"damage":1,"enemies":"Large Slime","floor":13,"turns":7},{"damage":51,"enemies":"Hexaghost","floor":16,"turns":16}],"seed_played":"4277540513022253022","potions_obtained":[{"floor":1,"key":"FearPotion"},{"floor":6,"key":"AttackPotion"}],"is_trial":false,"path_per_floor":["M","?","?","?","M","E","R","?","T","M","R","M","M","$","R","B"],"character_chosen":"THE_SILENT","items_purchased":["Lantern","Heel Hook","Backflip+1"],"campfire_rested":1,"item_purchase_floors":[14,14,14],"current_hp_per_floor":[70,45,45,45,45,45,45,28,28,28,28,28,27,27,48,0],"gold":14,"neow_bonus":"THREE_ENEMY_KILL","is_prod":false,"is_daily":false,"chose_seed":false,"campfire_upgraded":2,"win_rate":0.0,"timestamp":1546374936,"path_taken":["M","?","?","?","?","E","R","?","T","M","R","M","M","$","R","BOSS"],"build_version":"2018-12-20","purchased_purges":0,"victory":false,"max_hp_per_floor":[70,70,70,70,70,70,70,70,70,70,70,70,70,70,70,70],"card_choices":[{"not_picked":["Dodge and Roll","Distraction"],"picked":"Acrobatics","floor":1},{"not_picked":["Blade Dance","Slice"],"picked":"Finisher","floor":5},{"not_picked":["Distraction","Poisoned Stab"],"picked":"PiercingWail","floor":6},{"not_picked":["Deflect+1","Dagger Throw"],"picked":"Prepared+1","floor":10},{"not_picked":["Deadly Poison+1","Dodge and Roll+1"],"picked":"Burst+1","floor":12},{"not_picked":["Prepared+1","Outmaneuver+1"],"picked":"PiercingWail+1","floor":13}],"player_experience":2264,"relics_obtained":[{"floor":6,"key":"Anchor"},{"floor":9,"key":"Toxic Egg 2"}],"event_choices":[{"damage_healed":0,"gold_gain":0,"player_choice":"Success","damage_taken":25,"relics_obtained":["Ancient Tea Set"],"max_hp_gain":0,"max_hp_loss":0,"event_name":"Scrap Ooze","floor":2,"gold_loss":0},{"cards_removed":["Defend_G"],"damage_healed":0,"gold_gain":0,"player_choice":"Card Removal","damage_taken":0,"max_hp_gain":0,"max_hp_loss":0,"event_name":"The Cleric","floor":3,"gold_loss":50},{"cards_removed":["Defend_G"],"damage_healed":0,"gold_gain":0,"player_choice":"Offered Basic","damage_taken":0,"max_hp_gain":0,"max_hp_loss":0,"event_name":"Bonfire Elementals","floor":4,"gold_loss":0},{"damage_healed":0,"gold_gain":0,"player_choice":"Take Damage","damage_taken":17,"relics_obtained":["Golden Idol"],"max_hp_gain":0,"max_hp_loss":0,"event_name":"Golden Idol","floor":8,"gold_loss":0}],"is_beta":false,"boss_relics":[],"items_purged_floors":[],"is_endless":false,"potions_floor_spawned":[1,6],"killed_by":"Hexaghost","ascension_level":0}