{"gold_per_floor":[111,61,161,180,197,197,217,247,273,273,291,291,303,322,322,322],"floor_reached":16,"playtime":582,"items_purged":[],"score":129,"play_id":"791ef315-6dc4-4930-8ba8-b7a563f0f7a2","local_time":"20181228200314","is_ascension_mode":false,"campfire_choices":[{"data":"Whirlwind","floor":6,"key":"SMITH"},{"data":"Dual Wield","floor":10,"key":"SMITH"},{"data":"Shrug It Off","floor":12,"key":"SMITH"},{"floor":15,"key":"REST"}],"neow_cost":"NONE","seed_source_timestamp":34363828761892,"circlet_count":0,"master_deck":["Strike_R","Strike_R","Strike_R","Strike_R","Strike_R","Defend_R","Defend_R","Defend_R","Bash","Dual Wield+1","Cleave","Whirlwind+1","Shrug It Off+1","Shockwave"],"relics":["Burning Blood","Strawberry","Omamori"],"potions_floor_usage":[14,16],"damage_taken":[{"damage":0,"enemies":"Small Slimes","floor":1,"turns":3},{"damage":8,"enemies":"Jaw Worm","floor":4,"turns":5},{"damage":6,"enemies":"Cultist","floor":5,"turns":5},{"damage":12,"enemies":"2 Fungi Beasts","floor":7,"turns":2},{"damage":15,"enemies":"Gremlin Nob","floor":8,"turns":4},{"damage":2,"enemies":"3 Louse","floor":11,"turns":3},{"damage":12,"enemies":"Looter","floor":13,"turns":4},{"damage":33,"enemies":"Large Slime","floor":14,"turns":4},{"damage":88,"enemies":"Hexaghost","floor":16,"turns":12}],"seed_played":"7264239843721712779","potions_obtained":[{"floor":1,"key":"Block Potion"},{"floor":5,"key":"SkillPotion"},{"floor":7,"key":"BloodPotion"},{"floor":14,"key":"Strength Potion"}],"is_trial":false,"path_per_floor":["M","?","?","M","M","R","M","E","T","R","M","R","M","M","R","B"],"character_chosen":"IRONCLAD","items_purchased":[],"campfire_rested":1,"item_purchase_floors":[],"current_hp_per_floor":[88,88,88,86,86,86,80,78,78,78,82,82,76,58,86,0],"gold":322,"neow_bonus":"TEN_PERCENT_HP_BONUS","is_prod":false,"is_daily":false,"chose_seed":false,"campfire_upgraded":3,"win_rate":0,"timestamp":1546023794,"path_taken":["M","?","?","M","M","R","M","E","T","R","?","R","M","M","R","BOSS"],"build_version":"2018-12-20","purchased_purges":0,"victory":false,"max_hp_per_floor":[88,88,88,88,88,88,88,95,95,95,95,95,95,95,95,95],"card_choices":[{"not_picked":["Seeing Red","Wild Strike"],"picked":"Dual Wield","floor":1},{"not_picked":["Feel No Pain","Flex"],"picked":"Cleave","floor":4},{"not_picked":["Pommel Strike","Infernal Blade"],"picked":"Whirlwind","floor":5},{"not_picked":["Pommel Strike","Warcry","Dropkick"],"picked":"SKIP","floor":7},{"not_picked":["Pommel Strike","Anger"],"picked":"Shrug It Off","floor":8},{"not_picked":["Twin Strike","Entrench","True Grit"],"picked":"SKIP","floor":11},{"not_picked":["Second Wind","Dual Wield","Pommel Strike"],"picked":"SKIP","floor":13},{"not_picked":["Dropkick","Heavy Blade"],"picked":"Shockwave","floor":14}],"player_experience":51396,"relics_obtained":[{"floor":8,"key":"Strawberry"},{"floor":9,"key":"Omamori"}],"event_choices":[{"cards_removed":["Defend_R"],"damage_healed":0,"gold_gain":0,"player_choice":"Card Removal","damage_taken":0,"max_hp_gain":0,"max_hp_loss":0,"event_name":"The Cleric","floor":2,"gold_loss":50},{"damage_healed":0,"gold_gain":100,"player_choice":"Pray","damage_taken":0,"max_hp_gain":0,"max_hp_loss":0,"event_name":"Golden Shrine","floor":3,"gold_loss":0}],"is_beta":false,"boss_relics":[],"items_purged_floors":[],"is_endless":false,"potions_floor_spawned":[1,5,7,14],"killed_by":"Hexaghost","ascension_level":0}