{"gold_per_floor":[12,187,201,201,201,235,246,279,279,279,259,271,281,46,46,145,145,158,178,197,215,215],"floor_reached":22,"playtime":1263,"items_purged":[],"score":208,"play_id":"ad624294-efcc-4369-9e43-c78fb57765d9","local_time":"20190201234917","is_ascension_mode":true,"campfire_choices":[{"floor":10,"key":"REST"},{"floor":15,"key":"REST"}],"neow_cost":"NO_GOLD","seed_source_timestamp":1110203865891751,"circlet_count":0,"master_deck":["Strike_R","Strike_R","Strike_R","Defend_R","Defend_R","Defend_R","Defend_R","Bash","Havoc","Fire Breathing","Pommel Strike","Doubt","Headbutt","Regret","Juggernaut","Dropkick","Armaments","Inflame","Seeing Red","Immolate","Finesse","Demon Form","Iron Wave","Intimidate","True Grit+1","Seeing Red"],"relics":["Burning Blood","StoneCalendar","Pear","Anchor","Dodecahedron","Orichalcum","Velvet Choker"],"potions_floor_usage":[16,16,22],"damage_taken":[{"damage":0,"enemies":"2 Louse","floor":1,"turns":4},{"damage":6,"enemies":"Cultist","floor":3,"turns":3},{"damage":59,"enemies":"3 Sentries","floor":6,"turns":7},{"damage":2,"enemies":"Small Slimes","floor":7,"turns":4},{"damage":39,"enemies":"Lagavulin","floor":8,"turns":7},{"damage":19,"enemies":"Gremlin Gang","floor":12,"turns":7},{"damage":15,"enemies":"2 Fungi Beasts","floor":13,"turns":4},{"damage":36,"enemies":"Slime Boss","floor":16,"turns":7},{"damage":23,"enemies":"Spheric Guardian","floor":18,"turns":5},{"damage":1,"enemies":"Chosen","floor":19,"turns":4},{"damage":21,"enemies":"Snake Plant","floor":20,"turns":3},{"damage":41,"enemies":"Sentry and Sphere","floor":21,"turns":6},{"damage":33,"enemies":"Cultist and Chosen","floor":22,"turns":6}],"seed_played":"-5529970368800906829","potions_obtained":[{"floor":11,"key":"EssenceOfSteel"},{"floor":12,"key":"PowerPotion"},{"floor":13,"key":"Poison Potion"},{"floor":16,"key":"Regen Potion"},{"floor":18,"key":"SkillPotion"}],"is_trial":false,"path_per_floor":["M","?","M","?","?","E","M","E","T","R","?","M","M","$","R","B",null,"M","M","M","M","M"],"character_chosen":"IRONCLAD","items_purchased":["Finesse","Orichalcum"],"campfire_rested":2,"item_purchase_floors":[14,14],"current_hp_per_floor":[80,80,80,80,80,37,41,8,8,35,35,22,13,13,40,10,90,73,78,63,28,0],"gold":215,"neow_bonus":"TRANSFORM_TWO_CARDS","is_prod":false,"is_daily":false,"chose_seed":false,"campfire_upgraded":0,"win_rate":0,"timestamp":1549082957,"path_taken":["M","?","M","?","?","E","?","E","T","R","?","M","M","$","R","BOSS","M","?","M","M","M"],"build_version":"2019-01-23","purchased_purges":0,"victory":false,"max_hp_per_floor":[80,80,80,80,80,90,90,90,90,90,90,90,90,90,90,90,90,90,90,90,90,90],"card_choices":[{"not_picked":["Clothesline","Perfected Strike"],"picked":"Pommel Strike","floor":1},{"not_picked":["Sever Soul","Clash"],"picked":"Headbutt","floor":3},{"not_picked":["Clothesline","Flex"],"picked":"Dropkick","floor":6},{"not_picked":["Cleave","Bloodletting"],"picked":"Armaments","floor":7},{"not_picked":["Shockwave","Flex"],"picked":"Inflame","floor":8},{"not_picked":["Flex","Hemokinesis"],"picked":"Seeing Red","floor":12},{"not_picked":["Ghostly Armor","Feel No Pain"],"picked":"Immolate","floor":13},{"not_picked":["Exhume","Dark Embrace"],"picked":"Demon Form","floor":16},{"not_picked":["Wild Strike","Battle Trance"],"picked":"Iron Wave","floor":18},{"not_picked":["Searing Blow","Havoc"],"picked":"Intimidate","floor":19},{"not_picked":["Iron Wave+1","Shrug It Off+1"],"picked":"True Grit+1","floor":20},{"not_picked":["Clash","Headbutt"],"picked":"Seeing Red","floor":21}],"player_experience":133898,"relics_obtained":[{"floor":6,"key":"Pear"},{"floor":8,"key":"Anchor"},{"floor":9,"key":"Dodecahedron"}],"event_choices":[{"damage_healed":0,"gold_gain":175,"player_choice":"AGREE","damage_taken":0,"max_hp_gain":0,"max_hp_loss":0,"event_name":"Liars Game","floor":2,"gold_loss":0,"cards_obtained":["Doubt"]},{"damage_healed":0,"gold_gain":0,"player_choice":"Box","damage_taken":0,"relics_obtained":["StoneCalendar"],"max_hp_gain":0,"max_hp_loss":0,"event_name":"Big Fish","floor":4,"gold_loss":0,"cards_obtained":["Regret"]},{"damage_healed":0,"gold_gain":0,"player_choice":"1 cards matched","damage_taken":0,"max_hp_gain":0,"max_hp_loss":0,"event_name":"Match and Keep!","floor":5,"gold_loss":0,"cards_obtained":["Juggernaut"]},{"damage_healed":0,"gold_gain":0,"player_choice":"Bought 1 Potion","damage_taken":0,"max_hp_gain":0,"max_hp_loss":0,"event_name":"The Woman in Blue","floor":11,"gold_loss":0}],"is_beta":false,"boss_relics":[{"not_picked":["Runic Pyramid","Ectoplasm"],"picked":"Velvet Choker"}],"items_purged_floors":[],"is_endless":false,"potions_floor_spawned":[12,13,16,18,21],"killed_by":"Cultist and Chosen","ascension_level":1}