{"gold_per_floor":[111,36,36,36,36,64,74,74,74,90,90,90,107,135,135,234,234,245,145,145,159,34,61,72,72,72,82,82,98,98,98,98,195,195,210,60,74,74,74,74,88,88,113,113,129,141,92,107,107,107],"floor_reached":50,"playtime":2651,"items_purged":["Defend_R","Strike_R","Strike_R","Defend_R"],"score":495,"play_id":"9679aa4e-bd0f-45ad-afbe-55d06bd4e265","local_time":"20190201224450","is_ascension_mode":false,"campfire_choices":[{"data":"Bash","floor":8,"key":"SMITH"},{"data":"Strike_R","floor":11,"key":"SMITH"},{"data":"Whirlwind","floor":15,"key":"SMITH"},{"data":"Feed","floor":25,"key":"SMITH"},{"data":"Rampage","floor":32,"key":"SMITH"},{"floor":40,"key":"RECALL"}],"neow_cost":"TEN_PERCENT_HP_LOSS","seed_source_timestamp":264434107263379,"circlet_count":0,"master_deck":["Bash+1","Whirlwind+1","Feed+1","Clothesline+1"],"relics":["Burning Blood","Nunchaku","Pocketwatch","Paper Frog","Dream Catcher","Coffee Dripper","Enchiridion","Blood Vial","Torii","Empty Cage","Red Skull"],"potions_floor_usage":[29,33,33,45,46,50,50,50],"damage_taken":[{"damage":0,"enemies":"Small Slimes","floor":1,"turns":4},{"damage":44,"enemies":"Lagavulin","floor":6,"turns":7},{"damage":2,"enemies":"2 Louse","floor":7,"turns":3},{"damage":1,"enemies":"Cultist","floor":10,"turns":3},{"damage":0,"enemies":"Large Slime","floor":13,"turns":4},{"damage":6,"enemies":"Gremlin Nob","floor":14,"turns":3},{"damage":7,"enemies":"Slime Boss","floor":16,"turns":6},{"damage":12,"enemies":"Shell Parasite","floor":18,"turns":2},{"damage":20,"enemies":"2 Thieves","floor":21,"turns":3},{"damage":19,"enemies":"Slavers","floor":23,"turns":3},{"damage":9,"enemies":"Centurion and Healer","floor":24,"turns":4},{"damage":0,"enemies":"Cultist and Chosen","floor":27,"turns":4},{"damage":2,"enemies":"Chosen and Byrds","floor":29,"turns":3},{"damage":58,"enemies":"Champ","floor":33,"turns":7},{"damage":23,"enemies":"Orb Walker","floor":35,"turns":3},{"damage":22,"enemies":"3 Shapes","floor":37,"turns":2},{"damage":10,"enemies":"Sphere and 2 Shapes","floor":41,"turns":3},{"damage":11,"enemies":"Jaw Worm Horde","floor":45,"turns":2},{"damage":17,"enemies":"3 Darklings","floor":46,"turns":2},{"damage":13,"enemies":"Transient","floor":48,"turns":5},{"damage":64,"enemies":"Donu and Deca","floor":50,"turns":3}],"seed_played":"-5144257134612785969","potions_obtained":[{"floor":6,"key":"Dexterity Potion"},{"floor":14,"key":"PowerPotion"},{"floor":16,"key":"Dexterity Potion"},{"floor":24,"key":"BloodPotion"},{"floor":33,"key":"PowerPotion"},{"floor":35,"key":"SneckoOil"},{"floor":41,"key":"Block Potion"},{"floor":45,"key":"Energy Potion"}],"is_trial":false,"path_per_floor":["M","$","?","$","?","E","M","R","T","M","R","?","M","E","R","B",null,"M","$","?","M","$","E","M","R","T","M","?","M","$","?","R","B",null,"M","$","M","?","?","R","M","R","T","?","M","M","$","M","R","B"],"character_chosen":"IRONCLAD","items_purchased":["PowerPotion"],"campfire_rested":0,"item_purchase_floors":[47],"current_hp_per_floor":[72,72,72,72,72,34,38,38,38,43,43,43,49,49,49,48,72,69,69,53,42,42,32,34,34,34,46,46,64,64,64,64,14,92,79,79,69,69,69,69,67,67,67,64,61,56,56,51,51,0],"gold":107,"neow_bonus":"TRANSFORM_TWO_CARDS","is_prod":false,"is_daily":false,"chose_seed":false,"campfire_upgraded":5,"win_rate":0,"timestamp":1549073690,"path_taken":["M","$","?","$","?","E","M","R","T","?","R","?","M","E","R","BOSS","M","$","?","M","$","E","M","R","T","M","?","M","$","?","R","BOSS","M","$","M","?","?","R","M","R","T","?","M","?","$","M","R","BOSS"],"build_version":"2019-01-23","purchased_purges":4,"victory":false,"max_hp_per_floor":[72,72,72,72,72,72,72,72,72,72,72,72,72,72,72,72,72,75,75,75,78,78,81,84,84,84,88,88,92,92,92,92,92,92,96,96,100,100,95,95,95,95,95,95,95,99,99,99,99,99],"card_choices":[{"not_picked":["Headbutt","Wild Strike","Iron Wave"],"picked":"SKIP","floor":1},{"not_picked":["Sentinel","Fire Breathing","Clash"],"picked":"SKIP","floor":6},{"not_picked":["Pummel","Shrug It Off","Searing Blow"],"picked":"SKIP","floor":7},{"not_picked":["Armaments","Body Slam","Rupture"],"picked":"SKIP","floor":10},{"not_picked":["Warcry","Anger"],"picked":"Whirlwind","floor":13},{"not_picked":["Blood for Blood","Sever Soul","Bloodletting"],"picked":"SKIP","floor":14},{"not_picked":["Berserk","Offering"],"picked":"Feed","floor":16},{"not_picked":["Armaments","Rage","Uppercut+1"],"picked":"SKIP","floor":18},{"not_picked":["Headbutt","Pommel Strike","Heavy Blade"],"picked":"SKIP","floor":21},{"not_picked":["Combust","Perfected Strike","Cleave"],"picked":"SKIP","floor":23},{"not_picked":["Twin Strike+1","Brutality","Flex"],"picked":"SKIP","floor":24},{"not_picked":["Armaments","Iron Wave","Body Slam"],"picked":"SKIP","floor":27},{"not_picked":["Iron Wave","Wild Strike","True Grit"],"picked":"SKIP","floor":29},{"not_picked":["Corruption","Wild Strike+1","Clash"],"picked":"SKIP","floor":35},{"not_picked":["Evolve+1","True Grit+1","Twin Strike+1"],"picked":"SKIP","floor":37},{"not_picked":["Cleave+1","Clash+1","Thunderclap+1"],"picked":"SKIP","floor":41},{"not_picked":["Sever Soul","True Grit"],"picked":"Clothesline+1","floor":45},{"not_picked":["Anger+1","Pommel Strike+1","Armaments+1"],"picked":"SKIP","floor":46},{"not_picked":["Corruption","Thunderclap","Searing Blow"],"picked":"SKIP","floor":48}],"player_experience":308060,"relics_obtained":[{"floor":6,"key":"Pocketwatch"},{"floor":9,"key":"Paper Frog"},{"floor":14,"key":"Dream Catcher"},{"floor":20,"key":"Enchiridion"},{"floor":23,"key":"Blood Vial"},{"floor":26,"key":"Torii"},{"floor":43,"key":"Red Skull"}],"event_choices":[{"damage_healed":0,"gold_gain":0,"player_choice":"Ignored","damage_taken":0,"max_hp_gain":0,"max_hp_loss":0,"event_name":"Liars Game","floor":3,"gold_loss":0},{"cards_removed":["Flame Barrier"],"damage_healed":0,"gold_gain":0,"player_choice":"Gave Card","damage_taken":0,"relics_obtained":["Nunchaku"],"max_hp_gain":0,"max_hp_loss":0,"event_name":"WeMeetAgain","floor":5,"gold_loss":0},{"cards_removed":["Second Wind"],"damage_healed":0,"gold_gain":0,"player_choice":"Forget","damage_taken":0,"max_hp_gain":0,"max_hp_loss":0,"event_name":"Living Wall","floor":12,"gold_loss":0},{"damage_healed":0,"gold_gain":0,"player_choice":"Obtained Book","damage_taken":16,"max_hp_gain":0,"max_hp_loss":0,"event_name":"Cursed Tome","floor":20,"gold_loss":0},{"damage_healed":0,"gold_gain":0,"cards_transformed":["Defend_R","Defend_R"],"player_choice":"Became Test Subject","damage_taken":0,"max_hp_gain":0,"max_hp_loss":0,"event_name":"Drug Dealer","floor":28,"gold_loss":0,"cards_obtained":["Immolate","Rampage"]},{"damage_healed":0,"gold_gain":0,"player_choice":"Ignored","damage_taken":0,"max_hp_gain":0,"max_hp_loss":0,"event_name":"NoteForYourself","floor":31,"gold_loss":0},{"cards_removed":["Rampage"],"damage_healed":0,"gold_gain":0,"player_choice":"Removed Attack","damage_taken":0,"max_hp_gain":0,"max_hp_loss":0,"event_name":"Falling","floor":38,"gold_loss":0},{"damage_healed":0,"gold_gain":0,"player_choice":"Max HP","damage_taken":0,"max_hp_gain":0,"max_hp_loss":5,"event_name":"Winding Halls","floor":39,"gold_loss":0},{"damage_healed":0,"gold_gain":0,"player_choice":"Punched","damage_taken":3,"max_hp_gain":0,"max_hp_loss":0,"event_name":"Designer","floor":44,"gold_loss":0}],"is_beta":false,"boss_relics":[{"not_picked":["Mark of Pain","Calling Bell"],"picked":"Coffee Dripper"},{"not_picked":["Busted Crown","White Beast Statue"],"picked":"Empty Cage"}],"items_purged_floors":[2,19,22,36],"is_endless":false,"potions_floor_spawned":[6,14,16,18,23,24,33,35,41,45],"killed_by":"Donu and Deca","ascension_level":0}