{"gold_per_floor":[214,214,9,9,9,9,37,37,92,92,102,122,151,326,326,326],"floor_reached":16,"playtime":706,"items_purged":[],"score":127,"play_id":"b8f10e7f-94f7-4946-8c09-4e64dbbaedd4","local_time":"20181222095215","is_ascension_mode":true,"campfire_choices":[{"data":"Shrug It Off","floor":6,"key":"SMITH"},{"floor":10,"key":"REST"},{"floor":15,"key":"REST"}],"neow_cost":"NONE","seed_source_timestamp":207204560885668,"circlet_count":0,"master_deck":["Strike_R","Strike_R","Strike_R","Strike_R","Defend_R","Defend_R","Defend_R","Defend_R","Bash","Headbutt","Shrug It Off+1","Offering","Flex","Shrug It Off","Searing Blow","Metallicize","Armaments","Doubt"],"relics":["Burning Blood","PreservedInsect","Ancient Tea Set","Prayer Wheel","Regal Pillow","Potion Belt","Pen Nib"],"potions_floor_usage":[16,16,16],"damage_taken":[{"damage":12,"enemies":"Jaw Worm","floor":1,"turns":2},{"damage":45,"enemies":"Lagavulin","floor":7,"turns":6},{"damage":6,"enemies":"2 Louse","floor":11,"turns":1},{"damage":5,"enemies":"Small Slimes","floor":12,"turns":3},{"damage":18,"enemies":"3 Sentries","floor":13,"turns":9},{"damage":85,"enemies":"Hexaghost","floor":16,"turns":15}],"seed_played":"-3314718815952045322","potions_obtained":[{"floor":7,"key":"Energy Potion"},{"floor":11,"key":"Energy Potion"},{"floor":13,"key":"Block Potion"}],"is_trial":false,"path_per_floor":["M","?","$","?","?","R","E","?","T","R","M","M","E","?","R","B"],"character_chosen":"IRONCLAD","items_purchased":["PreservedInsect","Shrug It Off"],"campfire_rested":2,"item_purchase_floors":[3,3],"current_hp_per_floor":[74,74,74,67,60,60,21,21,21,60,60,61,49,49,80,0],"gold":326,"neow_bonus":"HUNDRED_GOLD","is_prod":false,"is_daily":false,"chose_seed":false,"campfire_upgraded":1,"win_rate":0,"timestamp":1545501135,"path_taken":["M","?","$","?","?","R","E","?","T","R","M","M","E","?","R","BOSS"],"build_version":"2018-12-20","purchased_purges":0,"victory":false,"max_hp_per_floor":[80,80,80,80,80,80,80,80,80,80,80,80,80,80,80,80],"card_choices":[{"not_picked":["Iron Wave","Perfected Strike"],"picked":"Headbutt","floor":1},{"not_picked":["Clothesline","Infernal Blade"],"picked":"Offering","floor":7},{"not_picked":["Iron Wave","Anger"],"picked":"Flex","floor":11},{"not_picked":["Shrug It Off","Perfected Strike","Sentinel"],"picked":"SKIP","floor":11},{"not_picked":["Perfected Strike","Sentinel"],"picked":"Shrug It Off","floor":11},{"not_picked":["Uppercut","Warcry"],"picked":"Searing Blow","floor":12},{"not_picked":["Battle Trance","Metallicize","Reckless Charge"],"picked":"SKIP","floor":12},{"not_picked":["Battle Trance","Reckless Charge"],"picked":"Metallicize","floor":12},{"not_picked":["Sentinel","Twin Strike"],"picked":"Armaments","floor":13}],"player_experience":220051,"relics_obtained":[{"floor":7,"key":"Prayer Wheel"},{"floor":9,"key":"Potion Belt"},{"floor":13,"key":"Pen Nib"}],"event_choices":[{"damage_healed":0,"gold_gain":0,"player_choice":"Ignored","damage_taken":0,"max_hp_gain":0,"max_hp_loss":0,"event_name":"Shining Light","floor":2,"gold_loss":0},{"cards_removed":["Strike_R"],"damage_healed":0,"gold_gain":0,"player_choice":"Card Removal","damage_taken":7,"max_hp_gain":0,"max_hp_loss":0,"event_name":"Golden Wing","floor":4,"gold_loss":0},{"damage_healed":0,"gold_gain":0,"player_choice":"Success","damage_taken":7,"relics_obtained":["Ancient Tea Set"],"max_hp_gain":0,"max_hp_loss":0,"event_name":"Scrap Ooze","floor":5,"gold_loss":0},{"damage_healed":0,"gold_gain":0,"player_choice":"Searched \u00272\u0027 times","damage_taken":0,"relics_obtained":["Regal Pillow"],"max_hp_gain":0,"max_hp_loss":0,"event_name":"Dead Adventurer","floor":8,"gold_loss":0},{"damage_healed":0,"gold_gain":175,"player_choice":"AGREE","damage_taken":0,"max_hp_gain":0,"max_hp_loss":0,"event_name":"Liars Game","floor":14,"gold_loss":0,"cards_obtained":["Doubt"]}],"is_beta":false,"boss_relics":[],"items_purged_floors":[],"is_endless":false,"potions_floor_spawned":[7,11,13],"killed_by":"Hexaghost","ascension_level":4}