{"gold_per_floor":[118,118,135,135,150,182,196,121,198,198,212,230,260,273,273,369,369,381,381,400,400,84,113,113,145,219,250,267,267,287,305,305,403,403,419,433,533,408,408,441,441,441,489,499,499,546,563,266,266,266],"floor_reached":50,"playtime":2546,"items_purged":["Strike_G","Strike_G","Pain","Strike_G"],"score":592,"play_id":"09222d38-267b-4452-b21b-da6494043373","local_time":"20190110125620","is_ascension_mode":false,"campfire_choices":[{"floor":10.0,"key":"REST"},{"data":"Leg Sweep","floor":15.0,"key":"SMITH"},{"data":"Prepared","floor":24.0,"key":"SMITH"},{"floor":29,"key":"REST"},{"floor":32,"key":"RECALL"},{"floor":41,"key":"REST"},{"data":"Survivor","floor":45,"key":"SMITH"},{"floor":49,"key":"REST"}],"neow_cost":"NONE","seed_source_timestamp":156232797212305,"circlet_count":0,"master_deck":["Defend_G","Defend_G","Defend_G","Strike_G","Strike_G+1","Survivor+1","Neutralize+1","Noxious Fumes+1","Quick Slash","Heel Hook","Bane","Calculated Gamble","Leg Sweep+1","Prepared+1","Terror","Corpse Explosion","PiercingWail","Cloak And Dagger","Flash of Steel","Backstab","Calculated Gamble","Backstab+1","Sucker Punch+1","Poisoned Stab+1","Escape Plan","Adrenaline","Pain","Regret","Bane+1","Noxious Fumes","Prepared"],"special_seed":0,"relics":["Ring of the Snake","Whetstone","The Specimen","Regal Pillow","Dream Catcher","Busted Crown","Snake Skull","Molten Egg 2","Oddly Smooth Stone","Matryoshka","Darkstone Periapt","Calling Bell","Question Card","Anchor","Pocketwatch","Unceasing Top","Ginger","Boot","Centennial Puzzle","Shovel"],"potions_floor_usage":[40,50,50],"damage_taken":[{"damage":0.0,"enemies":"Small Slimes","floor":1.0,"turns":3.0},{"damage":0.0,"enemies":"2 Louse","floor":3.0,"turns":3.0},{"damage":0.0,"enemies":"Cultist","floor":5.0,"turns":4.0},{"damage":20.0,"enemies":"Gremlin Nob","floor":6.0,"turns":4.0},{"damage":5.0,"enemies":"Exordium Thugs","floor":7.0,"turns":5.0},{"damage":0.0,"enemies":"Looter","floor":11.0,"turns":3.0},{"damage":0.0,"enemies":"2 Fungi Beasts","floor":12.0,"turns":4.0},{"damage":5.0,"enemies":"Lagavulin","floor":13.0,"turns":7.0},{"damage":1.0,"enemies":"Exordium Wildlife","floor":14.0,"turns":3.0},{"damage":39.0,"enemies":"Slime Boss","floor":16.0,"turns":13.0},{"damage":5.0,"enemies":"3 Byrds","floor":18.0,"turns":3.0},{"damage":3.0,"enemies":"Shell Parasite","floor":20.0,"turns":6.0},{"damage":3.0,"enemies":"Book of Stabbing","floor":23.0,"turns":7.0},{"damage":25.0,"enemies":"Gremlin Leader","floor":25.0,"turns":6.0},{"damage":0.0,"enemies":"Book of Stabbing","floor":27.0,"turns":6.0},{"damage":0,"enemies":"3 Cultists","floor":28,"turns":2},{"damage":0,"enemies":"Snake Plant","floor":30,"turns":3},{"damage":0,"enemies":"Centurion and Healer","floor":31,"turns":4},{"damage":31,"enemies":"Collector","floor":33,"turns":7},{"damage":5,"enemies":"3 Shapes","floor":35,"turns":3},{"damage":5,"enemies":"Orb Walker","floor":36,"turns":3},{"damage":19,"enemies":"Mind Bloom Boss Battle","floor":37,"turns":9},{"damage":23,"enemies":"Giant Head","floor":40,"turns":9},{"damage":21,"enemies":"Spire Growth","floor":44,"turns":4},{"damage":26,"enemies":"2 Orb Walkers","floor":46,"turns":4},{"damage":11,"enemies":"Sphere and 2 Shapes","floor":47,"turns":3},{"damage":68,"enemies":"Donu and Deca","floor":50,"turns":6}],"seed_played":"-3306320698455511325","potions_obtained":[{"floor":1.0,"key":"Explosive Potion"},{"floor":3.0,"key":"GhostInAJar"},{"floor":5.0,"key":"EssenceOfSteel"},{"floor":13.0,"key":"Explosive Potion"},{"floor":27.0,"key":"AttackPotion"},{"floor":30,"key":"GhostInAJar"},{"floor":33,"key":"EssenceOfSteel"},{"floor":40,"key":"SteroidPotion"}],"is_trial":false,"path_per_floor":["M","?","M","?","M","E","M","$","T","R","M","M","E","M","R","B",null,"M","?","M","?","$","E","R","E","T","E","M","R","M","M","R","B",null,"M","M","?","$","?","E","R","?","T","M","R","?","M","$","R","B"],"character_chosen":"THE_SILENT","items_purchased":["Snake Skull","Backstab","Dexterity Potion","Noxious Fumes","Prepared"],"campfire_rested":4,"item_purchase_floors":[22,22,48,48,48],"current_hp_per_floor":[70,58,58,58,58,38,33,33,33,69,69,69,64,63,63,24,70,65,65,62,62,62,59,59,34,34,34,34,70,70,70,70,39,88,83,78,59,59,59,36,76,76,76,55,55,29,18,18,58,0],"gold":266,"neow_bonus":"RANDOM_COMMON_RELIC","is_prod":false,"is_daily":false,"chose_seed":false,"campfire_upgraded":3,"win_rate":0,"timestamp":1547096180,"path_taken":["M","?","M","?","M","E","M","$","T","R","M","M","E","M","R","BOSS","M","?","M","?","$","E","R","E","T","E","?","R","M","M","R","BOSS","M","M","?","$","?","E","R","?","T","M","R","?","?","$","R","BOSS"],"build_version":"2019-01-03v4","purchased_purges":4,"victory":false,"max_hp_per_floor":[70,70,70,70,70,70,70,70,70,70,70,70,70,70,70,70,70,70,70,70,70,70,70,70,70,70,70,70,70,70,70,70,70,88,88,88,88,88,84,84,84,84,84,84,84,84,84,84,84,84],"card_choices":[{"not_picked":["Blur","Caltrops"],"picked":"Noxious Fumes","floor":1.0},{"not_picked":["Masterful Stab","Blade Dance"],"picked":"Quick Slash","floor":3.0},{"not_picked":["Outmaneuver","Quick Slash"],"picked":"Heel Hook","floor":5.0},{"not_picked":["Flechettes","PiercingWail"],"picked":"Bane","floor":6.0},{"not_picked":["Deadly Poison","Flying Knee"],"picked":"Calculated Gamble","floor":7.0},{"not_picked":["Dagger Spray","Outmaneuver"],"picked":"Leg Sweep","floor":11.0},{"not_picked":["PiercingWail","Dodge and Roll"],"picked":"Prepared","floor":12.0},{"not_picked":["Eviscerate","Expertise","Setup"],"picked":"SKIP","floor":13.0},{"not_picked":["Dodge and Roll","After Image"],"picked":"Terror","floor":14.0},{"not_picked":["Wraith Form v2","Adrenaline"],"picked":"Corpse Explosion","floor":16.0},{"not_picked":[],"picked":"PiercingWail","floor":18.0},{"not_picked":[],"picked":"Cloak And Dagger","floor":20.0},{"not_picked":[],"picked":"Calculated Gamble","floor":23.0},{"not_picked":[],"picked":"Backstab+1","floor":25.0},{"not_picked":[],"picked":"Sucker Punch+1","floor":27.0},{"not_picked":["Flying Knee+1"],"picked":"SKIP","floor":28},{"not_picked":[],"picked":"Poisoned Stab+1","floor":29},{"not_picked":[],"picked":"Escape Plan","floor":30},{"not_picked":["Skewer+1"],"picked":"SKIP","floor":31},{"not_picked":[],"picked":"Adrenaline","floor":33},{"not_picked":["Flying Knee+1"],"picked":"Bane+1","floor":35},{"not_picked":["PiercingWail+1","Dodge and Roll"],"picked":"SKIP","floor":36},{"not_picked":["Slice+1","Deflect"],"picked":"SKIP","floor":40},{"not_picked":["Poisoned Stab+1","Masterful Stab+1"],"picked":"SKIP","floor":44},{"not_picked":["Poisoned Stab+1","Dodge and Roll"],"picked":"SKIP","floor":47}],"player_experience":594887,"relics_obtained":[{"floor":6.0,"key":"Regal Pillow"},{"floor":13.0,"key":"Dream Catcher"},{"floor":23.0,"key":"Molten Egg 2"},{"floor":25.0,"key":"Oddly Smooth Stone"},{"floor":26.0,"key":"Matryoshka"},{"floor":27.0,"key":"Darkstone Periapt"},{"floor":34,"key":"Question Card"},{"floor":34,"key":"Anchor"},{"floor":34,"key":"Pocketwatch"},{"floor":37,"key":"Unceasing Top"},{"floor":40,"key":"Ginger"},{"floor":43,"key":"Boot"},{"floor":43,"key":"Centennial Puzzle"},{"floor":46,"key":"Shovel"}],"event_choices":[{"damage_healed":0.0,"max_hp_gain":0.0,"max_hp_loss":0.0,"gold_gain":0.0,"event_name":"Scrap Ooze","player_choice":"Success","floor":2.0,"gold_loss":0.0,"damage_taken":12.0,"relics_obtained":["The Specimen"]},{"damage_healed":0.0,"max_hp_gain":0.0,"max_hp_loss":0.0,"gold_gain":0.0,"event_name":"Living Wall","player_choice":"Grow","floor":4.0,"gold_loss":0.0,"damage_taken":0.0,"cards_upgraded":["Noxious Fumes"]},{"cards_removed":["Defend_G"],"damage_healed":0.0,"max_hp_gain":0.0,"max_hp_loss":0.0,"gold_gain":0.0,"event_name":"Back to Basics","player_choice":"Elegance","floor":19.0,"gold_loss":0.0,"damage_taken":0.0},{"damage_healed":0.0,"max_hp_gain":0.0,"max_hp_loss":0.0,"gold_gain":0.0,"event_name":"Match and Keep!","player_choice":"1 cards matched","floor":21.0,"gold_loss":0.0,"damage_taken":0.0,"cards_obtained":["Flash of Steel"]},{"damage_healed":0,"gold_gain":0,"player_choice":"Fight","damage_taken":0,"max_hp_gain":0,"max_hp_loss":0,"event_name":"MindBloom","floor":37,"gold_loss":0},{"damage_healed":0,"gold_gain":0,"player_choice":"Max HP","damage_taken":0,"max_hp_gain":0,"max_hp_loss":4,"event_name":"Winding Halls","floor":39,"gold_loss":0},{"cards_removed":["Defend_G"],"damage_healed":0,"gold_gain":0,"player_choice":"Removed Skill","damage_taken":0,"max_hp_gain":0,"max_hp_loss":0,"event_name":"Falling","floor":42,"gold_loss":0},{"damage_healed":0,"gold_gain":0,"player_choice":"Fight","damage_taken":0,"max_hp_gain":0,"max_hp_loss":0,"event_name":"Mysterious Sphere","floor":46,"gold_loss":0}],"is_beta":false,"boss_relics":[{"not_picked":["Coffee Dripper","Empty Cage"],"picked":"Busted Crown"},{"not_picked":["Ring of the Serpent","Pandora\u0027s Box"],"picked":"Calling Bell"}],"items_purged_floors":[8,22,38,48],"is_endless":false,"potions_floor_spawned":[1,3,5,13,23,27,30,33,40,44],"killed_by":"Donu and Deca","ascension_level":0}