{"gold_per_floor":[112,212,223,76,86,86,115,125,196,207,241,258,276,276,276,378,378,392,403,4,4,23,56,74,74,74,74,100,110,121,121,121,222,222,233,233,233,246,81,81,109,109,109,120,139,139,152,0,0,0],"floor_reached":51,"playtime":3749,"items_purged":[],"score":831,"play_id":"5421c1f4-7363-409f-a182-a720db9721db","local_time":"20190129013912","daily_mods":["Shiny"],"is_ascension_mode":false,"campfire_choices":[{"data":"A Thousand Cuts","floor":6,"key":"SMITH"},{"data":"Bullet Time","floor":15,"key":"SMITH"},{"data":"Night Terror","floor":25,"key":"SMITH"},{"data":"Wraith Form v2","floor":32,"key":"SMITH"},{"data":"Storm of Steel","floor":40,"key":"SMITH"},{"data":"Envenom","floor":46,"key":"SMITH"},{"data":"After Image","floor":49,"key":"SMITH"}],"neow_cost":"","seed_source_timestamp":0,"circlet_count":0,"master_deck":["Venomology","Corpse Explosion","Malaise","Phantasmal Killer","Die Die Die","Adrenaline","Envenom+1","Burst","Wraith Form v2+1","Tools of the Trade","Night Terror+1","Unload","After Image+1","Bullet Time+1","Storm of Steel+1","Glass Knife","A Thousand Cuts+1","Well Laid Plans","Cloak And Dagger","Predator","Catalyst","Dash","Leg Sweep","A Thousand Cuts","Envenom","Master of Strategy","Parasite"],"relics":["Ring of the Snake","Bronze Scales","Tough Bandages","Kunai","Smiling Mask","Coffee Dripper","Matryoshka","Centennial Puzzle","Oddly Smooth Stone","Snake Skull","Singing Bowl","CultistMask","Darkstone Periapt","Philosopher\u0027s Stone","Frozen Egg 2","Boot","FossilizedHelix","Red Mask"],"potions_floor_usage":[7,11,12,16,18,22,23,24,28,28,33,35,50,50,50,50,50,50],"damage_taken":[{"damage":0,"enemies":"Small Slimes","floor":1,"turns":2},{"damage":1,"enemies":"Cultist","floor":3,"turns":4},{"damage":0,"enemies":"Jaw Worm","floor":5,"turns":2},{"damage":0,"enemies":"Gremlin Nob","floor":7,"turns":6},{"damage":0,"enemies":"Gremlin Gang","floor":8,"turns":2},{"damage":0,"enemies":"Exordium Thugs","floor":10,"turns":2},{"damage":0,"enemies":"Lagavulin","floor":11,"turns":4},{"damage":9,"enemies":"Red Slaver","floor":12,"turns":2},{"damage":0,"enemies":"Looter","floor":13,"turns":2},{"damage":1,"enemies":"Hexaghost","floor":16,"turns":6},{"damage":0,"enemies":"3 Byrds","floor":18,"turns":2},{"damage":0,"enemies":"Chosen","floor":19,"turns":2},{"damage":0,"enemies":"Snake Plant","floor":22,"turns":4},{"damage":28,"enemies":"Gremlin Leader","floor":23,"turns":3},{"damage":3,"enemies":"Cultist and Chosen","floor":24,"turns":6},{"damage":23,"enemies":"Slavers","floor":28,"turns":4},{"damage":0,"enemies":"Sentry and Sphere","floor":29,"turns":3},{"damage":0,"enemies":"Snecko","floor":30,"turns":4},{"damage":8,"enemies":"Champ","floor":33,"turns":11},{"damage":2,"enemies":"3 Darklings","floor":35,"turns":3},{"damage":9,"enemies":"Orb Walker","floor":38,"turns":3},{"damage":0,"enemies":"Giant Head","floor":41,"turns":5},{"damage":0,"enemies":"Jaw Worm Horde","floor":44,"turns":2},{"damage":0,"enemies":"Writhing Mass","floor":45,"turns":5},{"damage":15,"enemies":"Spire Growth","floor":47,"turns":4},{"damage":37,"enemies":"Donu and Deca","floor":50,"turns":7}],"seed_played":"-5756072051165823125","potions_obtained":[{"floor":3,"key":"GhostInAJar"},{"floor":5,"key":"Energy Potion"},{"floor":11,"key":"Ancient Potion"},{"floor":16,"key":"AttackPotion"},{"floor":22,"key":"PowerPotion"},{"floor":23,"key":"GhostInAJar"},{"floor":24,"key":"Regen Potion"},{"floor":33,"key":"Energy Potion"},{"floor":47,"key":"LiquidBronze"}],"is_trial":true,"path_per_floor":["M","?","M","$","M","R","E","M","T","M","E","M","M","?","R","B",null,"M","M","$","?","M","E","M","R","T","?","E","M","M","$","R","B",null,"M","?","?","M","$","R","E","?","T","M","M","R","M","?","R","B",null],"character_chosen":"THE_SILENT","items_purchased":["Bronze Scales","Matryoshka","Centennial Puzzle","Master of Strategy"],"campfire_rested":0,"item_purchase_floors":[4,20,20,39],"current_hp_per_floor":[70,70,69,69,69,69,69,69,69,69,69,60,60,53,53,52,70,70,70,70,70,70,42,39,39,39,39,30,32,34,34,34,26,76,76,78,78,71,71,71,73,73,73,75,83,83,70,70,70,33],"gold":0,"neow_bonus":"","is_prod":false,"is_daily":false,"chose_seed":false,"campfire_upgraded":7,"win_rate":0,"timestamp":1548693552,"path_taken":["M","?","?","$","M","R","E","M","T","M","E","?","M","?","R","BOSS","M","M","$","?","M","E","M","R","T","?","E","?","M","?","R","BOSS","M","?","?","?","?","R","E","?","T","?","M","R","M","?","R","BOSS"],"build_version":"2019-01-23","purchased_purges":0,"victory":true,"max_hp_per_floor":[70,70,70,70,70,70,70,70,70,70,70,70,70,70,70,70,70,70,70,70,70,70,70,70,70,70,70,72,74,76,76,76,76,76,78,80,80,82,82,82,84,84,84,86,94,94,96,96,96,96],"card_choices":[{"not_picked":["Backflip","Expertise"],"picked":"Well Laid Plans","floor":1},{"not_picked":["Flying Knee","Dodge and Roll"],"picked":"Cloak And Dagger","floor":3},{"not_picked":["Endless Agony","Deadly Poison","Deflect"],"picked":"SKIP","floor":5},{"not_picked":["Cloak And Dagger","Bane"],"picked":"Predator","floor":7},{"not_picked":["Choke","Quick Slash","Acrobatics"],"picked":"SKIP","floor":8},{"not_picked":["Dodge and Roll","Sucker Punch"],"picked":"Catalyst","floor":10},{"not_picked":["Dagger Spray","Blade Dance","Acrobatics"],"picked":"SKIP","floor":11},{"not_picked":["Dodge and Roll","Reflex"],"picked":"Dash","floor":12},{"not_picked":["Distraction","Well Laid Plans"],"picked":"Leg Sweep","floor":13},{"not_picked":["Corpse Explosion","After Image"],"picked":"A Thousand Cuts","floor":16},{"not_picked":["Skewer","Cloak And Dagger+1","Bane"],"picked":"SKIP","floor":18},{"not_picked":["Cloak And Dagger","Bane"],"picked":"Terror+1","floor":19},{"not_picked":["Expertise","Sucker Punch","Cloak And Dagger"],"picked":"SKIP","floor":22},{"not_picked":["Distraction","Footwork+1","Slice+1"],"picked":"SKIP","floor":23},{"not_picked":["Underhanded Strike","Blade Dance","Backflip+1"],"picked":"SKIP","floor":24},{"not_picked":["Skewer+1","Setup","Prepared"],"picked":"Singing Bowl","floor":28},{"not_picked":["Sucker Punch","All Out Attack","Expertise"],"picked":"Singing Bowl","floor":29},{"not_picked":["Unload","Underhanded Strike","Setup+1"],"picked":"Singing Bowl","floor":30},{"not_picked":["Night Terror","Storm of Steel"],"picked":"Envenom","floor":33},{"not_picked":["Dodge and Roll","Deadly Poison+1","Slice"],"picked":"Singing Bowl","floor":35},{"not_picked":["Dark Shackles","Mind Blast","Purity"],"picked":"Singing Bowl","floor":36},{"not_picked":["Acrobatics","Outmaneuver","Infinite Blades"],"picked":"Singing Bowl","floor":38},{"not_picked":["A Thousand Cuts","Dodge and Roll","Dash"],"picked":"Singing Bowl","floor":41},{"not_picked":["Reflex+1","Backflip+1","Acrobatics+1"],"picked":"Singing Bowl","floor":44},{"not_picked":["Slice","Sucker Punch","Expertise"],"picked":"Singing Bowl","floor":45},{"not_picked":["Outmaneuver+1","Backflip","Bouncing Flask"],"picked":"Singing Bowl","floor":47}],"player_experience":96827,"relics_obtained":[{"floor":7,"key":"Tough Bandages"},{"floor":9,"key":"Kunai"},{"floor":11,"key":"Smiling Mask"},{"floor":23,"key":"Oddly Smooth Stone"},{"floor":26,"key":"Snake Skull"},{"floor":26,"key":"Singing Bowl"},{"floor":28,"key":"Darkstone Periapt"},{"floor":41,"key":"Frozen Egg 2"},{"floor":43,"key":"Boot"},{"floor":43,"key":"FossilizedHelix"}],"event_choices":[{"damage_healed":0,"gold_gain":100,"player_choice":"Pray","damage_taken":0,"max_hp_gain":0,"max_hp_loss":0,"event_name":"Golden Shrine","floor":2,"gold_loss":0},{"cards_removed":["Grand Finale"],"damage_healed":0,"gold_gain":0,"player_choice":"Card Removal","damage_taken":7,"max_hp_gain":0,"max_hp_loss":0,"event_name":"Golden Wing","floor":14,"gold_loss":0},{"damage_healed":0,"gold_gain":0,"player_choice":"Ignored","damage_taken":0,"max_hp_gain":0,"max_hp_loss":0,"event_name":"Ghosts","floor":21,"gold_loss":0},{"damage_healed":0,"gold_gain":0,"player_choice":"Trade","damage_taken":0,"relics_obtained":["CultistMask"],"max_hp_gain":0,"max_hp_loss":0,"event_name":"FaceTrader","floor":27,"gold_loss":0},{"damage_healed":0,"gold_gain":0,"player_choice":"Memory 1","damage_taken":0,"max_hp_gain":0,"max_hp_loss":0,"event_name":"SensoryStone","floor":36,"gold_loss":0},{"cards_removed":["Doppelganger"],"damage_healed":0,"gold_gain":0,"player_choice":"Purged","damage_taken":0,"max_hp_gain":0,"max_hp_loss":0,"event_name":"Purifier","floor":37,"gold_loss":0},{"cards_removed":["Terror"],"damage_healed":0,"gold_gain":0,"player_choice":"Removed Skill","damage_taken":0,"max_hp_gain":0,"max_hp_loss":0,"event_name":"Falling","floor":42,"gold_loss":0},{"damage_healed":0,"gold_gain":0,"player_choice":"Paid","damage_taken":0,"relics_obtained":["Red Mask"],"max_hp_gain":0,"max_hp_loss":0,"event_name":"Tomb of Lord Red Mask","floor":48,"gold_loss":152}],"is_beta":false,"boss_relics":[{"not_picked":["Velvet Choker","Snecko Eye"],"picked":"Coffee Dripper"},{"not_picked":["Runic Dome","HoveringKite"],"picked":"Philosopher\u0027s Stone"}],"items_purged_floors":[],"is_endless":false,"potions_floor_spawned":[3,5,11,16,22,23,24,33,41,44,47],"ascension_level":0}