{"gold_per_floor":[361,381,70,70,88,88,238,238,238,263,278,278,311,8,8,79,79,92,17,33,0,0,0,15,43,43,43,54,68,68,16,16,89,89,102,102,24,42,142,142,192,192,192,192,192,227,227,227],"floor_reached":48,"playtime":1372,"items_purged":["Doubt"],"score":887,"play_id":"4391f877-0532-4ed3-a384-61491569f8c6","local_time":"20190202184625","is_ascension_mode":true,"campfire_choices":[{"data":"Deadly Poison","floor":6.0,"key":"SMITH"},{"data":"Bane","floor":15.0,"key":"SMITH"},{"floor":23.0,"key":"REST"},{"data":"Catalyst","floor":27.0,"key":"SMITH"},{"data":"Catalyst","floor":30.0,"key":"SMITH"},{"floor":32.0,"key":"REST"},{"data":"Footwork","floor":40.0,"key":"SMITH"},{"floor":42.0,"key":"REST"},{"floor":44,"key":"REST"},{"floor":47,"key":"REST"}],"neow_cost":"PERCENT_DAMAGE","seed_source_timestamp":15457451623000,"circlet_count":0,"master_deck":["AscendersBane","Defend_G","Defend_G","Defend_G","Defend_G","Defend_G","Strike_G","Strike_G","Strike_G","Survivor","Neutralize","Deadly Poison+1","Poisoned Stab+1","Bane+1","Well Laid Plans","Corpse Explosion","Catalyst+1","Deadly Poison","Crippling Poison","Footwork","Catalyst+1","PiercingWail","Corpse Explosion","Backstab","Footwork+1","Well Laid Plans","Terror","Backflip+1","Catalyst+1","PiercingWail"],"special_seed":0,"relics":["Ring of the Snake","StoneCalendar","Mercury Hourglass","Anchor","Question Card","Strange Spoon","Orrery","Ancient Tea Set","Blue Candle","Cursed Key","Calipers","Unceasing Top","Shuriken"],"potions_floor_usage":[],"damage_taken":[{"damage":4.0,"enemies":"Small Slimes","floor":1.0,"turns":6.0},{"damage":1.0,"enemies":"Cultist","floor":2.0,"turns":5.0},{"damage":2.0,"enemies":"2 Louse","floor":5.0,"turns":4.0},{"damage":18.0,"enemies":"Gremlin Nob","floor":10.0,"turns":4.0},{"damage":0.0,"enemies":"Red Slaver","floor":11.0,"turns":4.0},{"damage":17.0,"enemies":"Lagavulin","floor":13.0,"turns":4.0},{"damage":10.0,"enemies":"Hexaghost","floor":16.0,"turns":8.0},{"damage":0.0,"enemies":"Chosen","floor":18.0,"turns":4.0},{"damage":0.0,"enemies":"3 Byrds","floor":20.0,"turns":2.0},{"damage":3.0,"enemies":"Snecko","floor":24.0,"turns":4.0},{"damage":10.0,"enemies":"Slavers","floor":25.0,"turns":4.0},{"damage":14.0,"enemies":"Snake Plant","floor":28.0,"turns":3.0},{"damage":12.0,"enemies":"3 Cultists","floor":29.0,"turns":3.0},{"damage":34.0,"enemies":"Champ","floor":33.0,"turns":9.0},{"damage":7.0,"enemies":"3 Shapes","floor":35.0,"turns":5.0},{"damage":7.0,"enemies":"Orb Walker","floor":38.0,"turns":3.0},{"damage":0.0,"enemies":"Mind Bloom Boss Battle","floor":39.0,"turns":5.0},{"damage":29.0,"enemies":"2 Orb Walkers","floor":41.0,"turns":4.0},{"damage":44,"enemies":"Reptomancer","floor":46,"turns":5},{"damage":34,"enemies":"Sphere and 2 Shapes","floor":48,"turns":5}],"seed_played":"-2155596375094484222","potions_obtained":[{"floor":1.0,"key":"Swift Potion"},{"floor":11.0,"key":"AttackPotion"},{"floor":18.0,"key":"Explosive Potion"},{"floor":33.0,"key":"Weak Potion"},{"floor":39.0,"key":"Explosive Potion"},{"floor":46,"key":"Weak Potion"}],"is_trial":false,"path_per_floor":["M","M","$","?","M","R","?","?","T","E","M","?","E","$","R","B",null,"M","?","M","?","?","R","M","E","T","R","M","M","R","$","R","B",null,"M","?","$","M","?","R","?","R","T","R","?","E","R","M"],"character_chosen":"THE_SILENT","items_purchased":["StoneCalendar","Well Laid Plans","Strange Spoon","PiercingWail","Well Laid Plans"],"campfire_rested":5,"item_purchase_floors":[3,14,14,31,37],"current_hp_per_floor":[40,39,39,39,37,37,37,37,37,19,19,41,24,24,24,14,53,53,53,53,53,35,56,53,43,43,43,29,17,17,17,38,4,54,47,47,47,40,40,40,11,32,32,53,53,9,30,0],"gold":227,"neow_bonus":"TWO_FIFTY_GOLD","is_prod":false,"is_daily":false,"chose_seed":false,"campfire_upgraded":5,"win_rate":0,"timestamp":1549125985,"path_taken":["M","M","$","?","?","R","?","?","T","E","?","?","E","$","R","BOSS","M","?","M","?","?","R","M","E","T","R","M","M","R","$","R","BOSS","M","?","$","?","?","R","?","R","T","R","?","E","R","M"],"build_version":"2019-01-23","purchased_purges":1,"victory":false,"max_hp_per_floor":[66,66,66,66,66,66,66,66,66,66,66,66,66,66,66,66,66,66,66,66,66,71,71,71,71,71,71,71,71,71,71,71,71,71,71,71,71,71,71,71,71,71,71,71,71,71,71,71],"card_choices":[{"not_picked":["Eviscerate","Slice"],"picked":"Deadly Poison","floor":1.0},{"not_picked":["Tactician","Outmaneuver"],"picked":"Poisoned Stab","floor":2.0},{"not_picked":["Dodge and Roll","Poisoned Stab","Quick Slash"],"picked":"SKIP","floor":5.0},{"not_picked":["Endless Agony","Dagger Spray","Night Terror"],"picked":"SKIP","floor":10.0},{"not_picked":["Dagger Throw","Deflect"],"picked":"Bane","floor":11.0},{"not_picked":["Dagger Throw","Predator","Skewer"],"picked":"SKIP","floor":13.0},{"not_picked":["A Thousand Cuts","Doppelganger","Phantasmal Killer"],"picked":"Corpse Explosion","floor":16.0},{"not_picked":["Backflip","Concentrate","Slice"],"picked":"Catalyst","floor":17.0},{"not_picked":["Backflip","Heel Hook","Outmaneuver"],"picked":"Deadly Poison","floor":17.0},{"not_picked":["Cloak And Dagger","Deadly Poison","Slice+1"],"picked":"Crippling Poison","floor":18.0},{"not_picked":["Dodge and Roll","Expertise","Escape Plan","Quick Slash"],"picked":"SKIP","floor":20.0},{"not_picked":["Underhanded Strike","All Out Attack","Cloak And Dagger","Sucker Punch"],"picked":"SKIP","floor":24.0},{"not_picked":["Poisoned Stab","Calculated Gamble","Unload"],"picked":"Footwork","floor":25.0},{"not_picked":["Skewer","Escape Plan","Slice"],"picked":"Catalyst","floor":28.0},{"not_picked":["Quick Slash","Dodge and Roll","Calculated Gamble+1","Outmaneuver+1"],"picked":"SKIP","floor":29.0},{"not_picked":["Phantasmal Killer","Venomology","Envenom"],"picked":"Corpse Explosion","floor":33.0},{"not_picked":["Quick Slash+1","Outmaneuver","Dodge and Roll"],"picked":"Backstab","floor":35.0},{"not_picked":["Dagger Throw","Acrobatics+1","Accuracy"],"picked":"Terror","floor":38.0},{"not_picked":["Slice+1","Flying Knee","Bane"],"picked":"Backflip+1","floor":39.0},{"not_picked":["Cloak And Dagger","Concentrate+1","Envenom"],"picked":"Catalyst+1","floor":41.0},{"not_picked":["Setup+1","Dagger Spray+1","Dagger Throw"],"picked":"PiercingWail","floor":46}],"player_experience":579701,"relics_obtained":[{"floor":9.0,"key":"Mercury Hourglass"},{"floor":10.0,"key":"Anchor"},{"floor":13.0,"key":"Question Card"},{"floor":25.0,"key":"Ancient Tea Set"},{"floor":26.0,"key":"Blue Candle"},{"floor":39.0,"key":"Calipers"},{"floor":41.0,"key":"Unceasing Top"},{"floor":46,"key":"Shuriken"}],"event_choices":[{"cards_removed":["Strike_G"],"damage_healed":0.0,"max_hp_gain":0.0,"max_hp_loss":0.0,"gold_gain":0.0,"event_name":"Bonfire Elementals","player_choice":"Offered Basic","floor":4.0,"gold_loss":0.0,"damage_taken":0.0},{"damage_healed":0.0,"max_hp_gain":0.0,"max_hp_loss":0.0,"gold_gain":150.0,"event_name":"Liars Game","player_choice":"AGREE","floor":7.0,"gold_loss":0.0,"damage_taken":0.0,"cards_obtained":["Doubt"]},{"damage_healed":0.0,"max_hp_gain":0.0,"max_hp_loss":0.0,"gold_gain":0.0,"event_name":"Accursed Blacksmith","player_choice":"Forge","floor":8.0,"gold_loss":0.0,"damage_taken":0.0,"cards_upgraded":["Poisoned Stab"]},{"damage_healed":22.0,"max_hp_gain":0.0,"max_hp_loss":0.0,"gold_gain":0.0,"event_name":"Big Fish","player_choice":"Banana","floor":12.0,"gold_loss":0.0,"damage_taken":0.0},{"cards_removed":["Strike_G"],"damage_healed":0.0,"max_hp_gain":0.0,"max_hp_loss":0.0,"gold_gain":0.0,"event_name":"Beggar","player_choice":"Gave Gold","floor":19.0,"gold_loss":75.0,"damage_taken":0.0},{"damage_healed":0.0,"max_hp_gain":0.0,"max_hp_loss":0.0,"gold_gain":0.0,"event_name":"Masked Bandits","player_choice":"Paid Fearfully","floor":21.0,"gold_loss":33.0,"damage_taken":0.0},{"damage_healed":0.0,"max_hp_gain":5.0,"max_hp_loss":0.0,"gold_gain":0.0,"event_name":"Forgotten Altar","player_choice":"Shed Blood","floor":22.0,"gold_loss":0.0,"damage_taken":23.0},{"damage_healed":0.0,"max_hp_gain":0.0,"max_hp_loss":0.0,"gold_gain":0.0,"event_name":"Duplicator","player_choice":"Copied","floor":36.0,"gold_loss":0.0,"damage_taken":0.0,"cards_obtained":["Footwork"]},{"damage_healed":0.0,"max_hp_gain":0.0,"max_hp_loss":0.0,"gold_gain":0.0,"event_name":"MindBloom","player_choice":"Fight","floor":39.0,"gold_loss":0.0,"damage_taken":0.0},{"damage_healed":0.0,"max_hp_gain":0.0,"max_hp_loss":0.0,"gold_gain":0.0,"event_name":"Mysterious Sphere","player_choice":"Fight","floor":41.0,"gold_loss":0.0,"damage_taken":0.0},{"damage_healed":0,"gold_gain":0,"player_choice":"Ignored","damage_taken":0,"max_hp_gain":0,"max_hp_loss":0,"event_name":"SecretPortal","floor":45,"gold_loss":0}],"is_beta":false,"boss_relics":[{"not_picked":["Runic Pyramid","Coffee Dripper"],"picked":"Orrery"},{"not_picked":["Pandora\u0027s Box","Snecko Eye"],"picked":"Cursed Key"}],"items_purged_floors":[14],"is_endless":false,"potions_floor_spawned":[1,11,18,33,39,46],"killed_by":"Sphere and 2 Shapes","ascension_level":15}