{"gold_per_floor":[116,116,165,90,105,131,148,178,201,201,201,220,120,139,139,139],"floor_reached":16,"playtime":500,"items_purged":["Strike_R","Strike_R"],"score":135,"play_id":"b818be1f-2fc3-4a4d-a2cf-ee50d8d60be0","local_time":"20190201183230","is_ascension_mode":false,"campfire_choices":[{"floor":11,"key":"REST"},{"data":"Whirlwind","floor":15,"key":"SMITH"}],"neow_cost":"NONE","seed_source_timestamp":251446770285859,"circlet_count":0,"master_deck":["Strike_R","Strike_R","Strike_R","Defend_R","Defend_R","Defend_R","Defend_R","Bash","Whirlwind+1"],"relics":["Burning Blood","NeowsBlessing","PreservedInsect","Blood Vial","Bag of Preparation","Orichalcum","Golden Idol"],"potions_floor_usage":[12,12,16,16,16],"damage_taken":[{"damage":0,"enemies":"2 Louse","floor":1,"turns":1},{"damage":0,"enemies":"Jaw Worm","floor":5,"turns":1},{"damage":0,"enemies":"3 Sentries","floor":6,"turns":1},{"damage":0,"enemies":"Small Slimes","floor":7,"turns":3},{"damage":28,"enemies":"Gremlin Nob","floor":8,"turns":5},{"damage":4,"enemies":"Exordium Thugs","floor":12,"turns":5},{"damage":0,"enemies":"Lots of Slimes","floor":14,"turns":1},{"damage":76,"enemies":"Hexaghost","floor":16,"turns":10}],"seed_played":"8670074430234376329","potions_obtained":[{"floor":5,"key":"EssenceOfSteel"},{"floor":6,"key":"SkillPotion"},{"floor":8,"key":"SteroidPotion"},{"floor":12,"key":"Swift Potion"},{"floor":14,"key":"SkillPotion"}],"is_trial":false,"path_per_floor":["M","?","T","$","M","E","M","E","T","?","R","M","$","M","R","B"],"character_chosen":"IRONCLAD","items_purchased":[],"campfire_rested":1,"item_purchase_floors":[],"current_hp_per_floor":[80,80,80,80,80,80,80,58,58,38,62,66,66,74,74,0],"gold":139,"neow_bonus":"THREE_ENEMY_KILL","is_prod":false,"is_daily":false,"chose_seed":false,"campfire_upgraded":1,"win_rate":0,"timestamp":1549058550,"path_taken":["M","?","?","$","M","E","M","E","T","?","R","M","$","?","R","BOSS"],"build_version":"2019-01-23","purchased_purges":2,"victory":false,"max_hp_per_floor":[80,80,80,80,80,80,80,80,80,80,80,80,80,80,80,80],"card_choices":[{"not_picked":["Wild Strike","Reckless Charge","Twin Strike"],"picked":"SKIP","floor":1},{"not_picked":["Second Wind","Clash","Cleave"],"picked":"SKIP","floor":5},{"not_picked":["Pommel Strike","Corruption","Clothesline"],"picked":"SKIP","floor":6},{"not_picked":["Intimidate","Clothesline","Reaper"],"picked":"SKIP","floor":7},{"not_picked":["Heavy Blade","Shrug It Off","Second Wind"],"picked":"SKIP","floor":8},{"not_picked":["Heavy Blade","Clothesline"],"picked":"Whirlwind","floor":12},{"not_picked":["Sword Boomerang","Heavy Blade","Clothesline"],"picked":"SKIP","floor":14}],"player_experience":298236,"relics_obtained":[{"floor":3,"key":"PreservedInsect"},{"floor":6,"key":"Blood Vial"},{"floor":8,"key":"Bag of Preparation"},{"floor":9,"key":"Orichalcum"}],"event_choices":[{"damage_healed":0,"gold_gain":0,"player_choice":"Ignored","damage_taken":0,"max_hp_gain":0,"max_hp_loss":0,"event_name":"Liars Game","floor":2,"gold_loss":0},{"damage_healed":0,"gold_gain":0,"player_choice":"Take Damage","damage_taken":20,"relics_obtained":["Golden Idol"],"max_hp_gain":0,"max_hp_loss":0,"event_name":"Golden Idol","floor":10,"gold_loss":0}],"is_beta":false,"boss_relics":[],"items_purged_floors":[4,13],"is_endless":false,"potions_floor_spawned":[5,6,8,12,14],"killed_by":"Hexaghost","ascension_level":0}