{"gold_per_floor":[116,129,129,129,129,155,155,175,231,231,264,19,19,19,19,97,97,112,162,182,197,197],"floor_reached":22,"playtime":661,"items_purged":["Strike_R"],"score":412,"play_id":"df94ca01-888d-4de3-bf20-56b2d47abc2f","local_time":"20190108044928","is_ascension_mode":true,"campfire_choices":[{"data":"Spot Weakness","floor":7,"key":"SMITH"},{"data":"Rampage","floor":10,"key":"SMITH"},{"data":"Panacea","floor":15,"key":"SMITH"}],"neow_cost":"NONE","seed_source_timestamp":2696975795110456,"circlet_count":0,"master_deck":["AscendersBane","Strike_R","Strike_R","Strike_R","Strike_R","Defend_R","Defend_R","Defend_R","Defend_R","Bash+1","Spot Weakness+1","Dropkick","Rampage+1","Spot Weakness","Panacea+1","Double Tap","Twin Strike","Thunderclap"],"relics":["Burning Blood","NeowsBlessing","Art of War","Bottled Lightning","Tiny Chest","Potion Belt","Velvet Choker"],"potions_floor_usage":[11,21],"damage_taken":[{"damage":0,"enemies":"2 Louse","floor":1,"turns":1},{"damage":0,"enemies":"Small Slimes","floor":2,"turns":1},{"damage":0,"enemies":"Gremlin Nob","floor":6,"turns":1},{"damage":1,"enemies":"Cultist","floor":8,"turns":3},{"damage":35,"enemies":"3 Sentries","floor":11,"turns":7},{"damage":73,"enemies":"Slime Boss","floor":16,"turns":10},{"damage":41,"enemies":"2 Thieves","floor":18,"turns":4},{"damage":9,"enemies":"Chosen","floor":20,"turns":4},{"damage":19,"enemies":"Centurion and Healer","floor":21,"turns":4},{"damage":24,"enemies":"3 Cultists","floor":22,"turns":3}],"seed_played":"-3094890999252272307","potions_obtained":[{"floor":1,"key":"Swift Potion"},{"floor":6,"key":"Weak Potion"},{"floor":8,"key":"Energy Potion"}],"is_trial":false,"path_per_floor":["M","M","?","?","?","E","R","M","T","R","E","$","?","$","R","B",null,"M","?","M","M","M"],"character_chosen":"IRONCLAD","items_purchased":["Spot Weakness","Panacea"],"campfire_rested":0,"item_purchase_floors":[12,12],"current_hp_per_floor":[74,75,75,75,75,75,75,75,75,75,46,46,85,85,85,18,68,33,33,30,17,0],"gold":197,"neow_bonus":"THREE_ENEMY_KILL","is_prod":false,"is_daily":false,"chose_seed":false,"campfire_upgraded":3,"win_rate":0,"timestamp":1546919368,"path_taken":["M","M","?","?","?","E","R","?","T","R","E","$","?","?","R","BOSS","M","?","?","M","M"],"build_version":"2019-01-03v4","purchased_purges":1,"victory":false,"max_hp_per_floor":[75,75,75,75,75,75,75,75,75,75,75,75,85,85,85,85,85,85,85,85,85,85],"card_choices":[{"not_picked":["Perfected Strike","Body Slam"],"picked":"Spot Weakness","floor":1},{"not_picked":["Thunderclap","Power Through"],"picked":"Dropkick","floor":2},{"not_picked":["Havoc","Evolve","Body Slam"],"picked":"SKIP","floor":6},{"not_picked":["Sword Boomerang","Flex"],"picked":"Rampage","floor":8},{"not_picked":["Hemokinesis","Headbutt"],"picked":"Double Tap","floor":11},{"not_picked":["Barricade","Juggernaut"],"picked":"Double Tap","floor":16},{"not_picked":["Body Slam","Wild Strike"],"picked":"Twin Strike","floor":18},{"not_picked":["Rampage","Armaments"],"picked":"Thunderclap","floor":20},{"not_picked":["Thunderclap+1","Hemokinesis","Heavy Blade"],"picked":"SKIP","floor":21}],"player_experience":682668,"relics_obtained":[{"floor":6,"key":"Bottled Lightning"},{"floor":9,"key":"Tiny Chest"},{"floor":11,"key":"Potion Belt"}],"event_choices":[{"damage_healed":0,"gold_gain":0,"player_choice":"Grow","damage_taken":0,"max_hp_gain":0,"max_hp_loss":0,"event_name":"Living Wall","floor":3,"gold_loss":0,"cards_upgraded":["Bash"]},{"damage_healed":0,"gold_gain":0,"player_choice":"Ignored","damage_taken":0,"max_hp_gain":0,"max_hp_loss":0,"event_name":"Golden Idol","floor":4,"gold_loss":0},{"damage_healed":0,"gold_gain":0,"player_choice":"Gave Potion","damage_taken":0,"relics_obtained":["Art of War"],"max_hp_gain":0,"max_hp_loss":0,"event_name":"WeMeetAgain","floor":5,"gold_loss":0},{"cards_removed":["Double Tap"],"damage_healed":29,"gold_gain":0,"player_choice":"Offered Rare","damage_taken":0,"max_hp_gain":10,"max_hp_loss":0,"event_name":"Bonfire Elementals","floor":13,"gold_loss":0},{"damage_healed":0,"gold_gain":50,"player_choice":"Pray","damage_taken":0,"max_hp_gain":0,"max_hp_loss":0,"event_name":"Golden Shrine","floor":19,"gold_loss":0}],"is_beta":false,"boss_relics":[{"not_picked":["Busted Crown","Black Blood"],"picked":"Velvet Choker"}],"items_purged_floors":[12],"is_endless":false,"potions_floor_spawned":[1,6,8],"killed_by":"3 Cultists","ascension_level":18}