{"gold_per_floor":[360,373,383,313,330,330,36,36,36,68,83,83,83,96,96,192,192,202,222,222,28,45,45,74,87,113,22,35,135,135,146,146,245,245,259,101,112,157,175,175,175,175,223,223,258,12,12],"floor_reached":47,"playtime":2233,"items_purged":["Zap","Auto Shields"],"score":575,"play_id":"88770452-0e49-42c3-b805-27feec73428e","local_time":"20190112132656","is_ascension_mode":false,"campfire_choices":[{"floor":6,"key":"REST"},{"floor":13,"key":"REST"},{"data":"Defragment","floor":15,"key":"SMITH"},{"floor":23,"key":"REST"},{"floor":30,"key":"REST"},{"data":"Defragment","floor":32,"key":"SMITH"},{"data":"Chill","floor":40,"key":"SMITH"},{"floor":42,"key":"REST"},{"data":"Blizzard","floor":44,"key":"SMITH"}],"neow_cost":"PERCENT_DAMAGE","seed_source_timestamp":175456648177924,"circlet_count":0,"master_deck":["Strike_B","Strike_B","Strike_B","Strike_B","Defend_B","Defend_B","Defend_B","Defend_B","Streamline","Defragment+1","Sweeping Beam","Genetic Algorithm","Multi-Cast","Gash","Gash","Coolheaded","Coolheaded","Blizzard+1","Gash","Defragment+1","Cold Snap","Chill+1","Self Repair+1","Gash+1","Loop+1"],"relics":["Cracked Core","Vajra","Pocketwatch","Torii","Inserter","Anchor","The Courier","Omamori","Sozu","Chemical X","Unceasing Top","Boot","Kunai","Strange Spoon"],"potions_floor_usage":[22,33,38,38],"damage_taken":[{"damage":1,"enemies":"Jaw Worm","floor":1,"turns":6},{"damage":7,"enemies":"Small Slimes","floor":2,"turns":3},{"damage":6,"enemies":"Cultist","floor":3,"turns":3},{"damage":23,"enemies":"Exordium Thugs","floor":5,"turns":5},{"damage":30,"enemies":"3 Sentries","floor":10,"turns":6},{"damage":1,"enemies":"2 Fungi Beasts","floor":11,"turns":3},{"damage":1,"enemies":"Red Slaver","floor":14,"turns":3},{"damage":38,"enemies":"Slime Boss","floor":16,"turns":8},{"damage":0,"enemies":"Chosen","floor":18,"turns":5},{"damage":18,"enemies":"2 Thieves","floor":19,"turns":4},{"damage":12,"enemies":"Shelled Parasite and Fungi","floor":22,"turns":6},{"damage":18,"enemies":"Gremlin Leader","floor":24,"turns":8},{"damage":14,"enemies":"Snecko","floor":25,"turns":6},{"damage":6,"enemies":"Centurion and Healer","floor":28,"turns":18},{"damage":1,"enemies":"Shelled Parasite and Fungi","floor":31,"turns":8},{"damage":0,"enemies":"Collector","floor":33,"turns":16},{"damage":16,"enemies":"3 Shapes","floor":35,"turns":9},{"damage":0,"enemies":"Orb Walker","floor":37,"turns":5},{"damage":47,"enemies":"2 Orb Walkers","floor":38,"turns":8},{"damage":0,"enemies":"4 Shapes","floor":39,"turns":10},{"damage":26,"enemies":"Nemesis","floor":45,"turns":9},{"damage":56,"enemies":"Reptomancer","floor":47,"turns":2}],"seed_played":"-8046281046774150810","potions_obtained":[{"floor":10,"key":"SpeedPotion"},{"floor":14,"key":"Energy Potion"},{"floor":16,"key":"FocusPotion"},{"floor":31,"key":"Block Potion"},{"floor":33,"key":"SkillPotion"}],"is_trial":false,"path_per_floor":["M","M","M","$","M","R","$","?","T","E","M","?","R","M","R","B",null,"M","M","?","$","M","R","E","M","T","$","M","?","R","M","R","B",null,"M","$","M","?","M","R","?","R","T","R","E","$","E"],"character_chosen":"DEFECT","items_purchased":["Auto Shields","Vajra","Multi-Cast","Gash","Anchor","Chill","Chemical X","Strange Spoon"],"campfire_rested":5,"item_purchase_floors":[4,7,7,21,21,27,36,46],"current_hp_per_floor":[53,46,40,40,17,39,39,64,64,34,33,33,55,54,54,16,75,75,57,57,57,45,67,49,35,35,35,29,29,51,50,50,60,75,69,69,75,38,48,48,48,70,70,70,54,54,0],"gold":12,"neow_bonus":"TWO_FIFTY_GOLD","is_prod":false,"is_daily":false,"chose_seed":false,"campfire_upgraded":4,"win_rate":0.0,"timestamp":1547296016,"path_taken":["M","M","M","$","M","R","$","?","T","E","M","?","R","?","R","BOSS","M","M","?","$","M","R","E","M","T","?","M","?","R","?","R","BOSS","M","$","M","?","M","R","?","R","T","R","E","$","E"],"build_version":"2019-01-10","purchased_purges":2,"victory":false,"max_hp_per_floor":[75,75,75,75,75,75,75,75,75,75,75,75,75,75,75,75,75,75,75,75,75,75,75,75,75,75,75,75,75,75,75,75,75,75,75,75,75,75,75,75,75,75,75,75,75,75,75],"card_choices":[{"not_picked":["Leap","Redo"],"picked":"Streamline","floor":1},{"not_picked":["Tempest","Coolheaded"],"picked":"Defragment","floor":2},{"not_picked":["Gash","Undo"],"picked":"Sweeping Beam","floor":3},{"not_picked":["Steam","Reboot"],"picked":"Genetic Algorithm","floor":5},{"not_picked":["Hologram","Barrage"],"picked":"Gash","floor":10},{"not_picked":["Barrage","Coolheaded"],"picked":"Gash","floor":11},{"not_picked":["Force Field","Undo","Compile Driver"],"picked":"SKIP","floor":14},{"not_picked":["Fission","Rainbow"],"picked":"Multi-Cast","floor":16},{"not_picked":["Recycle","Barrage","Fusion"],"picked":"SKIP","floor":18},{"not_picked":["Tempest","Sweeping Beam+1"],"picked":"Coolheaded","floor":19},{"not_picked":["Go for the Eyes+1","Redo"],"picked":"Defragment","floor":22},{"not_picked":["Recycle","Steam Power","Barrage"],"picked":"SKIP","floor":24},{"not_picked":["Rebound","Leap"],"picked":"Cold Snap","floor":25},{"not_picked":["Go for the Eyes+1","Steam","Ball Lightning"],"picked":"SKIP","floor":28},{"not_picked":["Sweeping Beam","Chill"],"picked":"Self Repair+1","floor":31},{"not_picked":["Ball Lightning+1","Sunder","Stack"],"picked":"SKIP","floor":35},{"not_picked":["Ball Lightning+1","Heatsinks","Beam Cell"],"picked":"SKIP","floor":37},{"not_picked":["Turbo+1","Conserve Battery"],"picked":"Gash+1","floor":38},{"not_picked":["Lockon","Tempest","Darkness"],"picked":"SKIP","floor":39},{"not_picked":["Compile Driver+1","Barrage+1"],"picked":"Loop+1","floor":45}],"player_experience":392860,"relics_obtained":[{"floor":9,"key":"Pocketwatch"},{"floor":10,"key":"Torii"},{"floor":24,"key":"The Courier"},{"floor":26,"key":"Omamori"},{"floor":38,"key":"Unceasing Top"},{"floor":43,"key":"Boot"},{"floor":45,"key":"Kunai"}],"event_choices":[{"damage_healed":25,"gold_gain":0,"player_choice":"Banana","damage_taken":0,"max_hp_gain":0,"max_hp_loss":0,"event_name":"Big Fish","floor":8,"gold_loss":0},{"damage_healed":0,"gold_gain":0,"cards_transformed":["Dualcast"],"player_choice":"Transformed","damage_taken":0,"max_hp_gain":0,"max_hp_loss":0,"event_name":"Transmorgrifier","floor":12,"gold_loss":0,"cards_obtained":["Coolheaded"]},{"damage_healed":0,"gold_gain":0,"cards_transformed":["Multi-Cast"],"player_choice":"Transformed","damage_taken":0,"max_hp_gain":0,"max_hp_loss":0,"event_name":"Transmorgrifier","floor":20,"gold_loss":0,"cards_obtained":["Blizzard"]},{"damage_healed":0,"gold_gain":100,"player_choice":"Pray","damage_taken":0,"max_hp_gain":0,"max_hp_loss":0,"event_name":"Golden Shrine","floor":29,"gold_loss":0},{"damage_healed":0,"gold_gain":0,"player_choice":"Fight","damage_taken":0,"max_hp_gain":0,"max_hp_loss":0,"event_name":"Mysterious Sphere","floor":38,"gold_loss":0},{"damage_healed":0,"gold_gain":0,"player_choice":"Leave","damage_taken":0,"max_hp_gain":0,"max_hp_loss":0,"event_name":"FaceTrader","floor":41,"gold_loss":0}],"is_beta":false,"boss_relics":[{"not_picked":["Ectoplasm","Busted Crown"],"picked":"Inserter"},{"not_picked":["Runic Pyramid","FrozenCore"],"picked":"Sozu"}],"items_purged_floors":[27,46],"is_endless":false,"potions_floor_spawned":[10,14,16,19,31,33,35,38,39,45],"killed_by":"Reptomancer","ascension_level":0}