{"gold_per_floor":[113,123,134,145,70,70,84,115,115,115,115,115,115,115,115,213,213,231,330,177,192,192,192,205,205,258,258,290,165,165],"floor_reached":30,"playtime":1424,"items_purged":["Strike_R","Strike_R","Strike_R"],"score":258,"play_id":"256d0f5f-bcb4-4c3a-a802-3fa9d8fb3dae","local_time":"20180804211251","is_ascension_mode":true,"campfire_choices":[{"data":"Rampage","floor":6,"key":"SMITH"},{"data":"Whirlwind","floor":11,"key":"SMITH"},{"data":"True Grit","floor":13,"key":"SMITH"},{"floor":15,"key":"REST"},{"data":"Barricade","floor":23,"key":"SMITH"},{"data":"Ghostly Armor","floor":25,"key":"SMITH"}],"neow_cost":"NONE","seed_source_timestamp":470771876132957,"circlet_count":0,"master_deck":["Defend_R","Defend_R","Defend_R","Defend_R","Bash","Fiend Fire","Rampage+1","True Grit+1","Whirlwind+1","Ghostly Armor+1","Battle Trance","Headbutt","Barricade+1","Body Slam","Pommel Strike"],"relics":["Black Blood","Kunai","Pear","Oddly Smooth Stone","Tiny Chest","Unceasing Top"],"potions_floor_usage":[18],"damage_taken":[{"damage":2,"enemies":"2 Louse","floor":1,"turns":3},{"damage":6,"enemies":"Cultist","floor":2,"turns":3},{"damage":5,"enemies":"Jaw Worm","floor":3,"turns":4},{"damage":12,"enemies":"Large Slime","floor":4,"turns":9},{"damage":13,"enemies":"2 Fungi Beasts","floor":7,"turns":4},{"damage":15,"enemies":"Lagavulin","floor":8,"turns":8},{"damage":26,"enemies":"The Guardian","floor":16,"turns":12},{"damage":29,"enemies":"Spheric Guardian","floor":18,"turns":6},{"damage":0,"enemies":"Chosen","floor":21,"turns":5},{"damage":3,"enemies":"Centurion and Healer","floor":24,"turns":10},{"damage":49,"enemies":"Slavers","floor":28,"turns":8},{"damage":56,"floor":30,"turns":4}],"seed_played":"1394300156397575236","potions_obtained":[{"floor":1,"key":"Poison Potion"},{"floor":2,"key":"Weak Potion"},{"floor":28,"key":"Poison Potion"}],"is_trial":false,"path_per_floor":["M","M","M","M","$","R","M","E","T","?","R","?","R","?","R","B",null,"M","?","$","M","?","R","M","R","T","?","E","$"],"character_chosen":"IRONCLAD","items_purchased":["Body Slam"],"campfire_rested":1,"item_purchase_floors":[20],"current_hp_per_floor":[80,80,80,74,74,74,67,58,68,68,68,68,68,65,90,70,90,71,71,71,81,81,81,88,88,88,88,49,49,0],"gold":165,"neow_bonus":"TRANSFORM_CARD","is_prod":false,"is_daily":false,"chose_seed":false,"campfire_upgraded":5,"win_rate":0,"timestamp":1533388371,"path_taken":["M","M","M","M","$","R","M","E","T","?","R","?","R","?","R","BOSS","M","?","$","M","?","R","?","R","T","?","E","$","?"],"build_version":"2018-08-02","purchased_purges":3,"victory":false,"max_hp_per_floor":[80,80,80,80,80,80,80,80,90,90,90,90,90,90,90,90,90,90,90,90,90,90,90,90,90,90,90,90,90,90],"card_choices":[{"not_picked":["Fire Breathing","Perfected Strike"],"picked":"Rampage","floor":1},{"not_picked":["Flex","Clothesline"],"picked":"True Grit","floor":2},{"not_picked":["Cleave","Infernal Blade"],"picked":"Whirlwind","floor":3},{"not_picked":["Evolve","Flex"],"picked":"Ghostly Armor","floor":4},{"not_picked":["Cleave","Flame Barrier"],"picked":"Battle Trance","floor":7},{"not_picked":["Body Slam","Evolve"],"picked":"Headbutt","floor":8},{"not_picked":["Feed","Juggernaut"],"picked":"Barricade","floor":16},{"not_picked":["Wild Strike","Second Wind","True Grit"],"picked":"SKIP","floor":18},{"not_picked":["Ghostly Armor","Evolve","Twin Strike"],"picked":"SKIP","floor":21},{"not_picked":["Body Slam","Sword Boomerang+1","Wild Strike"],"picked":"SKIP","floor":24},{"not_picked":["Juggernaut","Corruption"],"picked":"Pommel Strike","floor":28}],"player_experience":185197,"relics_obtained":[{"floor":8,"key":"Kunai"},{"floor":9,"key":"Pear"},{"floor":26,"key":"Tiny Chest"},{"floor":28,"key":"Unceasing Top"}],"event_choices":[{"event_name":"Match and Keep!","player_choice":"0 cards matched","floor":10,"damage_taken":0},{"event_name":"Liars Game","player_choice":"disagreed","floor":12,"damage_taken":0},{"event_name":"Scrap Ooze","player_choice":"success","floor":14,"damage_taken":3},{"event_name":"Nest","player_choice":"Stole From Cult","floor":19,"damage_taken":0},{"event_name":"Duplicator","player_choice":"Ignored","floor":22,"damage_taken":0},{"event_name":"Back to Basics","player_choice":"Elegance","floor":27,"damage_taken":0},{"event_name":"Masked Bandits","player_choice":"Fought over 165 gold","floor":30,"damage_taken":0}],"is_beta":false,"boss_relics":[{"not_picked":["Runic Dome","Fusion Hammer"],"picked":"Black Blood"}],"items_purged_floors":[5,20,29],"is_endless":false,"potions_floor_spawned":[1,2,28],"ascension_level":1}