{"gold_per_floor":[112,112,37,47,47,73,73,85,85,85,51,65,86,119,119,198,198,208,208,226,226,246,246,273,273,273,273],"floor_reached":27,"playtime":874,"items_purged":[],"score":462,"play_id":"ec456862-b80e-45e6-96f2-a22bed91d2fc","local_time":"20190202173838","is_ascension_mode":true,"campfire_choices":[{"data":"Noxious Fumes","floor":7,"key":"SMITH"},{"data":"Bane","floor":15,"key":"SMITH"},{"data":"Footwork","floor":23,"key":"SMITH"}],"neow_cost":"NONE","seed_source_timestamp":11945779808000,"circlet_count":0,"master_deck":["AscendersBane","Defend_G","Defend_G","Defend_G","Defend_G","Defend_G","Strike_G","Strike_G","Strike_G","Survivor","Neutralize","Skewer","Noxious Fumes+1","Footwork+1","Backstab","Bane+1","Venomology","Well Laid Plans","Outmaneuver","Backflip+1","Backstab+1","Decay"],"relics":["Ring of the Snake","NeowsBlessing","Bag of Marbles","Potion Belt","Art of War","Odd Mushroom","Strawberry","White Beast Statue","Frozen Egg 2","Singing Bowl"],"potions_floor_usage":[13,16,18,18,20,22,24,24,24,24,27,27],"damage_taken":[{"damage":0,"enemies":"Small Slimes","floor":1,"turns":1},{"damage":0,"enemies":"Jaw Worm","floor":4,"turns":1},{"damage":0,"enemies":"Gremlin Nob","floor":6,"turns":1},{"damage":1,"enemies":"2 Louse","floor":8,"turns":4},{"damage":7,"enemies":"Red Slaver","floor":12,"turns":6},{"damage":27,"enemies":"The Mushroom Lair","floor":13,"turns":5},{"damage":3,"enemies":"3 Sentries","floor":14,"turns":6},{"damage":11,"enemies":"The Guardian","floor":16,"turns":11},{"damage":10,"enemies":"3 Byrds","floor":18,"turns":5},{"damage":18,"enemies":"Shell Parasite","floor":20,"turns":7},{"damage":2,"enemies":"Cultist and Chosen","floor":22,"turns":7},{"damage":33,"enemies":"Slavers","floor":24,"turns":7},{"damage":35,"enemies":"Book of Stabbing","floor":27,"turns":8}],"seed_played":"-8880508263429379507","potions_obtained":[{"floor":6,"key":"Swift Potion"},{"floor":8,"key":"Weak Potion"},{"floor":14,"key":"Swift Potion"},{"floor":16,"key":"Ancient Potion"},{"floor":18,"key":"Explosive Potion"},{"floor":20,"key":"Ancient Potion"},{"floor":22,"key":"Weak Potion"},{"floor":24,"key":"Dexterity Potion"}],"is_trial":false,"path_per_floor":["M","?","?","M","T","E","R","M","T","?","$","M","?","E","R","B",null,"M","?","M","?","M","R","E","?","T","E"],"character_chosen":"THE_SILENT","items_purchased":["Footwork"],"campfire_rested":0,"item_purchase_floors":[11],"current_hp_per_floor":[59,64,64,64,64,64,64,63,63,71,71,64,37,41,41,30,66,56,56,38,54,52,52,33,33,33,0],"gold":273,"neow_bonus":"THREE_ENEMY_KILL","is_prod":false,"is_daily":false,"chose_seed":false,"campfire_upgraded":3,"win_rate":0,"timestamp":1549121918,"path_taken":["M","?","?","M","?","E","R","M","T","?","$","?","?","E","R","BOSS","M","?","?","?","M","R","E","?","T","E"],"build_version":"2019-01-23","purchased_purges":0,"victory":false,"max_hp_per_floor":[66,71,71,71,71,71,71,71,71,71,71,71,71,78,78,78,78,78,78,78,78,78,78,78,78,78,78],"card_choices":[{"not_picked":["Dagger Throw","Underhanded Strike","Cloak And Dagger"],"picked":"SKIP","floor":1},{"not_picked":["Backflip","Riddle With Holes"],"picked":"Skewer","floor":4},{"not_picked":["Terror","Deflect"],"picked":"Noxious Fumes","floor":6},{"not_picked":["Acrobatics","Deflect","Calculated Gamble"],"picked":"SKIP","floor":8},{"not_picked":["Sucker Punch","Bane"],"picked":"Backstab","floor":12},{"not_picked":["Riddle With Holes","Infinite Blades"],"picked":"Bane","floor":14},{"not_picked":["Storm of Steel","Phantasmal Killer"],"picked":"Venomology","floor":16},{"not_picked":["Sucker Punch","Prepared"],"picked":"Well Laid Plans","floor":18},{"not_picked":["Concentrate","Quick Slash"],"picked":"Backflip+1","floor":20},{"not_picked":["Riddle With Holes+1","Choke","Underhanded Strike"],"picked":"SKIP","floor":22},{"not_picked":["Eviscerate","Riddle With Holes"],"picked":"Backstab+1","floor":24}],"player_experience":576291,"relics_obtained":[{"floor":5,"key":"Bag of Marbles"},{"floor":6,"key":"Potion Belt"},{"floor":9,"key":"Art of War"},{"floor":13,"key":"Odd Mushroom"},{"floor":14,"key":"Strawberry"},{"floor":24,"key":"Frozen Egg 2"},{"floor":26,"key":"Singing Bowl"}],"event_choices":[{"damage_healed":0,"gold_gain":0,"player_choice":"Donut","damage_taken":0,"max_hp_gain":5,"max_hp_loss":0,"event_name":"Big Fish","floor":2,"gold_loss":0},{"cards_removed":["Strike_G"],"damage_healed":0,"gold_gain":0,"player_choice":"Card Removal","damage_taken":0,"max_hp_gain":0,"max_hp_loss":0,"event_name":"The Cleric","floor":3,"gold_loss":75},{"damage_healed":8,"gold_gain":0,"player_choice":"Full Heal","damage_taken":0,"max_hp_gain":0,"max_hp_loss":0,"event_name":"Wheel of Change","floor":10,"gold_loss":0},{"damage_healed":0,"gold_gain":0,"player_choice":"Fought Mushrooms","damage_taken":0,"max_hp_gain":0,"max_hp_loss":0,"event_name":"Mushrooms","floor":13,"gold_loss":0},{"damage_healed":0,"gold_gain":0,"cards_transformed":["Strike_G"],"player_choice":"Transformed","damage_taken":0,"max_hp_gain":0,"max_hp_loss":0,"event_name":"Transmorgrifier","floor":19,"gold_loss":0,"cards_obtained":["Outmaneuver"]},{"damage_healed":16,"gold_gain":0,"player_choice":"Heal","damage_taken":0,"max_hp_gain":0,"max_hp_loss":0,"event_name":"The Library","floor":21,"gold_loss":0},{"damage_healed":0,"gold_gain":0,"player_choice":"Smashed Altar","damage_taken":0,"max_hp_gain":0,"max_hp_loss":0,"event_name":"Forgotten Altar","floor":25,"gold_loss":0,"cards_obtained":["Decay"]}],"is_beta":false,"boss_relics":[{"not_picked":["Coffee Dripper","Runic Pyramid"],"picked":"White Beast Statue"}],"items_purged_floors":[],"is_endless":false,"potions_floor_spawned":[6,8,14,16,18,20,22,24],"killed_by":"Book of Stabbing","ascension_level":15}