{"gold_per_floor":[114,127,145,145,3,3,31,31,80,106,117,143,143,172,172,273,323,290,308,308,24,24,50,50,82,107,141,66,84,84,97,97,196,196,206,0,0,0,20,20,45,45,45,45,79,79,138,138,138,138],"floor_reached":51,"playtime":3565,"items_purged":[],"score":1019,"play_id":"18ba5e83-1c13-48e5-844a-5c53a8c33808","local_time":"20181119131340","is_ascension_mode":true,"campfire_choices":[{"data":"Quick Slash","floor":6.0,"key":"SMITH"},{"data":"Bane","floor":8.0,"key":"SMITH"},{"data":"Backflip","floor":13.0,"key":"SMITH"},{"floor":15.0,"key":"REST"},{"data":"Footwork","floor":24.0,"key":"SMITH"},{"floor":32.0,"key":"REST"},{"floor":40.0,"key":"REST"},{"data":"After Image","floor":42,"key":"SMITH"},{"data":"Backflip","floor":44,"key":"SMITH"},{"floor":49,"key":"REST"}],"neow_cost":"NONE","seed_source_timestamp":0,"circlet_count":0,"master_deck":["Defend_G","Defend_G","Defend_G","Defend_G","Strike_G+1","Strike_G+1","Strike_G","Strike_G","Survivor","Neutralize","Outmaneuver","Leg Sweep+1","Quick Slash+1","Bane+1","Bouncing Flask","PiercingWail","Crippling Poison","Backflip+1","Escape Plan","Venomology","Die Die Die+1","Deadly Poison","Dash+1","Backflip+1","Footwork+1","Adrenaline","Footwork","Bane","Noxious Fumes","Poisoned Stab","Phantasmal Killer","After Image+1","Footwork","Footwork","Cloak And Dagger","Backflip","Footwork","Bane+1","Madness","Madness","Cloak And Dagger+1","A Thousand Cuts","Backflip","Sucker Punch+1","Cloak And Dagger","Adrenaline"],"special_seed":0,"relics":["Ring of the Snake","Orichalcum","Ancient Tea Set","Bag of Marbles","Snake Skull","Pantograph","Tiny House","Regal Pillow","Pear","Dream Catcher","Whetstone","Potion Belt","Bronze Scales","Mummified Hand","Orrery","Red Mask","WingedGreaves","PreservedInsect","Ornamental Fan","Tiny Chest","Mango"],"potions_floor_usage":[41,45,47,47],"damage_taken":[{"damage":5.0,"enemies":"Cultist","floor":1.0,"turns":6.0},{"damage":0.0,"enemies":"2 Louse","floor":2.0,"turns":3.0},{"damage":1.0,"enemies":"Jaw Worm","floor":3.0,"turns":7.0},{"damage":8.0,"enemies":"Lagavulin","floor":7.0,"turns":13.0},{"damage":9.0,"enemies":"Gremlin Nob","floor":10.0,"turns":5.0},{"damage":0.0,"enemies":"Large Slime","floor":11.0,"turns":4.0},{"damage":10.0,"enemies":"Lagavulin","floor":12.0,"turns":7.0},{"damage":0.0,"enemies":"3 Sentries","floor":14.0,"turns":6.0},{"damage":37.0,"enemies":"Slime Boss","floor":16.0,"turns":13.0},{"damage":19.0,"enemies":"2 Thieves","floor":18.0,"turns":5.0},{"damage":4.0,"enemies":"Chosen","floor":19.0,"turns":4.0},{"damage":11.0,"enemies":"Book of Stabbing","floor":23.0,"turns":8.0},{"damage":28.0,"enemies":"Gremlin Leader","floor":25.0,"turns":6.0},{"damage":18.0,"enemies":"Book of Stabbing","floor":27.0,"turns":8.0},{"damage":12.0,"enemies":"Shelled Parasite and Fungi","floor":29.0,"turns":6.0},{"damage":0.0,"enemies":"Cultist and Chosen","floor":31.0,"turns":4.0},{"damage":25.0,"enemies":"Collector","floor":33.0,"turns":9.0},{"damage":5.0,"enemies":"3 Shapes","floor":35.0,"turns":2.0},{"damage":34.0,"enemies":"3 Darklings","floor":39.0,"turns":7.0},{"damage":25,"enemies":"Nemesis","floor":41,"turns":9},{"damage":43,"enemies":"Reptomancer","floor":45,"turns":7},{"damage":4,"enemies":"Giant Head","floor":47,"turns":11},{"damage":33,"enemies":"Donu and Deca","floor":50,"turns":11}],"seed_played":"1152338158851398133","potions_obtained":[{"floor":2.0,"key":"Dexterity Potion"},{"floor":10.0,"key":"FearPotion"},{"floor":12.0,"key":"Fruit Juice"},{"floor":17.0,"key":"Regen Potion"},{"floor":19.0,"key":"PowerPotion"},{"floor":31.0,"key":"GhostInAJar"},{"floor":39.0,"key":"Weak Potion"},{"floor":41,"key":"Ancient Potion"},{"floor":45,"key":"Block Potion"}],"is_trial":false,"path_per_floor":["M","M","M","?","$","R","E","R","T","E","M","E","R","E","R","B",null,"M","M","?","$","?","E","R","E","T","E","?","M","T","M","R","B",null,"M","?","$","?","M","R","E","R","T","R","E","?","E","T","R","B",null],"character_chosen":"THE_SILENT","items_purchased":["Bane","Bouncing Flask","PiercingWail","Footwork","Regal Pillow","Block Potion"],"campfire_rested":4,"item_purchase_floors":[5,5,5,21,21,21],"current_hp_per_floor":[72,72,71,71,71,71,63,63,63,54,54,49,49,49,73,45,87,68,64,64,64,74,78,78,50,50,32,32,20,20,20,64,64,97,92,92,92,80,46,90,65,65,65,65,22,22,18,32,80,72],"gold":138,"neow_bonus":"TEN_PERCENT_HP_BONUS","is_prod":false,"is_daily":false,"chose_seed":false,"campfire_upgraded":6,"win_rate":0,"timestamp":1542662020,"path_taken":["M","M","?","?","$","R","E","R","T","E","M","E","R","E","R","BOSS","M","M","?","?","?","E","R","E","T","E","?","?","?","M","R","BOSS","M","?","$","?","M","R","E","R","T","R","E","?","E","?","R","BOSS"],"build_version":"2018-11-15","purchased_purges":0,"victory":true,"max_hp_per_floor":[77,77,77,77,77,77,77,77,77,77,77,82,82,82,82,82,87,87,87,87,87,97,97,97,97,97,97,97,97,97,97,97,97,97,97,97,97,97,97,97,97,97,97,97,97,97,97,111,111,111],"card_choices":[{"not_picked":["Slice","Concentrate"],"picked":"Outmaneuver","floor":1.0},{"not_picked":["Bouncing Flask","Deflect"],"picked":"Leg Sweep","floor":2.0},{"not_picked":["Sucker Punch","PiercingWail"],"picked":"Quick Slash","floor":3.0},{"not_picked":["Dagger Spray","Underhanded Strike","Acrobatics"],"picked":"SKIP","floor":7.0},{"not_picked":["Acrobatics","Night Terror"],"picked":"Crippling Poison","floor":10.0},{"not_picked":["Concentrate","Quick Slash"],"picked":"Backflip","floor":11.0},{"not_picked":["Calculated Gamble","Acrobatics"],"picked":"Escape Plan","floor":12.0},{"not_picked":["Tactician","Sucker Punch"],"picked":"Venomology","floor":14.0},{"not_picked":["Tools of the Trade","Malaise"],"picked":"Die Die Die","floor":16.0},{"not_picked":["Dodge and Roll","All Out Attack"],"picked":"Deadly Poison","floor":17.0},{"not_picked":["Riddle With Holes","Blade Dance+1"],"picked":"Dash+1","floor":18.0},{"not_picked":["Finisher","Deflect"],"picked":"Backflip","floor":19.0},{"not_picked":["Phantasmal Killer","Acrobatics"],"picked":"Adrenaline","floor":23.0},{"not_picked":["Well Laid Plans","Calculated Gamble"],"picked":"Footwork","floor":25.0},{"not_picked":["Prepared","Riddle With Holes"],"picked":"Bane","floor":27.0},{"not_picked":["Backflip","Flechettes"],"picked":"Noxious Fumes","floor":29.0},{"not_picked":["Underhanded Strike","PiercingWail"],"picked":"Poisoned Stab","floor":31.0},{"not_picked":["Outmaneuver","Dagger Throw"],"picked":"Phantasmal Killer","floor":32.0},{"not_picked":["Doppelganger","Corpse Explosion"],"picked":"After Image","floor":33.0},{"not_picked":["All Out Attack+1","Endless Agony"],"picked":"Footwork","floor":34.0},{"not_picked":["Dodge and Roll+1","All Out Attack"],"picked":"Footwork","floor":34.0},{"not_picked":["Slice","Calculated Gamble"],"picked":"Cloak And Dagger","floor":34.0},{"not_picked":["Acrobatics+1","Escape Plan"],"picked":"Backflip","floor":34.0},{"not_picked":["Quick Slash","Dagger Spray+1"],"picked":"Footwork","floor":34.0},{"not_picked":["Concentrate","Underhanded Strike"],"picked":"Bane+1","floor":35.0},{"not_picked":["Envenom","Outmaneuver"],"picked":"Cloak And Dagger+1","floor":39.0},{"not_picked":["Dagger Spray+1","All Out Attack+1"],"picked":"A Thousand Cuts","floor":40.0},{"not_picked":["Slice","Finisher+1"],"picked":"Backflip","floor":41},{"not_picked":["Acrobatics+1","Bane"],"picked":"Sucker Punch+1","floor":45},{"not_picked":["Poisoned Stab","Deflect+1"],"picked":"Cloak And Dagger","floor":47},{"not_picked":["Noxious Fumes+1","Masterful Stab+1"],"picked":"Adrenaline","floor":49}],"player_experience":78876,"relics_obtained":[{"floor":7.0,"key":"Orichalcum"},{"floor":9.0,"key":"Ancient Tea Set"},{"floor":10.0,"key":"Bag of Marbles"},{"floor":12.0,"key":"Snake Skull"},{"floor":14.0,"key":"Pantograph"},{"floor":23.0,"key":"Dream Catcher"},{"floor":25.0,"key":"Whetstone"},{"floor":26.0,"key":"Potion Belt"},{"floor":27.0,"key":"Bronze Scales"},{"floor":30.0,"key":"Mummified Hand"},{"floor":41,"key":"WingedGreaves"},{"floor":43,"key":"PreservedInsect"},{"floor":45,"key":"Ornamental Fan"},{"floor":47,"key":"Tiny Chest"},{"floor":48,"key":"Mango"}],"event_choices":[{"damage_healed":0.0,"max_hp_gain":0.0,"max_hp_loss":0.0,"gold_gain":0.0,"event_name":"Upgrade Shrine","player_choice":"Upgraded","floor":4.0,"gold_loss":0.0,"damage_taken":0.0,"cards_upgraded":["Leg Sweep"]},{"cards_removed":["Defend_G"],"damage_healed":0.0,"max_hp_gain":0.0,"max_hp_loss":0.0,"gold_gain":0.0,"event_name":"Back to Basics","player_choice":"Elegance","floor":20.0,"gold_loss":0.0,"damage_taken":0.0},{"damage_healed":0.0,"max_hp_gain":0.0,"max_hp_loss":0.0,"gold_gain":0.0,"event_name":"The Mausoleum","player_choice":"Opened","floor":22.0,"gold_loss":0.0,"damage_taken":0.0,"relics_obtained":["Pear"],"cards_obtained":["Writhe"]},{"cards_removed":["Writhe"],"damage_healed":0.0,"max_hp_gain":0.0,"max_hp_loss":0.0,"gold_gain":0.0,"event_name":"Beggar","player_choice":"Gave Gold","floor":28.0,"gold_loss":75.0,"damage_taken":0.0},{"damage_healed":0.0,"max_hp_gain":0.0,"max_hp_loss":0.0,"gold_gain":0.0,"event_name":"Tomb of Lord Red Mask","player_choice":"Paid","floor":36.0,"gold_loss":206.0,"damage_taken":0.0,"relics_obtained":["Red Mask"]},{"damage_healed":0.0,"max_hp_gain":0.0,"max_hp_loss":0.0,"gold_gain":0.0,"event_name":"Winding Halls","player_choice":"Embrace Madness","floor":38.0,"gold_loss":0.0,"damage_taken":12.0,"cards_obtained":["Madness","Madness"]},{"cards_removed":["Strike_G"],"damage_healed":0,"gold_gain":0,"player_choice":"Removed Attack","damage_taken":0,"max_hp_gain":0,"max_hp_loss":0,"event_name":"Falling","floor":46,"gold_loss":0}],"is_beta":false,"boss_relics":[{"not_picked":["Runic Pyramid","Calling Bell"],"picked":"Tiny House"},{"not_picked":["Cursed Key","Eternal Feather"],"picked":"Orrery"}],"items_purged_floors":[],"is_endless":false,"potions_floor_spawned":[2,10,12,19,31,39,41,45],"ascension_level":2}