{"gold_per_floor":[117,117,49,61,61,94,110,110,110,110,141,151,104,132,132,237,237,252,11,24,41,56,56,89,99,148,158,158,168,168,168,168,263,263,277,83,132,132,145,145,162,162,188,199,199,212,222,222,222,222],"floor_reached":51,"playtime":1326,"items_purged":[],"score":789,"play_id":"1467f5b9-7553-4d35-a429-57186715fc19","local_time":"20181216152612","is_ascension_mode":false,"campfire_choices":[{"data":"Perfected Strike","floor":8,"key":"SMITH"},{"data":"Flex","floor":10,"key":"SMITH"},{"data":"Perfected Strike","floor":15,"key":"SMITH"},{"data":"Fiend Fire","floor":23,"key":"SMITH"},{"floor":28,"key":"REST"},{"data":"Perfected Strike","floor":30,"key":"SMITH"},{"data":"Immolate","floor":32,"key":"SMITH"},{"data":"1","floor":40,"key":"LIFT"},{"data":"2","floor":42,"key":"LIFT"},{"data":"3","floor":45,"key":"LIFT"},{"data":"Heavy Blade","floor":49,"key":"SMITH"}],"neow_cost":"NONE","seed_source_timestamp":187904933557141,"circlet_count":0,"master_deck":["Strike_R","Strike_R","Strike_R","Strike_R","Strike_R","Defend_R","Defend_R","Defend_R","Defend_R","Heavy Blade+1","Flex+1","Perfected Strike+1","Immolate+1","Wild Strike","Pommel Strike","Wild Strike","Perfected Strike+1","Pommel Strike","Fiend Fire+1","Spot Weakness","Pommel Strike","Wild Strike","Wild Strike+1","Spot Weakness","Perfected Strike+1","Perfected Strike+1","Double Tap+1","Twin Strike+1","Twin Strike","Perfected Strike+1","Pommel Strike","Regret","Pommel Strike"],"relics":["Burning Blood","Smiling Mask","Question Card","Sundial","Ice Cream","Mark of Pain","Pear","Anchor","Vajra","Cursed Key","Lantern","Girya","Bag of Preparation"],"potions_floor_usage":[6,12,20,21,21,21,27,29,50],"damage_taken":[{"damage":1,"enemies":"Cultist","floor":1,"turns":4},{"damage":0,"enemies":"2 Louse","floor":4,"turns":2},{"damage":16,"enemies":"Gremlin Nob","floor":6,"turns":3},{"damage":0,"enemies":"Small Slimes","floor":7,"turns":2},{"damage":13,"enemies":"3 Sentries","floor":11,"turns":4},{"damage":14,"enemies":"Exordium Thugs","floor":12,"turns":3},{"damage":6,"enemies":"Gremlin Nob","floor":14,"turns":3},{"damage":65,"enemies":"Hexaghost","floor":16,"turns":8},{"damage":15,"enemies":"2 Thieves","floor":18,"turns":3},{"damage":14,"enemies":"Shell Parasite","floor":20,"turns":4},{"damage":7,"enemies":"Centurion and Healer","floor":21,"turns":2},{"damage":10,"enemies":"Cultist and Chosen","floor":22,"turns":4},{"damage":34,"enemies":"Slavers","floor":24,"turns":3},{"damage":5,"enemies":"Chosen and Byrds","floor":25,"turns":3},{"damage":0,"enemies":"Centurion and Healer","floor":27,"turns":3},{"damage":27,"enemies":"Snake Plant","floor":29,"turns":3},{"damage":29,"enemies":"Automaton","floor":33,"turns":6},{"damage":0,"enemies":"3 Darklings","floor":35,"turns":2},{"damage":8,"enemies":"2 Orb Walkers","floor":37,"turns":3},{"damage":0,"enemies":"Orb Walker","floor":39,"turns":1},{"damage":1,"enemies":"Transient","floor":41,"turns":5},{"damage":0,"enemies":"Jaw Worm Horde","floor":44,"turns":2},{"damage":0,"enemies":"Writhing Mass","floor":46,"turns":2},{"damage":5,"enemies":"Maw","floor":47,"turns":3},{"damage":75,"enemies":"Time Eater","floor":50,"turns":6}],"seed_played":"7179285928805346339","potions_obtained":[{"floor":4,"key":"FearPotion"},{"floor":7,"key":"SkillPotion"},{"floor":12,"key":"AttackPotion"},{"floor":14,"key":"EntropicBrew"},{"floor":22,"key":"GamblersBrew"},{"floor":24,"key":"GamblersBrew"},{"floor":27,"key":"Regen Potion"},{"floor":33,"key":"GamblersBrew"},{"floor":39,"key":"Block Potion"},{"floor":41,"key":"Energy Potion"}],"is_trial":false,"path_per_floor":["M","?","$","M","?","E","M","R","T","R","E","M","$","E","R","B",null,"M","$","M","M","M","R","E","M","T","M","R","M","R","?","R","B",null,"M","$","?","?","M","R","M","R","T","M","R","M","M","$","R","B",null],"character_chosen":"IRONCLAD","items_purchased":["Heavy Blade","Flex","Perfected Strike","Pear","Lantern","Twin Strike"],"campfire_rested":1,"item_purchase_floors":[3,3,13,19,36,36],"current_hp_per_floor":[88,88,88,88,98,88,94,94,94,94,87,79,79,79,79,20,98,89,99,91,90,86,86,58,59,59,65,97,85,85,85,85,62,108,108,108,106,106,108,108,108,108,108,108,108,108,108,108,108,39],"gold":222,"neow_bonus":"TEN_PERCENT_HP_BONUS","is_prod":false,"is_daily":false,"chose_seed":false,"campfire_upgraded":7,"win_rate":0,"timestamp":1544970372,"path_taken":["M","?","$","M","?","E","M","R","T","R","E","M","$","E","R","BOSS","M","$","M","M","M","R","E","?","T","M","R","M","R","?","R","BOSS","M","$","?","?","M","R","?","R","T","M","R","M","M","$","R","BOSS"],"build_version":"2018-12-13","purchased_purges":0,"victory":true,"max_hp_per_floor":[88,88,88,88,98,98,98,98,98,98,98,98,98,98,98,98,98,98,108,108,108,108,108,108,108,108,108,108,108,108,108,108,108,108,108,108,108,108,108,108,108,108,108,108,108,108,108,108,108,108],"card_choices":[{"not_picked":["Warcry","Feel No Pain","Clash"],"picked":"SKIP","floor":1},{"not_picked":["Seeing Red","Shrug It Off"],"picked":"Perfected Strike","floor":4},{"not_picked":["Burning Pact","Impervious"],"picked":"Immolate","floor":6},{"not_picked":["Flex","Evolve"],"picked":"Wild Strike","floor":7},{"not_picked":["Clash","Sword Boomerang","Wild Strike"],"picked":"Pommel Strike","floor":11},{"not_picked":["Uppercut","Clothesline","Iron Wave"],"picked":"Wild Strike","floor":12},{"not_picked":["Infernal Blade","Second Wind","Searing Blow"],"picked":"Pommel Strike","floor":14},{"not_picked":["Bludgeon","Dark Embrace","Feed"],"picked":"Fiend Fire","floor":16},{"not_picked":["Flex+1","Battle Trance","Sever Soul","True Grit"],"picked":"SKIP","floor":18},{"not_picked":["Flex","True Grit","Hemokinesis"],"picked":"Spot Weakness","floor":20},{"not_picked":["Whirlwind","Body Slam+1","Intimidate"],"picked":"Pommel Strike","floor":21},{"not_picked":["Warcry","Armaments+1","Heavy Blade"],"picked":"Wild Strike","floor":22},{"not_picked":["Dual Wield","Burning Pact","Limit Break"],"picked":"Wild Strike+1","floor":24},{"not_picked":["Clothesline","Rampage","Body Slam"],"picked":"Spot Weakness","floor":25},{"not_picked":["Shrug It Off+1","Clothesline+1","Flex"],"picked":"Perfected Strike","floor":27},{"not_picked":["Flex","Clothesline","Cleave+1","Iron Wave"],"picked":"SKIP","floor":29},{"not_picked":["Offering","Juggernaut","Berserk"],"picked":"Double Tap","floor":33},{"not_picked":["Ghostly Armor+1","Metallicize+1","Battle Trance"],"picked":"Twin Strike+1","floor":35},{"not_picked":["Warcry","Headbutt","Sentinel"],"picked":"Perfected Strike+1","floor":37},{"not_picked":["Headbutt+1","Reckless Charge","Warcry"],"picked":"Pommel Strike","floor":39},{"not_picked":["Reaper","Clash","Headbutt","Spot Weakness"],"picked":"SKIP","floor":41},{"not_picked":["Armaments+1","Sword Boomerang","Anger+1","Headbutt+1"],"picked":"SKIP","floor":44},{"not_picked":["Flex+1","Disarm","Clothesline","Sword Boomerang"],"picked":"SKIP","floor":46},{"not_picked":["Anger","Burning Pact","Battle Trance"],"picked":"Pommel Strike","floor":47}],"player_experience":196778,"relics_obtained":[{"floor":6,"key":"Smiling Mask"},{"floor":9,"key":"Question Card"},{"floor":11,"key":"Sundial"},{"floor":14,"key":"Ice Cream"},{"floor":24,"key":"Anchor"},{"floor":26,"key":"Vajra"},{"floor":37,"key":"Girya"},{"floor":43,"key":"Bag of Preparation"}],"event_choices":[{"damage_healed":0,"gold_gain":0,"cards_transformed":["Bash"],"player_choice":"Change","damage_taken":0,"max_hp_gain":0,"max_hp_loss":0,"event_name":"Living Wall","floor":2,"gold_loss":0,"cards_obtained":["Exhume"]},{"cards_removed":["Exhume"],"damage_healed":0,"gold_gain":0,"player_choice":"Offered Rare","damage_taken":0,"max_hp_gain":10,"max_hp_loss":0,"event_name":"Bonfire Elementals","floor":5,"gold_loss":0},{"damage_healed":0,"gold_gain":0,"player_choice":"Copied","damage_taken":0,"max_hp_gain":0,"max_hp_loss":0,"event_name":"Duplicator","floor":31,"gold_loss":0,"cards_obtained":["Perfected Strike"]},{"damage_healed":0,"gold_gain":0,"player_choice":"Fight","damage_taken":0,"max_hp_gain":0,"max_hp_loss":0,"event_name":"Mysterious Sphere","floor":37,"gold_loss":0},{"damage_healed":0,"gold_gain":0,"player_choice":"Upgraded","damage_taken":0,"max_hp_gain":0,"max_hp_loss":0,"event_name":"Upgrade Shrine","floor":38,"gold_loss":0,"cards_upgraded":["Double Tap"]}],"is_beta":false,"boss_relics":[{"not_picked":["Philosopher\u0027s Stone","Fusion Hammer"],"picked":"Mark of Pain"},{"not_picked":["Runic Dome","Coffee Dripper"],"picked":"Cursed Key"}],"items_purged_floors":[],"is_endless":false,"potions_floor_spawned":[4,7,12,14,22,24,27,33,39,41,46,47],"ascension_level":0}