{"gold_per_floor":[109,109,13,27,27,54,54,84,158,158,177,177,190,223,223,318,318,330,330,345,345,364,364,13,13,13,26,2,2,37,312,312,417,417,434,394,21,0,12,12,28,28,53,70,22,36,36,54,54,54],"floor_reached":51,"playtime":3120,"items_purged":[],"score":1075,"play_id":"e577950c-28a4-485b-9365-47364460677d","local_time":"20190128002247","is_ascension_mode":true,"campfire_choices":[{"data":"Buffer","floor":10.0,"key":"SMITH"},{"data":"Dualcast","floor":12.0,"key":"SMITH"},{"data":"Steam","floor":15.0,"key":"SMITH"},{"floor":23.0,"key":"REST"},{"data":"Hologram","floor":25.0,"key":"SMITH"},{"data":"Redo","floor":32.0,"key":"SMITH"},{"data":"Steam","floor":40.0,"key":"SMITH"},{"data":"Glacier","floor":47.0,"key":"SMITH"},{"data":"Coolheaded","floor":49.0,"key":"SMITH"}],"neow_cost":"NONE","seed_source_timestamp":0,"circlet_count":0,"master_deck":["AscendersBane","Strike_B+1","Strike_B","Defend_B","Defend_B","Defend_B","Defend_B","Zap+1","Dualcast+1","Gash","Go for the Eyes","Leap","Scrape+1","Buffer+1","Coolheaded+1","Leap","FTL+1","Steam+1","All For One+1","Streamline+1","Hologram+1","Flash of Steel+1","Redo+1","Glacier+1","All For One+1","Beam Cell+1","Gash+1","Steam+1","Coolheaded","Steam+1","Decay","Leap","Double Energy+1"],"special_seed":0,"relics":["Cracked Core","NeowsBlessing","Strawberry","Letter Opener","Molten Egg 2","Juzu Bracelet","Eternal Feather","Enchiridion","Anchor","Oddly Smooth Stone","Pear","Empty Cage","DollysMirror","Red Mask","Art of War"],"potions_floor_usage":[50],"damage_taken":[{"damage":0.0,"enemies":"Jaw Worm","floor":1.0,"turns":1.0},{"damage":0.0,"enemies":"Cultist","floor":4.0,"turns":1.0},{"damage":0.0,"enemies":"3 Sentries","floor":6.0,"turns":1.0},{"damage":23.0,"enemies":"Lagavulin","floor":8.0,"turns":7.0},{"damage":0.0,"enemies":"2 Louse","floor":11.0,"turns":2.0},{"damage":3.0,"enemies":"Looter","floor":13.0,"turns":3.0},{"damage":0.0,"enemies":"Gremlin Nob","floor":14.0,"turns":4.0},{"damage":26.0,"enemies":"Slime Boss","floor":16.0,"turns":11.0},{"damage":14.0,"enemies":"3 Byrds","floor":18.0,"turns":5.0},{"damage":0.0,"enemies":"Shell Parasite","floor":20.0,"turns":7.0},{"damage":11.0,"enemies":"Snecko","floor":22.0,"turns":8.0},{"damage":0.0,"enemies":"Centurion and Healer","floor":27.0,"turns":3.0},{"damage":14.0,"enemies":"Gremlin Leader","floor":30.0,"turns":8.0},{"damage":48.0,"enemies":"Automaton","floor":33.0,"turns":12.0},{"damage":0.0,"enemies":"Orb Walker","floor":35.0,"turns":6.0},{"damage":14.0,"enemies":"3 Darklings","floor":39.0,"turns":5.0},{"damage":0.0,"enemies":"Writhing Mass","floor":41.0,"turns":6.0},{"damage":1.0,"enemies":"Jaw Worm Horde","floor":44.0,"turns":3.0},{"damage":30.0,"enemies":"3 Darklings","floor":46.0,"turns":6.0},{"damage":0.0,"enemies":"Sphere and 2 Shapes","floor":48.0,"turns":8.0},{"damage":66,"enemies":"Time Eater","floor":50,"turns":11}],"seed_played":"8499135344143424286","potions_obtained":[{"floor":1.0,"key":"SteroidPotion"},{"floor":13.0,"key":"SkillPotion"},{"floor":16.0,"key":"Regen Potion"},{"floor":18.0,"key":"AttackPotion"},{"floor":22.0,"key":"PowerPotion"},{"floor":30.0,"key":"SteroidPotion"},{"floor":33.0,"key":"Explosive Potion"},{"floor":35.0,"key":"Ancient Potion"},{"floor":48.0,"key":"Dexterity Potion"}],"is_trial":false,"path_per_floor":["M","?","$","M","$","E","?","E","T","R","M","R","M","E","R","B",null,"M","?","M","?","M","R","$","R","T","M","$","?","E","?","R","B",null,"M","?","$","?","M","R","M","?","T","M","$","M","R","M","R","B",null],"character_chosen":"DEFECT","items_purchased":["Go for the Eyes","Explosive Potion","Anchor","Hologram","Flash of Steel+1","Swift Potion","Redo","Beam Cell+1","DollysMirror","Steam","GamblersBrew","Leap"],"campfire_rested":1,"item_purchase_floors":[3,3,24,24,24,24,28,37,37,37,37,45],"current_hp_per_floor":[68,68,68,68,68,75,75,52,52,52,52,52,49,49,49,23,67,53,37,37,21,25,63,63,75,75,75,75,75,71,71,86,38,82,82,82,82,82,68,83,83,83,83,82,82,52,70,70,88,22],"gold":54,"neow_bonus":"THREE_ENEMY_KILL","is_prod":false,"is_daily":false,"chose_seed":false,"campfire_upgraded":8,"win_rate":0,"timestamp":1548663767,"path_taken":["M","?","?","?","?","E","?","E","T","R","M","R","M","E","R","BOSS","M","?","M","?","M","R","$","R","T","M","$","?","E","?","R","BOSS","M","?","$","?","M","R","M","?","T","M","?","M","R","M","R","BOSS"],"build_version":"2019-01-23","purchased_purges":0,"victory":true,"max_hp_per_floor":[75,75,75,75,75,82,82,82,82,82,82,82,82,82,82,82,82,82,82,82,87,87,87,87,87,87,87,87,87,97,97,97,97,97,97,97,97,97,97,97,97,97,97,97,97,97,97,97,97,97],"card_choices":[{"not_picked":["Chill","Barrage"],"picked":"Gash","floor":1.0},{"not_picked":["Genetic Algorithm","Tempest"],"picked":"Leap","floor":4.0},{"not_picked":["BootSequence","Cold Snap"],"picked":"Scrape","floor":6.0},{"not_picked":["Ball Lightning","Sunder"],"picked":"Coolheaded","floor":8.0},{"not_picked":["Compile Driver+1","Blizzard+1"],"picked":"Leap","floor":11.0},{"not_picked":["Conserve Battery","Compile Driver+1"],"picked":"FTL+1","floor":13.0},{"not_picked":["Melter+1","Darkness"],"picked":"Steam","floor":14.0},{"not_picked":["Echo Form","Seek"],"picked":"All For One+1","floor":16.0},{"not_picked":["Chaos+1","Darkness","Fusion"],"picked":"SKIP","floor":18.0},{"not_picked":["Sweeping Beam+1","Loop"],"picked":"Streamline+1","floor":20.0},{"not_picked":["Stack","Genetic Algorithm","Recycle"],"picked":"SKIP","floor":22.0},{"not_picked":["Barrage+1","Turbo+1","Capacitor"],"picked":"SKIP","floor":27.0},{"not_picked":["Ball Lightning+1","Tempest","Self Repair"],"picked":"SKIP","floor":30.0},{"not_picked":["Hyperbeam+1","Creative AI"],"picked":"All For One+1","floor":33.0},{"not_picked":["Sweeping Beam+1","Undo+1","Tempest+1"],"picked":"SKIP","floor":35.0},{"not_picked":["Sweeping Beam+1","Aggregate"],"picked":"Coolheaded","floor":39.0},{"not_picked":["Genetic Algorithm","Scrape+1"],"picked":"Steam+1","floor":41.0},{"not_picked":["Barrage+1","Hello World+1","Redo+1"],"picked":"SKIP","floor":44.0},{"not_picked":["Blizzard+1","Barrage+1"],"picked":"Double Energy+1","floor":46.0},{"not_picked":["Stack","Rebound+1","Glacier+1"],"picked":"SKIP","floor":48.0}],"player_experience":390177,"relics_obtained":[{"floor":6.0,"key":"Strawberry"},{"floor":8.0,"key":"Letter Opener"},{"floor":9.0,"key":"Molten Egg 2"},{"floor":14.0,"key":"Juzu Bracelet"},{"floor":19.0,"key":"Enchiridion"},{"floor":26.0,"key":"Oddly Smooth Stone"},{"floor":30.0,"key":"Pear"},{"floor":43.0,"key":"Art of War"}],"event_choices":[{"damage_healed":0.0,"max_hp_gain":0.0,"max_hp_loss":0.0,"gold_gain":0.0,"event_name":"Upgrade Shrine","player_choice":"Upgraded","floor":2.0,"gold_loss":0.0,"damage_taken":0.0,"cards_upgraded":["Zap"]},{"damage_healed":0.0,"max_hp_gain":0.0,"max_hp_loss":0.0,"gold_gain":0.0,"cards_transformed":["Strike_B"],"event_name":"Transmorgrifier","player_choice":"Transformed","floor":7.0,"gold_loss":0.0,"damage_taken":0.0,"cards_obtained":["Buffer"]},{"damage_healed":0.0,"max_hp_gain":0.0,"max_hp_loss":0.0,"gold_gain":0.0,"event_name":"Cursed Tome","player_choice":"Obtained Book","floor":19.0,"gold_loss":0.0,"damage_taken":16.0},{"damage_healed":0.0,"max_hp_gain":5.0,"max_hp_loss":0.0,"gold_gain":0.0,"event_name":"Forgotten Altar","player_choice":"Shed Blood","floor":21.0,"gold_loss":0.0,"damage_taken":21.0},{"damage_healed":0.0,"max_hp_gain":0.0,"max_hp_loss":0.0,"gold_gain":0.0,"event_name":"The Library","player_choice":"Read","floor":29.0,"gold_loss":0.0,"damage_taken":0.0,"cards_obtained":["Glacier"]},{"damage_healed":0.0,"max_hp_gain":0.0,"max_hp_loss":0.0,"gold_gain":275.0,"event_name":"Golden Shrine","player_choice":"Desecrate","floor":31.0,"gold_loss":0.0,"damage_taken":0.0,"cards_obtained":["Regret"]},{"damage_healed":0.0,"max_hp_gain":0.0,"max_hp_loss":0.0,"gold_gain":0.0,"event_name":"Designer","player_choice":"Upgraded Two","floor":36.0,"gold_loss":40.0,"damage_taken":0.0,"cards_upgraded":["Strike_B","Scrape"]},{"damage_healed":0.0,"max_hp_gain":0.0,"max_hp_loss":0.0,"gold_gain":0.0,"event_name":"Tomb of Lord Red Mask","player_choice":"Paid","floor":38.0,"gold_loss":21.0,"damage_taken":0.0,"relics_obtained":["Red Mask"]},{"damage_healed":0.0,"max_hp_gain":0.0,"max_hp_loss":0.0,"gold_gain":0.0,"event_name":"Wheel of Change","player_choice":"Cursed","floor":42.0,"gold_loss":0.0,"damage_taken":0.0,"cards_obtained":["Decay"]}],"is_beta":false,"boss_relics":[{"not_picked":["Tiny House","Velvet Choker"],"picked":"Eternal Feather"},{"not_picked":["Black Star","Orrery"],"picked":"Empty Cage"}],"items_purged_floors":[],"is_endless":false,"potions_floor_spawned":[1,13,16,18,22,30,33,35,44,48],"ascension_level":10}