{"gold_per_floor":[116,132,15,26,0,0,0,0,27,39,39,49,49,65,65,160,160,173,88,107,107,18,18,36,36,63,117,128,53,53,66,66,66],"floor_reached":33,"playtime":2483,"items_purged":[],"score":237,"play_id":"164b26cf-da31-481e-9c7c-9804e781dde3","local_time":"20180721182957","is_ascension_mode":false,"campfire_choices":[{"data":"Crippling Poison","floor":11.0,"key":"SMITH"},{"data":"Caltrops","floor":13.0,"key":"SMITH"},{"floor":15.0,"key":"REST"},{"floor":23.0,"key":"REST"},{"floor":25.0,"key":"REST"},{"floor":32,"key":"REST"}],"neow_cost":"NONE","seed_source_timestamp":0,"circlet_count":0,"master_deck":["Defend_G","Defend_G","Defend_G+1","Defend_G","Strike_G","Strike_G","Strike_G","Strike_G","Strike_G","Survivor","Neutralize","Dagger Spray+1","Bane","Caltrops+1","Dash","Dodge and Roll","Crippling Poison+1","Skewer","Well Laid Plans","Night Terror","Crippling Poison","Bane+1","Writhe","Panacea","Backstab","Infinite Blades","RitualDagger","Infinite Blades"],"special_seed":0,"relics":["Ring of the Snake","Boot","Centennial Puzzle","WristBlade","Dodecahedron","Snake Skull","Happy Flower","Regal Pillow"],"potions_floor_usage":[33],"damage_taken":[{"damage":0.0,"enemies":"Jaw Worm","floor":1.0,"turns":4.0},{"damage":0.0,"enemies":"Small Slimes","floor":2.0,"turns":2.0},{"damage":0.0,"enemies":"Cultist","floor":4.0,"turns":3.0},{"damage":0.0,"enemies":"3 Louse","floor":10.0,"turns":3.0},{"damage":0.0,"enemies":"2 Fungi Beasts","floor":12.0,"turns":3.0},{"damage":1.0,"enemies":"Exordium Wildlife","floor":14.0,"turns":4.0},{"damage":32.0,"enemies":"Slime Boss","floor":16.0,"turns":9.0},{"damage":18.0,"enemies":"Spheric Guardian","floor":18.0,"turns":5.0},{"damage":19.0,"enemies":"Shell Parasite","floor":20.0,"turns":4.0},{"damage":16.0,"enemies":"Cultist and Chosen","floor":24.0,"turns":6.0},{"damage":33.0,"enemies":"Sentry and Sphere","floor":28.0,"turns":10.0},{"damage":23.0,"enemies":"Centurion and Healer","floor":31.0,"turns":5.0},{"damage":50,"enemies":"Collector","floor":33,"turns":3}],"seed_played":"-4958241878580513057","potions_obtained":[{"floor":2.0,"key":"EssenceOfSteel"},{"floor":10.0,"key":"PowerPotion"},{"floor":16.0,"key":"GamblersBrew"},{"floor":24.0,"key":"EssenceOfSteel"}],"is_trial":false,"path_per_floor":["M","M","$","M","?","?","$","?","T","M","R","M","R","M","R","B",null,"M","?","M","?","$","R","M","R","T","T","M","?","?","M","R"],"character_chosen":"THE_SILENT","items_purchased":["Caltrops","Dash","Panacea"],"campfire_rested":4,"item_purchase_floors":[3,3,22],"current_hp_per_floor":[70,70,70,70,70,56,56,61,61,61,61,61,61,60,75,43,75,57,57,38,38,38,60,44,66,66,66,33,33,27,4,41,0],"gold":66,"neow_bonus":"RANDOM_COMMON_RELIC","is_prod":false,"is_daily":false,"chose_seed":false,"campfire_upgraded":2,"win_rate":0.0,"timestamp":1532190597,"path_taken":["M","M","$","M","?","?","?","?","T","?","R","M","R","M","R","BOSS","M","?","M","?","$","R","?","R","T","?","M","?","?","M","R","BOSS"],"build_version":"2018-07-19v2","purchased_purges":0,"victory":false,"max_hp_per_floor":[70,70,70,70,70,70,70,75,75,75,75,75,75,75,75,75,75,75,75,75,75,75,75,75,75,75,75,75,75,75,75,75,75],"card_choices":[{"not_picked":["Dodge and Roll","Expertise"],"picked":"Dagger Spray","floor":1.0},{"not_picked":["Heel Hook","Endless Agony"],"picked":"Bane","floor":2.0},{"not_picked":["Tactician","Slice"],"picked":"Dodge and Roll","floor":4.0},{"not_picked":["Underhanded Strike","All Out Attack"],"picked":"Crippling Poison","floor":10.0},{"not_picked":["Dagger Throw","Choke"],"picked":"Skewer","floor":12.0},{"not_picked":["Predator","Dagger Throw"],"picked":"Well Laid Plans","floor":14.0},{"not_picked":["Doppelganger","Malaise"],"picked":"Night Terror","floor":16.0},{"not_picked":["Dash","Endless Agony"],"picked":"Crippling Poison","floor":18.0},{"not_picked":["Outmaneuver","Sucker Punch"],"picked":"Bane+1","floor":20.0},{"not_picked":["Heel Hook","Sucker Punch"],"picked":"Backstab","floor":24.0},{"not_picked":["Bane","Prepared+1"],"picked":"Infinite Blades","floor":28.0},{"not_picked":["Dagger Throw","All Out Attack"],"picked":"Infinite Blades","floor":31.0}],"player_experience":25665,"relics_obtained":[{"floor":9.0,"key":"Centennial Puzzle"},{"floor":26.0,"key":"Happy Flower"},{"floor":27.0,"key":"Regal Pillow"}],"event_choices":[{"event_name":"World of Goop","player_choice":"Left","floor":5.0,"damage_taken":0.0},{"event_name":"Shining Light","player_choice":"Entered Light","floor":6.0,"damage_taken":0.0},{"event_name":"Big Fish","player_choice":"Donut","floor":8.0,"damage_taken":0.0},{"event_name":"Addict","player_choice":"Obtained Relic","floor":19.0,"damage_taken":0.0},{"event_name":"The Mausoleum","player_choice":"Yes","floor":21.0,"damage_taken":0.0},{"event_name":"Beggar","player_choice":"Gave Gold","floor":29.0,"damage_taken":0.0},{"event_name":"Nest","player_choice":"Joined the Cult","floor":30.0,"damage_taken":0.0}],"is_beta":false,"boss_relics":[{"not_picked":["Tiny House","Ectoplasm"],"picked":"WristBlade"}],"items_purged_floors":[],"is_endless":false,"potions_floor_spawned":[2,10,16,24],"killed_by":"Collector","ascension_level":0}