{"gold_per_floor":[210,210,310,321,246,246,2,19,90,117,131,131,50,78,78,78],"floor_reached":16,"playtime":1149,"items_purged":["Defend_G","Strike_G","Defend_G"],"score":119,"play_id":"1f5c46e2-edac-44fc-b362-81389b03517d","local_time":"20190126173455","is_ascension_mode":true,"campfire_choices":[{"data":"Survivor","floor":6,"key":"SMITH"},{"floor":15,"key":"REST"}],"neow_cost":"NONE","seed_source_timestamp":32625966459246,"circlet_count":0,"master_deck":["Defend_G","Defend_G","Defend_G","Strike_G","Strike_G","Strike_G","Strike_G","Survivor+1","Neutralize","Tactician","Heel Hook","After Image+1"],"relics":["Ring of the Snake","Membership Card","Ninja Scroll","Singing Bowl","Frozen Egg 2","Shovel"],"potions_floor_usage":[10,14,14,16],"damage_taken":[{"damage":0,"enemies":"Small Slimes","floor":1,"turns":8},{"damage":4,"enemies":"Cultist","floor":4,"turns":6},{"damage":0,"enemies":"2 Louse","floor":8,"turns":3},{"damage":11,"enemies":"3 Sentries","floor":10,"turns":12},{"damage":0,"enemies":"Looter","floor":11,"turns":3},{"damage":25,"enemies":"Lagavulin","floor":14,"turns":7},{"damage":54,"enemies":"Hexaghost","floor":16,"turns":16}],"seed_played":"-4289158723460399533","potions_obtained":[{"floor":1,"key":"Swift Potion"},{"floor":4,"key":"SteroidPotion"},{"floor":8,"key":"GamblersBrew"},{"floor":10,"key":"Weak Potion"}],"is_trial":false,"path_per_floor":["M","?","?","M","$","R","$","M","T","E","M","T","$","E","R","B"],"character_chosen":"THE_SILENT","items_purchased":["Membership Card","Heel Hook"],"campfire_rested":1,"item_purchase_floors":[7,13],"current_hp_per_floor":[70,70,70,66,66,66,66,66,66,57,57,57,57,32,53,0],"gold":78,"neow_bonus":"HUNDRED_GOLD","is_prod":false,"is_daily":false,"chose_seed":false,"campfire_upgraded":1,"win_rate":0,"timestamp":1548520495,"path_taken":["M","?","?","?","$","R","?","M","T","E","?","?","$","E","R","BOSS"],"build_version":"2019-01-23","purchased_purges":3,"victory":false,"max_hp_per_floor":[70,70,70,70,70,70,70,70,70,72,72,72,72,72,72,72],"card_choices":[{"not_picked":["Predator","Dagger Spray","Expertise"],"picked":"SKIP","floor":1},{"not_picked":["Dodge and Roll","Crippling Poison","Dagger Spray"],"picked":"SKIP","floor":4},{"not_picked":["Caltrops","Well Laid Plans","Masterful Stab"],"picked":"SKIP","floor":8},{"not_picked":["Envenom","Expertise","Dagger Throw"],"picked":"Singing Bowl","floor":10},{"not_picked":["Prepared","Acrobatics"],"picked":"Tactician","floor":11},{"not_picked":["Cloak And Dagger","Well Laid Plans+1"],"picked":"After Image+1","floor":14}],"player_experience":60748,"relics_obtained":[{"floor":9,"key":"Ninja Scroll"},{"floor":10,"key":"Singing Bowl"},{"floor":12,"key":"Frozen Egg 2"},{"floor":14,"key":"Shovel"}],"event_choices":[{"damage_healed":0,"gold_gain":0,"player_choice":"Ignored","damage_taken":0,"max_hp_gain":0,"max_hp_loss":0,"event_name":"Shining Light","floor":2,"gold_loss":0},{"damage_healed":0,"gold_gain":100,"player_choice":"Pray","damage_taken":0,"max_hp_gain":0,"max_hp_loss":0,"event_name":"Golden Shrine","floor":3,"gold_loss":0}],"is_beta":false,"boss_relics":[],"items_purged_floors":[5,7,13],"is_endless":false,"potions_floor_spawned":[1,4,8,10],"killed_by":"Hexaghost","ascension_level":2}