{"gold_per_floor":[112,112,131,143,157,190,190,210,210,210,165,94,111,36,36,137,137,151,51,51,66,79,79,94,94,168,194,244,294,306,385,385,490,490,509,781,831,497,510,560,560,610,610,610,139,158,259,274,274,274],"floor_reached":51,"playtime":3891,"items_purged":["Defend_B","Defend_B","Decay","Doubt"],"score":915,"play_id":"96f9b9cf-1ac6-4ea9-a4a9-a5edf8fa2e28","local_time":"20180720004229","is_ascension_mode":false,"campfire_choices":[{"data":"Blizzard","floor":15.0,"key":"SMITH"},{"floor":23.0,"key":"REST"},{"data":"White Noise","floor":25.0,"key":"SMITH"},{"floor":32,"key":"REST"},{"floor":41,"key":"REST"},{"floor":44,"key":"REST"},{"data":"Capacitor","floor":49,"key":"SMITH"}],"neow_cost":"NONE","seed_source_timestamp":0,"circlet_count":0,"master_deck":["Strike_B","Strike_B","Strike_B","Defend_B","Zap+1","Dualcast+1","Glacier","Redo+1","Coolheaded","White Noise+1","Consume","Rebound","Blizzard+1","Machine Learning","Coolheaded+1","Coolheaded+1","Turbo+1","Defragment","Seek+1","Capacitor+1","Double Energy+1","Steam Power+1","White Noise+1","Hologram+1","Panache","Cold Snap","BootSequence+1","Consume+1","Writhe"],"special_seed":0,"relics":["Cracked Core","Strawberry","Dead Branch","Toxic Egg 2","Cursed Key","SsserpentHead","Blue Candle","Letter Opener","Red Mask","Orrery","Ice Cream","Strange Spoon","Pear","War Paint","Anchor"],"potions_floor_usage":[33,50,50,50],"damage_taken":[{"damage":8.0,"enemies":"Jaw Worm","floor":1.0,"turns":3.0},{"damage":1.0,"enemies":"Cultist","floor":3.0,"turns":4.0},{"damage":0.0,"enemies":"2 Louse","floor":4.0,"turns":4.0},{"damage":6.0,"enemies":"Lots of Slimes","floor":5.0,"turns":5.0},{"damage":4.0,"enemies":"3 Sentries","floor":6.0,"turns":11.0},{"damage":0.0,"enemies":"2 Fungi Beasts","floor":8.0,"turns":5.0},{"damage":3.0,"enemies":"Looter","floor":11.0,"turns":5.0},{"damage":0.0,"enemies":"Exordium Thugs","floor":13.0,"turns":6.0},{"damage":41.0,"enemies":"The Guardian","floor":16.0,"turns":14.0},{"damage":32.0,"enemies":"2 Thieves","floor":18.0,"turns":4.0},{"damage":22.0,"enemies":"3 Byrds","floor":21.0,"turns":4.0},{"damage":0.0,"enemies":"3 Cultists","floor":22.0,"turns":4.0},{"damage":10.0,"enemies":"Snake Plant","floor":24.0,"turns":5.0},{"damage":38.0,"enemies":"Slavers","floor":27.0,"turns":6.0},{"damage":1.0,"enemies":"Centurion and Healer","floor":30.0,"turns":6.0},{"damage":5.0,"floor":31.0,"turns":4.0},{"damage":47,"enemies":"Automaton","floor":33,"turns":16},{"damage":40,"enemies":"3 Darklings","floor":35,"turns":6},{"damage":23,"floor":37,"turns":11},{"damage":7,"enemies":"Orb Walker","floor":39,"turns":4},{"damage":0,"enemies":"Spire Growth","floor":46,"turns":5},{"damage":1,"enemies":"Maw","floor":48,"turns":7},{"damage":13,"enemies":"Donu and Deca","floor":50,"turns":8}],"seed_played":"-787437625420322809","potions_obtained":[{"floor":4.0,"key":"PowerPotion"},{"floor":5.0,"key":"GamblersBrew"},{"floor":8.0,"key":"Ancient Potion"},{"floor":22.0,"key":"SteroidPotion"},{"floor":30.0,"key":"Swift Potion"},{"floor":37,"key":"Dexterity Potion"}],"is_trial":false,"path_per_floor":["M","?","M","M","M","E","?","M","T","?","M","$","M","$","R","B",null,"M","$","?","M","M","R","M","R","T","E","?","?","M","?","R","B",null,"M","?","?","$","M","?","R","?","T","R","$","M","T","M","R","B"],"character_chosen":"DEFECT","items_purchased":["Blizzard","Strange Spoon","Cold Snap","War Paint","BootSequence+1","Energy Potion"],"campfire_rested":4,"item_purchase_floors":[12,38,45,45,45,45],"current_hp_per_floor":[67,71,70,70,64,60,60,60,60,60,57,57,57,57,57,16,82,50,50,50,28,28,52,42,42,42,4,31,31,37,32,56,9,82,42,42,19,19,12,12,36,36,46,73,73,73,73,72,72,59],"gold":274,"neow_bonus":"REMOVE_CARD","is_prod":false,"is_daily":false,"chose_seed":false,"campfire_upgraded":3,"win_rate":0,"timestamp":1532040149,"path_taken":["M","?","M","M","?","E","?","M","T","?","M","?","?","$","R","BOSS","M","$","?","M","M","R","M","R","T","E","?","?","M","?","R","BOSS","M","?","?","$","M","?","R","?","T","R","$","M","?","M","R","BOSS"],"build_version":"2018-07-12","purchased_purges":4,"victory":true,"max_hp_per_floor":[75,82,82,82,82,82,82,82,82,82,82,82,82,82,82,82,82,82,82,82,82,82,82,82,82,82,82,82,82,82,82,82,82,82,82,82,82,82,82,82,82,82,92,92,92,92,92,92,92,92],"card_choices":[{"not_picked":["Compile Driver","Stack"],"picked":"Glacier","floor":1.0},{"not_picked":["Barrage","Gash"],"picked":"Redo","floor":3.0},{"not_picked":["Beam Cell","Leap"],"picked":"Coolheaded","floor":4.0},{"not_picked":["Storm","Go for the Eyes"],"picked":"White Noise","floor":5.0},{"not_picked":["Gash","Beam Cell"],"picked":"Consume","floor":6.0},{"not_picked":["Ball Lightning","Steam","Turbo"],"picked":"SKIP","floor":8.0},{"not_picked":["Stack+1","Conserve Battery+1"],"picked":"Rebound","floor":11.0},{"not_picked":["Stack+1","Storm"],"picked":"Cold Snap","floor":13.0},{"not_picked":["Rainbow+1","Meteor Strike"],"picked":"Machine Learning","floor":16.0},{"not_picked":["Sweeping Beam","Stack+1"],"picked":"Coolheaded+1","floor":18.0},{"not_picked":["Cold Snap","Chaos+1"],"picked":"Coolheaded+1","floor":21.0},{"not_picked":["Streamline","Stack+1","Storm"],"picked":"SKIP","floor":22.0},{"not_picked":["Streamline","Stack+1","Storm"],"picked":"SKIP","floor":22.0},{"not_picked":["Gash","Recycle+1","Streamline"],"picked":"SKIP","floor":24.0},{"not_picked":["Leap+1","BootSequence+1"],"picked":"Turbo+1","floor":27.0},{"not_picked":["Conserve Battery+1","Barrage","Loop"],"picked":"SKIP","floor":30.0},{"not_picked":["Glacier+1","Heatsinks"],"picked":"Defragment","floor":31.0},{"not_picked":["Rainbow+1","Buffer"],"picked":"Seek+1","floor":33},{"not_picked":["Rebound","Compile Driver"],"picked":"Capacitor","floor":34},{"not_picked":["Gash","Aggregate+1"],"picked":"Double Energy+1","floor":34},{"not_picked":["Compile Driver","Ball Lightning"],"picked":"Steam Power+1","floor":34},{"not_picked":["Sweeping Beam+1","Leap+1","Cold Snap"],"picked":"SKIP","floor":35},{"not_picked":["Static Discharge","Fission+1"],"picked":"White Noise+1","floor":37},{"not_picked":["Ball Lightning","Chaos+1"],"picked":"Hologram+1","floor":39},{"not_picked":["Secret Technique+1","Flash of Steel"],"picked":"Panache","floor":42},{"not_picked":["Beam Cell","Streamline"],"picked":"Consume+1","floor":46},{"not_picked":["Cold Snap+1","Stack+1","Steam+1"],"picked":"SKIP","floor":48}],"player_experience":479232,"relics_obtained":[{"floor":6.0,"key":"Dead Branch"},{"floor":9.0,"key":"Toxic Egg 2"},{"floor":26.0,"key":"Blue Candle"},{"floor":27.0,"key":"Letter Opener"},{"floor":31.0,"key":"Red Mask"},{"floor":37,"key":"Ice Cream"},{"floor":43,"key":"Pear"},{"floor":47,"key":"Anchor"}],"event_choices":[{"event_name":"Scrap Ooze","player_choice":"success","floor":2.0,"damage_taken":3.0},{"event_name":"Upgrade Shrine","player_choice":"Upgraded","floor":7.0,"damage_taken":0.0},{"event_name":"Bonfire Elementals","player_choice":"BASIC","floor":10.0,"damage_taken":0.0},{"event_name":"FaceTrader","player_choice":"Trade","floor":20.0,"damage_taken":0.0},{"event_name":"The Library","player_choice":"Heal","floor":28.0,"damage_taken":0.0},{"event_name":"Ghosts","player_choice":"Ignored","floor":29.0,"damage_taken":0.0},{"event_name":"Masked Bandits","player_choice":"Fought over 356 gold","floor":31.0,"damage_taken":0.0},{"event_name":"Tomb of Lord Red Mask","player_choice":"Wore Mask","floor":36,"damage_taken":0},{"event_name":"MindBloom","player_choice":"Fight","floor":37,"damage_taken":0},{"event_name":"Falling","player_choice":"Removed Attack","floor":40,"damage_taken":0},{"event_name":"SensoryStone","player_choice":"Memory 1","floor":42,"damage_taken":0}],"boss_relics":[{"not_picked":["White Beast Statue","Snecko Eye"],"picked":"Cursed Key"},{"not_picked":["Runic Dome","Runic Pyramid"],"picked":"Orrery"}],"items_purged_floors":[14,19,38,45],"is_endless":false,"potions_floor_spawned":[4,5,8,22,24,30,31,37],"ascension_level":0}