{"gold_per_floor":[119,119,130,49,59,59,78,78,147,147,72,92,107,140,140,243,243,255,255,271,180,180,180,213,213,238,238,251,262,295,306,306,410,410,427,445,456,46,46,78,78,78,105,105,105],"floor_reached":45,"playtime":1475,"items_purged":["Strike_B"],"score":533,"play_id":"41b4e503-fd85-4f06-9b58-b0f1331f97f8","local_time":"20190105225708","is_ascension_mode":false,"campfire_choices":[{"data":"Defragment","floor":6,"key":"SMITH"},{"data":"Lockon","floor":8,"key":"SMITH"},{"data":"Ball Lightning","floor":10,"key":"SMITH"},{"data":"Electrodynamics","floor":15,"key":"SMITH"},{"data":"Static Discharge","floor":23,"key":"SMITH"},{"floor":25,"key":"REST"},{"data":"Zap","floor":27,"key":"SMITH"},{"data":"Thunder Strike","floor":32,"key":"SMITH"},{"floor":44,"key":"REST"}],"neow_cost":"NONE","seed_source_timestamp":858731117921789,"circlet_count":0,"master_deck":["Strike_B","Strike_B","Defend_B","Defend_B","Defend_B","Defend_B","Zap+1","Dualcast","Ball Lightning+1","BootSequence","Defragment+1","Ball Lightning+1","Lockon+1","Self Repair","Barrage","Electrodynamics+1","Thunder Strike+1","Amplify","Lockon","Static Discharge+1","Leap","Leap+1","Redo+1","Auto Shields+1","Ball Lightning+1","Self Repair","Core Surge","Conserve Battery+1","Defragment","Leap"],"relics":["Cracked Core","Omamori","Shuriken","Bag of Preparation","Sozu","MutagenicStrength","Bird Faced Urn","Juzu Bracelet","Smiling Mask","Philosopher\u0027s Stone","Membership Card","Pantograph","Mercury Hourglass","Strawberry"],"potions_floor_usage":[12,14,20],"damage_taken":[{"damage":1,"enemies":"Jaw Worm","floor":1,"turns":3},{"damage":1,"enemies":"Cultist","floor":3,"turns":3},{"damage":1,"enemies":"2 Louse","floor":5,"turns":3},{"damage":3,"enemies":"2 Fungi Beasts","floor":7,"turns":3},{"damage":2,"enemies":"3 Louse","floor":12,"turns":2},{"damage":5,"enemies":"Lots of Slimes","floor":13,"turns":3},{"damage":0,"enemies":"3 Sentries","floor":14,"turns":4},{"damage":17,"enemies":"The Guardian","floor":16,"turns":7},{"damage":2,"enemies":"Shell Parasite","floor":18,"turns":2},{"damage":5,"enemies":"Spheric Guardian","floor":20,"turns":3},{"damage":24,"enemies":"Slavers","floor":24,"turns":3},{"damage":12,"enemies":"Snake Plant","floor":28,"turns":3},{"damage":2,"enemies":"Centurion and Healer","floor":29,"turns":2},{"damage":0,"enemies":"Gremlin Leader","floor":30,"turns":4},{"damage":0,"enemies":"Sentry and Sphere","floor":31,"turns":2},{"damage":52,"enemies":"Champ","floor":33,"turns":7},{"damage":2,"enemies":"Orb Walker","floor":35,"turns":3},{"damage":0,"enemies":"3 Shapes","floor":36,"turns":2},{"damage":40,"enemies":"Writhing Mass","floor":37,"turns":3},{"damage":50,"enemies":"Nemesis","floor":40,"turns":9},{"damage":78,"enemies":"Reptomancer","floor":45,"turns":5}],"seed_played":"-7098333272783610583","potions_obtained":[{"floor":7,"key":"Explosive Potion"},{"floor":12,"key":"Block Potion"},{"floor":13,"key":"Block Potion"}],"is_trial":false,"path_per_floor":["M","?","M","$","M","R","M","R","T","R","$","M","M","E","R","B",null,"M","?","M","$","?","R","E","R","T","R","M","M","E","M","R","B",null,"M","M","M","$","?","E","?","?","T","R","E"],"character_chosen":"DEFECT","items_purchased":["Defragment","Self Repair","Static Discharge","Leap","Membership Card","Pantograph","Defragment"],"campfire_rested":2,"item_purchase_floors":[4,11,21,21,38,38,38],"current_hp_per_floor":[74,74,73,73,72,72,69,69,69,69,69,74,69,75,75,65,75,73,73,75,75,75,75,51,73,73,73,72,74,75,75,75,36,75,73,75,46,46,46,31,31,31,38,62,0],"gold":105,"neow_bonus":"RANDOM_COMMON_RELIC","is_prod":false,"is_daily":false,"chose_seed":false,"campfire_upgraded":7,"win_rate":0.0,"timestamp":1546725428,"path_taken":["M","?","M","$","?","R","M","R","T","R","$","M","?","E","R","BOSS","M","?","M","$","?","R","E","R","T","R","M","M","E","M","R","BOSS","M","M","M","$","?","E","?","?","T","R","E"],"build_version":"2019-01-03v4","purchased_purges":1,"victory":false,"max_hp_per_floor":[75,75,75,75,75,75,75,75,75,75,75,75,75,75,75,75,75,75,75,75,75,75,75,75,75,75,75,75,75,75,75,75,75,75,75,75,75,75,75,75,75,75,82,82,82],"card_choices":[{"not_picked":["BootSequence","Steam"],"picked":"Ball Lightning","floor":1},{"not_picked":["Go for the Eyes","Cold Snap"],"picked":"BootSequence","floor":3},{"not_picked":["Steam","Reprogram"],"picked":"Ball Lightning","floor":5},{"not_picked":["Barrage","Self Repair"],"picked":"Lockon","floor":7},{"not_picked":["Stack","Coolheaded"],"picked":"Barrage","floor":12},{"not_picked":["Reprogram","Turbo"],"picked":"Electrodynamics","floor":13},{"not_picked":["Leap","Ball Lightning"],"picked":"Thunder Strike","floor":14},{"not_picked":["Fission","Reboot"],"picked":"Amplify","floor":16},{"not_picked":["Aggregate","Beam Cell"],"picked":"Lockon","floor":18},{"not_picked":["Turbo","White Noise"],"picked":"Ball Lightning","floor":20},{"not_picked":["Auto Shields","Hologram"],"picked":"Leap+1","floor":24},{"not_picked":["Ball Lightning","Sweeping Beam+1"],"picked":"Redo+1","floor":28},{"not_picked":["Hologram","Go for the Eyes"],"picked":"Auto Shields+1","floor":29},{"not_picked":["Buffer","Beam Cell"],"picked":"Ball Lightning+1","floor":30},{"not_picked":["Go for the Eyes","Steam"],"picked":"Self Repair","floor":31},{"not_picked":["Fission","Electrodynamics"],"picked":"Core Surge","floor":33},{"not_picked":["Consume+1","Sweeping Beam"],"picked":"Conserve Battery+1","floor":35},{"not_picked":["Turbo","Compile Driver+1","Barrage"],"picked":"SKIP","floor":36},{"not_picked":["Coolheaded","Melter+1","Sweeping Beam"],"picked":"SKIP","floor":37},{"not_picked":["Fusion+1","Recycle+1"],"picked":"Leap","floor":40}],"player_experience":381115,"relics_obtained":[{"floor":9,"key":"Shuriken"},{"floor":14,"key":"Bag of Preparation"},{"floor":24,"key":"Bird Faced Urn"},{"floor":26,"key":"Juzu Bracelet"},{"floor":30,"key":"Smiling Mask"},{"floor":40,"key":"Mercury Hourglass"},{"floor":43,"key":"Strawberry"}],"event_choices":[{"damage_healed":0,"gold_gain":0,"player_choice":"Upgraded","damage_taken":0,"max_hp_gain":0,"max_hp_loss":0,"event_name":"Upgrade Shrine","floor":2,"gold_loss":0,"cards_upgraded":["Ball Lightning"]},{"damage_healed":0,"gold_gain":0,"player_choice":"Ignored","damage_taken":0,"max_hp_gain":0,"max_hp_loss":0,"event_name":"Beggar","floor":19,"gold_loss":0},{"damage_healed":0,"gold_gain":0,"player_choice":"Inject Mutagens","damage_taken":0,"relics_obtained":["MutagenicStrength"],"max_hp_gain":0,"max_hp_loss":0,"event_name":"Drug Dealer","floor":22,"gold_loss":0},{"cards_removed":["Strike_B"],"damage_healed":0,"gold_gain":0,"player_choice":"Purged","damage_taken":0,"max_hp_gain":0,"max_hp_loss":0,"event_name":"Purifier","floor":39,"gold_loss":0},{"damage_healed":0,"gold_gain":0,"player_choice":"Ignored","damage_taken":0,"max_hp_gain":0,"max_hp_loss":0,"event_name":"Mysterious Sphere","floor":41,"gold_loss":0},{"cards_removed":["Ball Lightning"],"damage_healed":0,"gold_gain":0,"player_choice":"Removed Attack","damage_taken":0,"max_hp_gain":0,"max_hp_loss":0,"event_name":"Falling","floor":42,"gold_loss":0}],"is_beta":false,"boss_relics":[{"not_picked":["Runic Dome","FrozenCore"],"picked":"Sozu"},{"not_picked":["Pandora\u0027s Box","Black Star"],"picked":"Philosopher\u0027s Stone"}],"items_purged_floors":[38],"is_endless":false,"potions_floor_spawned":[7,12,13,28,29,30,33,35,40],"killed_by":"Reptomancer","ascension_level":0}