{"gold_per_floor":[112,129,129,149,164,191,205,223,223,67,84,119,136,161,161,257,257,277,297,314,314,67,99,114,114,165,199,209,209],"floor_reached":29,"playtime":1274,"items_purged":["Strike_G","Strike_G"],"score":378,"play_id":"c90d546d-bfda-4ea3-85ec-eac2385a7917","local_time":"20190202000545","is_ascension_mode":true,"campfire_choices":[{"data":"Footwork","floor":15.0,"key":"SMITH"},{"floor":25.0,"key":"REST"}],"neow_cost":"NONE","seed_source_timestamp":439654239032570,"circlet_count":0,"master_deck":["Defend_G","Defend_G","Defend_G","Defend_G","Strike_G","Strike_G","Strike_G","Survivor","Neutralize","Noxious Fumes+1","Footwork+1","Blur","Deflect","Footwork","Deadly Poison","Corpse Explosion","After Image","Leg Sweep+1","Distraction+1"],"special_seed":0,"relics":["Ring of the Snake","Du-Vu Doll","Kunai","Meat on the Bone","Pen Nib","Fusion Hammer","Blood Vial","Tough Bandages","Oddly Smooth Stone","Pear"],"potions_floor_usage":[29],"damage_taken":[{"damage":3.0,"enemies":"2 Louse","floor":1.0,"turns":2.0},{"damage":5.0,"enemies":"Cultist","floor":2.0,"turns":5.0},{"damage":2.0,"enemies":"Small Slimes","floor":4.0,"turns":4.0},{"damage":0.0,"enemies":"Looter","floor":5.0,"turns":5.0},{"damage":16.0,"enemies":"3 Sentries","floor":6.0,"turns":6.0},{"damage":0.0,"enemies":"Blue Slaver","floor":7.0,"turns":5.0},{"damage":12.0,"enemies":"3 Louse","floor":8.0,"turns":4.0},{"damage":0.0,"enemies":"2 Fungi Beasts","floor":11.0,"turns":5.0},{"damage":2.0,"enemies":"Lagavulin","floor":12.0,"turns":7.0},{"damage":0.0,"enemies":"Exordium Thugs","floor":13.0,"turns":5.0},{"damage":7.0,"enemies":"3 Sentries","floor":14.0,"turns":5.0},{"damage":20.0,"enemies":"The Guardian","floor":16.0,"turns":9.0},{"damage":0.0,"enemies":"Shell Parasite","floor":18.0,"turns":6.0},{"damage":0.0,"enemies":"Chosen","floor":19.0,"turns":6.0},{"damage":1.0,"enemies":"Snake Plant","floor":20.0,"turns":6.0},{"damage":17.0,"enemies":"Book of Stabbing","floor":23.0,"turns":7.0},{"damage":0.0,"enemies":"Snecko","floor":24.0,"turns":8.0},{"damage":30,"enemies":"Gremlin Leader","floor":27,"turns":8},{"damage":4,"enemies":"3 Cultists","floor":28,"turns":4},{"damage":50,"enemies":"Cultist and Chosen","floor":29,"turns":5}],"seed_played":"2661017863344749175","potions_obtained":[{"floor":1.0,"key":"LiquidBronze"},{"floor":5.0,"key":"Explosive Potion"},{"floor":6.0,"key":"SpeedPotion"},{"floor":11.0,"key":"Explosive Potion"},{"floor":19.0,"key":"EssenceOfSteel"},{"floor":21.0,"key":"SteroidPotion"},{"floor":21.0,"key":"Block Potion"}],"is_trial":false,"path_per_floor":["M","M","?","M","M","E","M","M","T","$","M","E","M","E","R","B",null,"M","M","M","?","$","E","M","R","T","E","M","M"],"character_chosen":"THE_SILENT","items_purchased":["Footwork","Blood Vial"],"campfire_rested":1,"item_purchase_floors":[10,22],"current_hp_per_floor":[60,55,55,53,53,37,37,25,25,25,25,23,35,40,40,32,61,61,61,60,60,60,45,47,68,68,50,48,0],"gold":209,"neow_bonus":"REMOVE_CARD","is_prod":false,"is_daily":false,"chose_seed":false,"campfire_upgraded":1,"win_rate":0,"timestamp":1549087545,"path_taken":["M","M","?","M","M","E","M","M","T","$","M","E","?","E","R","BOSS","M","M","M","?","$","E","M","R","T","E","M","?"],"build_version":"2019-01-23","purchased_purges":2,"victory":false,"max_hp_per_floor":[70,70,70,70,70,70,70,70,70,70,70,70,70,70,70,70,70,70,70,70,70,70,70,70,70,70,80,80,80],"card_choices":[{"not_picked":["Prepared","Dagger Throw"],"picked":"Noxious Fumes","floor":1.0},{"not_picked":["Underhanded Strike","Dagger Spray","Dagger Throw"],"picked":"SKIP","floor":2.0},{"not_picked":["Quick Slash","Cloak And Dagger"],"picked":"Footwork","floor":4.0},{"not_picked":["Blade Dance","Bullet Time","Dagger Spray"],"picked":"SKIP","floor":5.0},{"not_picked":["Dagger Spray","Dagger Throw","Skewer"],"picked":"SKIP","floor":6.0},{"not_picked":["Flying Knee","Quick Slash"],"picked":"Blur","floor":7.0},{"not_picked":["Outmaneuver","Blade Dance"],"picked":"Deflect","floor":8.0},{"not_picked":["Crippling Poison","Slice"],"picked":"Deadly Poison","floor":11.0},{"not_picked":["Infinite Blades","Sucker Punch","Poisoned Stab"],"picked":"SKIP","floor":12.0},{"not_picked":["Slice","Tactician"],"picked":"Corpse Explosion","floor":13.0},{"not_picked":["Bane","Distraction","Poisoned Stab"],"picked":"SKIP","floor":14.0},{"not_picked":["A Thousand Cuts","Venomology"],"picked":"After Image","floor":16.0},{"not_picked":["Eviscerate+1","Blade Dance","Setup"],"picked":"SKIP","floor":18.0},{"not_picked":["Dash+1","PiercingWail"],"picked":"Leg Sweep+1","floor":19.0},{"not_picked":["Sucker Punch","Riddle With Holes","Quick Slash"],"picked":"SKIP","floor":20.0},{"not_picked":["Outmaneuver","Terror","Choke+1"],"picked":"SKIP","floor":23.0},{"not_picked":["Predator","Dagger Throw+1","Accuracy"],"picked":"SKIP","floor":24.0},{"not_picked":["Terror","Slice+1"],"picked":"Distraction+1","floor":27},{"not_picked":["Crippling Poison+1","Tactician","Underhanded Strike"],"picked":"SKIP","floor":28}],"player_experience":306241,"relics_obtained":[{"floor":6.0,"key":"Du-Vu Doll"},{"floor":9.0,"key":"Kunai"},{"floor":12.0,"key":"Meat on the Bone"},{"floor":14.0,"key":"Pen Nib"},{"floor":23.0,"key":"Tough Bandages"},{"floor":26.0,"key":"Oddly Smooth Stone"},{"floor":27,"key":"Pear"}],"event_choices":[{"damage_healed":0.0,"max_hp_gain":0.0,"max_hp_loss":0.0,"gold_gain":0.0,"event_name":"Accursed Blacksmith","player_choice":"Forge","floor":3.0,"gold_loss":0.0,"damage_taken":0.0,"cards_upgraded":["Noxious Fumes"]},{"damage_healed":0.0,"max_hp_gain":0.0,"max_hp_loss":0.0,"gold_gain":0.0,"event_name":"Lab","player_choice":"Got Potions","floor":21.0,"gold_loss":0.0,"damage_taken":0.0}],"is_beta":false,"boss_relics":[{"not_picked":["Astrolabe","Pandora\u0027s Box"],"picked":"Fusion Hammer"}],"items_purged_floors":[10,22],"is_endless":false,"potions_floor_spawned":[1,5,6,11,13,14,19,24,27,28],"killed_by":"Cultist and Chosen","ascension_level":6}