{"gold_per_floor":[110,60,60,73,73,107,137,137,164,179,192,207,207,241,241,341,341,351,370,388,163,263,295,295,41,41,69,69,69,103,103,103,203,203,219,68,88,104,104,104,130,130,156,156,166,166,166,16,16,16],"floor_reached":50,"playtime":3265,"items_purged":["Defend_R","Strike_R","Shrug It Off","Strike_R"],"score":708,"play_id":"8c0c0a06-1ca7-4780-abd3-4543d6600e71","local_time":"20181230005905","is_ascension_mode":true,"campfire_choices":[{"data":"Pommel Strike","floor":8,"key":"SMITH"},{"data":"Pommel Strike","floor":13,"key":"SMITH"},{"data":"Pommel Strike","floor":15,"key":"SMITH"},{"floor":24,"key":"REST"},{"data":"True Grit","floor":32,"key":"SMITH"},{"data":"Bash","floor":40,"key":"SMITH"},{"data":"Anger","floor":42,"key":"SMITH"},{"data":"Anger","floor":44,"key":"SMITH"},{"data":"Anger","floor":47,"key":"SMITH"},{"floor":49,"key":"RECALL"}],"neow_cost":"NONE","seed_source_timestamp":697287300299100,"circlet_count":0,"master_deck":["Strike_R","Strike_R","Defend_R+1","Defend_R+1","Bash+1","Pommel Strike+1","Anger+1","Pommel Strike+1","Anger+1","Pommel Strike+1","Cleave","Clash+1","Cleave+1","True Grit+1","Anger+1","Clash"],"relics":["Burning Blood","NeowsBlessing","Orichalcum","WingedGreaves","Magic Flower","Blood Vial","Centennial Puzzle","Orrery","War Paint","Incense Burner","Shuriken","Dream Catcher","Whetstone","Nunchaku","Thread and Needle","MutagenicStrength","Art of War","White Beast Statue","Bronze Scales"],"potions_floor_usage":[16,20,30,33,33,38,50],"damage_taken":[{"damage":0,"enemies":"Cultist","floor":1,"turns":1},{"damage":0,"enemies":"2 Louse","floor":4,"turns":1},{"damage":0,"enemies":"3 Sentries","floor":6,"turns":1},{"damage":25,"enemies":"Lagavulin","floor":7,"turns":6},{"damage":6,"enemies":"Jaw Worm","floor":10,"turns":2},{"damage":0,"enemies":"3 Louse","floor":11,"turns":3},{"damage":7,"enemies":"Exordium Wildlife","floor":12,"turns":3},{"damage":0,"enemies":"Gremlin Nob","floor":14,"turns":3},{"damage":39,"enemies":"Hexaghost","floor":16,"turns":9},{"damage":12,"enemies":"Shell Parasite","floor":18,"turns":3},{"damage":19,"enemies":"Spheric Guardian","floor":19,"turns":4},{"damage":18,"enemies":"Chosen and Byrds","floor":20,"turns":5},{"damage":19,"enemies":"Colosseum Slavers","floor":22,"turns":3},{"damage":30,"enemies":"Colosseum Nobs","floor":22,"turns":5},{"damage":33,"enemies":"Book of Stabbing","floor":23,"turns":4},{"damage":20,"enemies":"Slavers","floor":27,"turns":5},{"damage":0,"enemies":"Gremlin Leader","floor":30,"turns":5},{"damage":2,"enemies":"Automaton","floor":33,"turns":6},{"damage":18,"enemies":"3 Darklings","floor":35,"turns":4},{"damage":0,"enemies":"3 Shapes","floor":37,"turns":4},{"damage":50,"enemies":"Writhing Mass","floor":38,"turns":5},{"damage":0,"enemies":"Reptomancer","floor":41,"turns":4},{"damage":13,"enemies":"4 Shapes","floor":45,"turns":2},{"damage":82,"enemies":"Awakened One","floor":50,"turns":8}],"seed_played":"-2826064071286268637","potions_obtained":[{"floor":4,"key":"Dexterity Potion"},{"floor":7,"key":"Explosive Potion"},{"floor":11,"key":"EssenceOfSteel"},{"floor":19,"key":"Fire Potion"},{"floor":22,"key":"LiquidBronze"},{"floor":23,"key":"SteroidPotion"},{"floor":30,"key":"SkillPotion"},{"floor":35,"key":"SkillPotion"},{"floor":37,"key":"Energy Potion"},{"floor":38,"key":"Strength Potion"},{"floor":41,"key":"FairyPotion"},{"floor":45,"key":"GamblersBrew"}],"is_trial":false,"path_per_floor":["M","?","?","M","$","E","E","R","T","M","M","M","R","E","R","B",null,"M","M","M","$","?","E","R","$","T","E","?","$","E","?","R","B",null,"M","$","M","M","$","R","E","R","T","R","M","?","R","$","R","B"],"character_chosen":"IRONCLAD","items_purchased":["War Paint","Whetstone","Clash"],"campfire_rested":1,"item_purchase_floors":[21,25,36],"current_hp_per_floor":[80,80,77,80,80,80,61,61,61,67,79,80,80,80,80,50,80,77,70,64,64,39,18,42,42,42,34,34,34,46,46,46,56,80,71,71,80,39,39,39,51,51,51,51,50,50,50,50,50,0],"gold":16,"neow_bonus":"THREE_ENEMY_KILL","is_prod":false,"is_daily":false,"chose_seed":false,"campfire_upgraded":8,"win_rate":0,"timestamp":1546144145,"path_taken":["M","?","?","M","$","E","E","R","T","?","M","M","R","E","R","BOSS","M","M","M","$","?","E","R","$","T","E","?","?","E","?","R","BOSS","M","$","M","M","?","R","E","R","T","R","?","?","R","$","R","BOSS"],"build_version":"2018-12-20","purchased_purges":4,"victory":false,"max_hp_per_floor":[80,80,80,80,80,80,80,80,80,80,80,80,80,80,80,80,80,80,80,80,80,80,80,80,80,80,80,80,80,80,80,80,80,80,80,80,80,80,80,80,80,80,80,80,80,80,80,80,80,80],"card_choices":[{"not_picked":["Thunderclap","Infernal Blade"],"picked":"Pommel Strike","floor":1},{"not_picked":["Disarm","Second Wind"],"picked":"Anger","floor":4},{"not_picked":["True Grit","Headbutt"],"picked":"Pommel Strike","floor":6},{"not_picked":["Spot Weakness","Reckless Charge"],"picked":"Anger","floor":7},{"not_picked":["Thunderclap","Armaments"],"picked":"Pommel Strike","floor":10},{"not_picked":["Second Wind","Iron Wave","Armaments"],"picked":"SKIP","floor":11},{"not_picked":["Pummel","Exhume"],"picked":"Shrug It Off","floor":12},{"not_picked":["Rampage","Iron Wave"],"picked":"Cleave","floor":14},{"not_picked":["Twin Strike","Reckless Charge"],"picked":"Clash","floor":17},{"not_picked":["Thunderclap","Corruption"],"picked":"Cleave","floor":17},{"not_picked":["Clothesline+1","Second Wind","Exhume"],"picked":"SKIP","floor":18},{"not_picked":["Flex","Heavy Blade"],"picked":"True Grit","floor":19},{"not_picked":["Infernal Blade","True Grit"],"picked":"Anger","floor":20},{"not_picked":["Cleave","Sword Boomerang","Shrug It Off"],"picked":"SKIP","floor":23},{"not_picked":["Wild Strike","Armaments+1","Cleave"],"picked":"SKIP","floor":27},{"not_picked":["Disarm","Searing Blow+1","Power Through"],"picked":"SKIP","floor":30},{"not_picked":["Clothesline+1","Armaments","Carnage+1"],"picked":"SKIP","floor":35},{"not_picked":["Body Slam","Pummel","Armaments"],"picked":"SKIP","floor":37},{"not_picked":["Headbutt+1","Battle Trance","Shockwave"],"picked":"SKIP","floor":38},{"not_picked":["Flame Barrier","Sentinel"],"picked":"Warcry+1","floor":41},{"not_picked":["Sword Boomerang","Anger","Havoc"],"picked":"SKIP","floor":45}],"player_experience":116046,"relics_obtained":[{"floor":6,"key":"WingedGreaves"},{"floor":7,"key":"Magic Flower"},{"floor":9,"key":"Blood Vial"},{"floor":14,"key":"Centennial Puzzle"},{"floor":22,"key":"Incense Burner"},{"floor":22,"key":"Shuriken"},{"floor":23,"key":"Dream Catcher"},{"floor":26,"key":"Nunchaku"},{"floor":27,"key":"Thread and Needle"},{"floor":30,"key":"Art of War"},{"floor":41,"key":"Bronze Scales"}],"event_choices":[{"cards_removed":["Strike_R"],"damage_healed":0,"gold_gain":0,"player_choice":"Card Removal","damage_taken":0,"max_hp_gain":0,"max_hp_loss":0,"event_name":"The Cleric","floor":2,"gold_loss":50},{"damage_healed":0,"gold_gain":0,"player_choice":"Success","damage_taken":3,"relics_obtained":["Orichalcum"],"max_hp_gain":0,"max_hp_loss":0,"event_name":"Scrap Ooze","floor":3,"gold_loss":0},{"damage_healed":0,"gold_gain":0,"player_choice":"Fight","damage_taken":0,"max_hp_gain":0,"max_hp_loss":0,"event_name":"Colosseum","floor":22,"gold_loss":0},{"damage_healed":0,"gold_gain":0,"player_choice":"Fought Nobs","damage_taken":0,"max_hp_gain":0,"max_hp_loss":0,"event_name":"Colosseum","floor":22,"gold_loss":0},{"damage_healed":0,"gold_gain":0,"player_choice":"Inject Mutagens","damage_taken":0,"relics_obtained":["MutagenicStrength"],"max_hp_gain":0,"max_hp_loss":0,"event_name":"Drug Dealer","floor":28,"gold_loss":0},{"cards_removed":["Defend_R"],"damage_healed":0,"gold_gain":0,"player_choice":"Purged","damage_taken":0,"max_hp_gain":0,"max_hp_loss":0,"event_name":"Purifier","floor":31,"gold_loss":0},{"cards_removed":["Warcry"],"damage_healed":0,"gold_gain":0,"player_choice":"Removed Skill","damage_taken":0,"max_hp_gain":0,"max_hp_loss":0,"event_name":"Falling","floor":46,"gold_loss":0}],"is_beta":false,"boss_relics":[{"not_picked":["Snecko Eye","Runic Dome"],"picked":"Orrery"},{"not_picked":["Velvet Choker","Astrolabe"],"picked":"White Beast Statue"}],"items_purged_floors":[21,25,36,48],"is_endless":false,"potions_floor_spawned":[4,7,11,12,19,22,22,23,30,35,37,38,41,45],"killed_by":"Awakened One","ascension_level":2}