{"gold_per_floor":[112,77,91,101,101,101,133,133,160,171,171,206,206,285,285,285],"floor_reached":16,"playtime":583,"items_purged":[],"score":157,"play_id":"5b6f58eb-81b6-4555-8a18-85c0585a9144","local_time":"20190126172453","is_ascension_mode":true,"campfire_choices":[{"data":"Bash","floor":6,"key":"SMITH"},{"data":"Clothesline","floor":11,"key":"SMITH"},{"data":"Uppercut","floor":13,"key":"SMITH"},{"data":"Thunderclap","floor":15,"key":"SMITH"}],"neow_cost":"NONE","seed_source_timestamp":161790677907200,"circlet_count":0,"master_deck":["Strike_R","Strike_R","Strike_R","Strike_R+1","Strike_R","Defend_R","Defend_R","Defend_R+1","Defend_R","Bash+1","Blind+1","Thunderclap+1","Disarm","Clothesline+1","Iron Wave+1","Combust","Uppercut+1"],"relics":["Burning Blood","Bronze Scales","Whetstone","Blue Candle"],"potions_floor_usage":[7,16],"damage_taken":[{"damage":15,"enemies":"Small Slimes","floor":1,"turns":3},{"damage":4,"enemies":"Jaw Worm","floor":3,"turns":4},{"damage":8,"enemies":"2 Louse","floor":4,"turns":3},{"damage":26,"enemies":"3 Sentries","floor":7,"turns":10},{"damage":4,"enemies":"2 Fungi Beasts","floor":10,"turns":3},{"damage":18,"enemies":"Gremlin Nob","floor":12,"turns":4},{"damage":23,"enemies":"Slime Boss","floor":16,"turns":5}],"seed_played":"-1196369239043731111","potions_obtained":[{"floor":3,"key":"Dexterity Potion"},{"floor":4,"key":"FearPotion"},{"floor":12,"key":"Explosive Potion"}],"is_trial":false,"path_per_floor":["M","$","M","M","?","R","E","?","T","M","R","E","R","T","R","B"],"character_chosen":"IRONCLAD","items_purchased":["Disarm"],"campfire_rested":0,"item_purchase_floors":[2],"current_hp_per_floor":[63,63,65,63,68,68,48,31,31,33,33,21,21,21,21,0],"gold":285,"neow_bonus":"RANDOM_COLORLESS","is_prod":false,"is_daily":false,"chose_seed":false,"campfire_upgraded":4,"win_rate":0,"timestamp":1548523493,"path_taken":["M","$","M","M","?","R","E","?","T","?","R","E","R","?","R","BOSS"],"build_version":"2019-01-23","purchased_purges":0,"victory":false,"max_hp_per_floor":[80,80,80,80,85,85,85,85,85,85,85,85,85,85,85,85],"card_choices":[{"not_picked":["Clash","Headbutt"],"picked":"Thunderclap","floor":1},{"not_picked":["Infernal Blade","Pummel"],"picked":"Clothesline","floor":3},{"not_picked":["Clash","Sentinel"],"picked":"Iron Wave","floor":4},{"not_picked":["Sword Boomerang","Wild Strike"],"picked":"Combust","floor":7},{"not_picked":["Heavy Blade","Thunderclap","Feel No Pain"],"picked":"SKIP","floor":10},{"not_picked":["Heavy Blade","Thunderclap","Feel No Pain"],"picked":"SKIP","floor":10},{"not_picked":["Headbutt","Thunderclap"],"picked":"Uppercut","floor":12}],"player_experience":173204,"relics_obtained":[{"floor":7,"key":"Bronze Scales"},{"floor":9,"key":"Whetstone"},{"floor":12,"key":"Blue Candle"}],"event_choices":[{"damage_healed":0,"gold_gain":0,"player_choice":"Donut","damage_taken":0,"max_hp_gain":5,"max_hp_loss":0,"event_name":"Big Fish","floor":5,"gold_loss":0},{"damage_healed":0,"gold_gain":0,"player_choice":"Entered Light","damage_taken":17,"max_hp_gain":0,"max_hp_loss":0,"event_name":"Shining Light","floor":8,"gold_loss":0,"cards_upgraded":["Defend_R","Blind"]}],"is_beta":false,"boss_relics":[],"items_purged_floors":[],"is_endless":false,"potions_floor_spawned":[3,4,12],"killed_by":"Slime Boss","ascension_level":9}