{"gold_per_floor":[112,112,37,137,161,202,202,202,202,221,252,252,252,116,116,246,246,262,35,48,147,147,185,185,185],"floor_reached":25,"playtime":1415,"items_purged":["Strike_B","Defend_B"],"score":275,"play_id":"0e2c11e9-b127-41ca-b2f0-f4f6b5e19819","local_time":"20190112120613","is_ascension_mode":true,"campfire_choices":[{"data":"White Noise","floor":8,"key":"SMITH"},{"floor":13,"key":"REST"},{"data":"Zap","floor":15,"key":"SMITH"},{"data":"Force Field","floor":24,"key":"SMITH"}],"neow_cost":"NONE","seed_source_timestamp":132969624078813,"circlet_count":0,"master_deck":["Strike_B+1","Strike_B+1","Defend_B","Defend_B","Zap+1","Dualcast","Beam Cell","White Noise+1","Conserve Battery","Self Repair","FTL","Force Field+1","Cold Snap+1"],"relics":["Cracked Core","NeowsBlessing","Golden Idol","Mummified Hand","Whetstone","Cables","Black Star","Membership Card","Question Card","Juzu Bracelet"],"potions_floor_usage":[11,20,23,23,25,25],"damage_taken":[{"damage":0,"enemies":"Cultist","floor":1,"turns":1},{"damage":0,"enemies":"Jaw Worm","floor":5,"turns":1},{"damage":0,"enemies":"3 Sentries","floor":6,"turns":2},{"damage":0,"enemies":"Small Slimes","floor":10,"turns":1},{"damage":17,"enemies":"Gremlin Nob","floor":11,"turns":4},{"damage":29,"enemies":"Slime Boss","floor":16,"turns":9},{"damage":2,"enemies":"Chosen","floor":18,"turns":4},{"damage":11,"enemies":"Shell Parasite","floor":20,"turns":5},{"damage":17,"enemies":"Slavers","floor":23,"turns":8},{"damage":73,"enemies":"Gremlin Leader","floor":25,"turns":9}],"seed_played":"7405598183722056658","potions_obtained":[{"floor":1,"key":"Energy Potion"},{"floor":6,"key":"AttackPotion"},{"floor":16,"key":"Poison Potion"},{"floor":18,"key":"Swift Potion"},{"floor":22,"key":"Energy Potion"},{"floor":23,"key":"SteroidPotion"}],"is_trial":false,"path_per_floor":["M","?","$","?","M","E","?","R","T","M","E","?","R","$","R","B",null,"M","$","M","?","?","E","R","E"],"character_chosen":"DEFECT","items_purchased":["FTL","Membership Card","Force Field"],"campfire_rested":1,"item_purchase_floors":[14,19,19],"current_hp_per_floor":[75,57,57,57,57,57,50,50,50,50,33,33,55,55,55,33,75,75,75,71,71,71,61,61,0],"gold":185,"neow_bonus":"THREE_ENEMY_KILL","is_prod":false,"is_daily":false,"chose_seed":false,"campfire_upgraded":3,"win_rate":0,"timestamp":1547307373,"path_taken":["M","?","$","?","?","E","?","R","T","M","E","?","R","$","R","BOSS","M","$","M","?","?","E","R","E"],"build_version":"2019-01-10","purchased_purges":2,"victory":false,"max_hp_per_floor":[75,75,75,75,75,75,75,75,75,75,75,75,75,75,75,75,75,75,75,75,75,75,75,75,75],"card_choices":[{"not_picked":["Double Energy","Steam"],"picked":"Beam Cell","floor":1},{"not_picked":["Stack","Redo"],"picked":"White Noise","floor":5},{"not_picked":["Stack","Streamline","Rebound"],"picked":"SKIP","floor":6},{"not_picked":["Ball Lightning","Compile Driver"],"picked":"Conserve Battery","floor":10},{"not_picked":["Gash","Darkness"],"picked":"Self Repair","floor":11},{"not_picked":["Leap+1","Scrape","Skim"],"picked":"SKIP","floor":18},{"not_picked":["Hologram","Beam Cell"],"picked":"Cold Snap+1","floor":20},{"not_picked":["Beam Cell","Rebound","Reprogram"],"picked":"SKIP","floor":23}],"player_experience":154551,"relics_obtained":[{"floor":6,"key":"Mummified Hand"},{"floor":9,"key":"Whetstone"},{"floor":11,"key":"Cables"},{"floor":23,"key":"Question Card"},{"floor":23,"key":"Juzu Bracelet"}],"event_choices":[{"damage_healed":0,"gold_gain":0,"player_choice":"Take Damage","damage_taken":18,"relics_obtained":["Golden Idol"],"max_hp_gain":0,"max_hp_loss":0,"event_name":"Golden Idol","floor":2,"gold_loss":0},{"damage_healed":0,"gold_gain":100,"player_choice":"Pray","damage_taken":0,"max_hp_gain":0,"max_hp_loss":0,"event_name":"Golden Shrine","floor":4,"gold_loss":0},{"cards_removed":["Strike_B"],"damage_healed":0,"gold_gain":0,"player_choice":"Card Removal","damage_taken":7,"max_hp_gain":0,"max_hp_loss":0,"event_name":"Golden Wing","floor":7,"gold_loss":0},{"cards_removed":["Defend_B"],"damage_healed":0,"gold_gain":0,"player_choice":"Forget","damage_taken":0,"max_hp_gain":0,"max_hp_loss":0,"event_name":"Living Wall","floor":12,"gold_loss":0},{"damage_healed":0,"gold_gain":99,"player_choice":"Stole From Cult","damage_taken":0,"max_hp_gain":0,"max_hp_loss":0,"event_name":"Nest","floor":21,"gold_loss":0},{"damage_healed":0,"gold_gain":0,"player_choice":"Got Potions","damage_taken":0,"max_hp_gain":0,"max_hp_loss":0,"event_name":"Lab","floor":22,"gold_loss":0}],"is_beta":false,"boss_relics":[{"not_picked":["Cursed Key","Velvet Choker"],"picked":"Black Star"}],"items_purged_floors":[3,14],"is_endless":false,"potions_floor_spawned":[1,6,16,18,23],"killed_by":"Gremlin Leader","ascension_level":2}