{"gold_per_floor":[114,114,129,144,144,170,184,208,208,208,208,10,10,23,23,23],"floor_reached":16,"playtime":763,"items_purged":[],"score":100,"play_id":"f0808050-f22c-41d4-9d51-09f8458f30f0","local_time":"20190119191715","is_ascension_mode":false,"campfire_choices":[{"floor":10,"key":"REST"},{"data":"True Grit","floor":13,"key":"SMITH"},{"data":"Sword Boomerang","floor":15,"key":"SMITH"}],"neow_cost":"NONE","seed_source_timestamp":5352690673109,"circlet_count":0,"master_deck":["Strike_R","Strike_R","Strike_R+1","Strike_R","Strike_R","Defend_R","Defend_R","Defend_R+1","Defend_R","Reaper","Sword Boomerang+1","True Grit+1","Clash","Spot Weakness","Twin Strike"],"relics":["Burning Blood","Darkstone Periapt","Odd Mushroom","Paper Frog","The Courier","Question Card"],"potions_floor_usage":[6,6,8,16,16],"damage_taken":[{"damage":5,"enemies":"Jaw Worm","floor":1,"turns":4},{"damage":9,"enemies":"Small Slimes","floor":3,"turns":5},{"damage":2,"enemies":"2 Louse","floor":4,"turns":4},{"damage":32,"enemies":"Lagavulin","floor":6,"turns":7},{"damage":32,"enemies":"Exordium Thugs","floor":7,"turns":9},{"damage":18,"enemies":"The Mushroom Lair","floor":8,"turns":4},{"damage":6,"enemies":"Blue Slaver","floor":14,"turns":4},{"damage":68,"enemies":"Slime Boss","floor":16,"turns":12}],"seed_played":"7444559764409560748","potions_obtained":[{"floor":0,"key":"Block Potion"},{"floor":0,"key":"Regen Potion"},{"floor":0,"key":"Dexterity Potion"},{"floor":1,"key":"Strength Potion"},{"floor":7,"key":"AttackPotion"},{"floor":8,"key":"FearPotion"},{"floor":14,"key":"Regen Potion"}],"is_trial":false,"path_per_floor":["M","?","M","M","?","E","M","?","T","R","?","$","R","M","R","B"],"character_chosen":"IRONCLAD","items_purchased":["Question Card"],"campfire_rested":1,"item_purchase_floors":[12],"current_hp_per_floor":[80,73,74,80,64,39,21,21,21,45,38,38,38,38,38,10],"gold":23,"neow_bonus":"THREE_SMALL_POTIONS","is_prod":false,"is_daily":false,"chose_seed":false,"campfire_upgraded":2,"win_rate":0,"timestamp":1547938035,"path_taken":["M","?","M","M","?","E","M","?","T","R","?","$","R","M","R","BOSS"],"build_version":"2019-01-17v2","purchased_purges":0,"victory":false,"max_hp_per_floor":[80,80,80,80,80,80,80,80,80,80,80,80,80,80,80,80],"card_choices":[{"not_picked":["Warcry","Anger"],"picked":"Reaper","floor":1},{"not_picked":["Whirlwind","Clash"],"picked":"Sword Boomerang","floor":3},{"not_picked":["Warcry","Heavy Blade","Evolve"],"picked":"SKIP","floor":4},{"not_picked":["Shrug It Off","Double Tap"],"picked":"True Grit","floor":6},{"not_picked":["Disarm","Flex"],"picked":"Clash","floor":7},{"not_picked":["True Grit","Evolve"],"picked":"Spot Weakness","floor":8},{"not_picked":["Headbutt","Heavy Blade","Cleave"],"picked":"Twin Strike","floor":14}],"player_experience":187303,"relics_obtained":[{"floor":6,"key":"Darkstone Periapt"},{"floor":8,"key":"Odd Mushroom"},{"floor":9,"key":"Paper Frog"}],"event_choices":[{"cards_removed":["Bash"],"damage_healed":0,"gold_gain":0,"player_choice":"Card Removal","damage_taken":7,"max_hp_gain":0,"max_hp_loss":0,"event_name":"Golden Wing","floor":2,"gold_loss":0},{"damage_healed":0,"gold_gain":0,"player_choice":"Entered Light","damage_taken":16,"max_hp_gain":0,"max_hp_loss":0,"event_name":"Shining Light","floor":5,"gold_loss":0,"cards_upgraded":["Strike_R","Defend_R"]},{"damage_healed":0,"gold_gain":0,"player_choice":"Fought Mushrooms","damage_taken":0,"max_hp_gain":0,"max_hp_loss":0,"event_name":"Mushrooms","floor":8,"gold_loss":0},{"damage_healed":0,"gold_gain":0,"player_choice":"Success","damage_taken":7,"relics_obtained":["The Courier"],"max_hp_gain":0,"max_hp_loss":0,"event_name":"Scrap Ooze","floor":11,"gold_loss":0}],"is_beta":false,"boss_relics":[],"items_purged_floors":[],"is_endless":false,"potions_floor_spawned":[1,7,8,14],"killed_by":"Slime Boss","ascension_level":0}