{"gold_per_floor":[116,41,51,69,88,88,122,122,122,122,122,140,140,40,40,135,135,117,117,117,117,133,133,147,22,22,35,35,35,47,47],"floor_reached":31,"playtime":1552,"items_purged":["Strike_R","Strike_R","Strike_R"],"score":259,"play_id":"096af45f-3599-45fc-845a-b6608d640429","local_time":"20180809131944","is_ascension_mode":true,"campfire_choices":[{"data":"True Grit","floor":6,"key":"SMITH"},{"data":"Heavy Blade","floor":8,"key":"SMITH"},{"data":"Battle Trance","floor":11,"key":"SMITH"},{"floor":15,"key":"REST"},{"floor":23,"key":"REST"},{"floor":28,"key":"REST"}],"neow_cost":"NONE","seed_source_timestamp":874237285705915,"circlet_count":0,"master_deck":["Strike_R","Defend_R","Defend_R","Defend_R","Defend_R","Bash+1","Headbutt","Flex","True Grit+1","Heavy Blade+1","Battle Trance+1","Feed","Shrug It Off","Shrug It Off","Spot Weakness","Warcry+1","Shockwave+1","True Grit"],"relics":["Burning Blood","Ginger","Nunchaku","Orrery","Bird Faced Urn"],"potions_floor_usage":[12,16],"damage_taken":[{"damage":7,"enemies":"2 Louse","floor":1,"turns":3},{"damage":1,"enemies":"Cultist","floor":3,"turns":3},{"damage":7,"enemies":"Jaw Worm","floor":4,"turns":3},{"damage":5,"enemies":"Looter","floor":5,"turns":3},{"damage":18,"enemies":"3 Sentries","floor":7,"turns":8},{"damage":38,"enemies":"Gremlin Gang","floor":12,"turns":5},{"damage":33,"enemies":"Hexaghost","floor":16,"turns":9},{"damage":14,"enemies":"2 Thieves","floor":18,"turns":4},{"damage":33,"enemies":"Spheric Guardian","floor":22,"turns":7},{"damage":20,"enemies":"Centurion and Healer","floor":24,"turns":9},{"damage":21,"enemies":"Snake Plant","floor":27,"turns":4},{"damage":11,"enemies":"Cultist and Chosen","floor":30,"turns":5},{"damage":54,"enemies":"3 Cultists","floor":31,"turns":6}],"seed_played":"3344799128909408612","potions_obtained":[{"floor":1,"key":"Poison Potion"},{"floor":5,"key":"SkillPotion"},{"floor":7,"key":"Dexterity Potion"},{"floor":13,"key":"Ancient Potion"},{"floor":13,"key":"Strength Potion"},{"floor":16,"key":"Strength Potion"},{"floor":22,"key":"Dexterity Potion"}],"is_trial":false,"path_per_floor":["M","$","M","M","M","R","E","R","T","?","R","M","?","$","R","B",null,"M","$","?","$","M","R","M","$","T","M","R","?","M"],"character_chosen":"IRONCLAD","items_purchased":[],"campfire_rested":3,"item_purchase_floors":[],"current_hp_per_floor":[79,79,80,79,80,80,68,68,68,68,68,36,36,36,60,33,80,72,72,57,57,30,55,41,41,41,26,51,51,46,0],"gold":47,"neow_bonus":"UPGRADE_CARD","is_prod":false,"is_daily":false,"chose_seed":false,"campfire_upgraded":3,"win_rate":0,"timestamp":1533791984,"path_taken":["M","$","M","M","M","R","E","R","T","?","R","M","?","$","R","BOSS","M","$","?","$","M","R","M","$","T","M","R","?","M","M"],"build_version":"2018-08-02","purchased_purges":3,"victory":false,"max_hp_per_floor":[80,80,80,80,80,80,80,80,80,80,80,80,80,80,80,80,80,80,80,85,85,85,85,85,85,85,85,85,85,85,85],"card_choices":[{"not_picked":["Bloodletting","Sword Boomerang"],"picked":"Headbutt","floor":1},{"not_picked":["Seeing Red","Rupture"],"picked":"Flex","floor":3},{"not_picked":["Iron Wave","Flex"],"picked":"True Grit","floor":4},{"not_picked":["Pummel","Clothesline"],"picked":"Heavy Blade","floor":5},{"not_picked":["Entrench","Pommel Strike"],"picked":"Battle Trance","floor":7},{"not_picked":["Sword Boomerang","Twin Strike","Heavy Blade"],"picked":"SKIP","floor":12},{"not_picked":["Brutality","Offering"],"picked":"Feed","floor":16},{"not_picked":["Pummel","Clash"],"picked":"Shrug It Off","floor":17},{"not_picked":["Clothesline","Iron Wave"],"picked":"Shrug It Off","floor":17},{"not_picked":["Shrug It Off","Perfected Strike"],"picked":"Spot Weakness","floor":17},{"not_picked":["Dual Wield","Flex"],"picked":"Warcry+1","floor":18},{"not_picked":["Wild Strike","Armaments","Anger"],"picked":"SKIP","floor":22},{"not_picked":["Second Wind+1","Body Slam+1","Pommel Strike"],"picked":"SKIP","floor":24},{"not_picked":["Twin Strike","Perfected Strike"],"picked":"Shockwave+1","floor":27},{"not_picked":["Reckless Charge","Iron Wave+1"],"picked":"True Grit","floor":30}],"player_experience":216178,"relics_obtained":[{"floor":7,"key":"Ginger"},{"floor":9,"key":"Nunchaku"},{"floor":26,"key":"Bird Faced Urn"}],"event_choices":[{"event_name":"Match and Keep!","player_choice":"0 cards matched","floor":10,"damage_taken":0},{"event_name":"The Lab","player_choice":"Got Potions","floor":13,"damage_taken":0},{"event_name":"Forgotten Altar","player_choice":"Shed Blood","floor":20,"damage_taken":0},{"event_name":"Purifier","player_choice":"One Purge","floor":29,"damage_taken":0}],"is_beta":false,"boss_relics":[{"not_picked":["Runic Dome","Pandora\u0027s Box"],"picked":"Orrery"}],"items_purged_floors":[2,14,25],"is_endless":false,"potions_floor_spawned":[1,5,7,16,22,27,30],"killed_by":"3 Cultists","ascension_level":2}