{"gold_per_floor":[119,93,111,121,140,175,175,210,259,259,259,18,45,45,45,141,141,159,170,170,249,260,260,272,272,272,272,283,283],"floor_reached":29,"playtime":1102,"items_purged":[],"score":365,"play_id":"2f2cfcff-2dfd-46f6-bd54-f0ee34e32160","local_time":"20190122235035","is_ascension_mode":true,"campfire_choices":[{"floor":10.0,"key":"REST"},{"data":"Metallicize","floor":15.0,"key":"SMITH"},{"floor":23.0,"key":"REST"},{"floor":25.0,"key":"REST"},{"data":"Bash","floor":27.0,"key":"SMITH"}],"neow_cost":"NONE","seed_source_timestamp":0,"circlet_count":0,"master_deck":["AscendersBane","Strike_R","Strike_R","Strike_R","Strike_R","Strike_R","Defend_R","Defend_R+1","Defend_R+1","Defend_R+1","Bash+1","Sword Boomerang+1","Anger","True Grit","Anger","Sword Boomerang","Clothesline","Offering","Corruption","Hemokinesis","Metallicize+1","Pommel Strike","Reaper","Decay","Armaments","Writhe","Feel No Pain+1","Twin Strike+1"],"special_seed":0,"relics":["Burning Blood","The Courier","Self Forming Clay","War Paint","Pantograph","Strawberry","Omamori","Shuriken","Calling Bell","PreservedInsect","Matryoshka","Nunchaku","Mummified Hand","Art of War","Darkstone Periapt","Boot","Paper Frog"],"potions_floor_usage":[29],"damage_taken":[{"damage":11.0,"enemies":"Cultist","floor":1.0,"turns":4.0},{"damage":0.0,"enemies":"2 Louse","floor":3.0,"turns":2.0},{"damage":2.0,"enemies":"Jaw Worm","floor":4.0,"turns":3.0},{"damage":18.0,"enemies":"3 Louse","floor":5.0,"turns":3.0},{"damage":24.0,"enemies":"Gremlin Nob","floor":6.0,"turns":4.0},{"damage":50.0,"enemies":"3 Sentries","floor":8.0,"turns":10.0},{"damage":13.0,"enemies":"Lagavulin","floor":13.0,"turns":5.0},{"damage":32.0,"enemies":"Hexaghost","floor":16.0,"turns":7.0},{"damage":4.0,"enemies":"Chosen","floor":18.0,"turns":4.0},{"damage":21.0,"enemies":"3 Byrds","floor":19.0,"turns":7.0},{"damage":74.0,"enemies":"3 Cultists","floor":22.0,"turns":8.0},{"damage":37.0,"enemies":"Cultist and Chosen","floor":24.0,"turns":7.0},{"damage":41.0,"enemies":"Sentry and Sphere","floor":28.0,"turns":7.0},{"damage":25,"enemies":"Centurion and Healer","floor":29,"turns":2}],"seed_played":"3956910184395716495","potions_obtained":[{"floor":5.0,"key":"Regen Potion"},{"floor":6.0,"key":"Regen Potion"},{"floor":22.0,"key":"GamblersBrew"},{"floor":24.0,"key":"Fruit Juice"}],"is_trial":false,"path_per_floor":["M","$","M","M","M","E","?","E","T","R","T","$","E","?","R","B",null,"M","M","?","T","M","R","M","R","T","R","M","M"],"character_chosen":"IRONCLAD","items_purchased":["True Grit","Strawberry","Hemokinesis","Metallicize"],"campfire_rested":3,"item_purchase_floors":[2,12,12,12],"current_hp_per_floor":[67,67,73,77,65,47,31,21,21,45,45,52,45,42,42,41,76,78,69,69,69,16,42,26,53,53,53,23,0],"gold":283,"neow_bonus":"THREE_CARDS","is_prod":false,"is_daily":false,"chose_seed":false,"campfire_upgraded":2,"win_rate":0,"timestamp":1548229835,"path_taken":["M","?","?","M","M","E","?","E","T","R","?","$","E","?","R","BOSS","M","M","?","?","M","R","?","R","T","R","M","M"],"build_version":"2019-01-17v2","purchased_purges":0,"victory":false,"max_hp_per_floor":[80,80,80,80,80,80,80,80,80,80,80,87,87,87,87,87,87,87,87,87,87,87,87,92,92,92,92,92,92],"card_choices":[{"not_picked":["Blood for Blood","Shockwave"],"picked":"Sword Boomerang","floor":0.0},{"not_picked":["Thunderclap","True Grit"],"picked":"Anger","floor":1.0},{"not_picked":["Flex","Carnage"],"picked":"Anger","floor":3.0},{"not_picked":["Thunderclap","Iron Wave"],"picked":"Sword Boomerang","floor":4.0},{"not_picked":["Power Through","Twin Strike"],"picked":"Clothesline","floor":5.0},{"not_picked":["Entrench","Iron Wave"],"picked":"Offering","floor":6.0},{"not_picked":["Disarm","Perfected Strike"],"picked":"Corruption","floor":8.0},{"not_picked":["Feed","Clothesline"],"picked":"Pommel Strike","floor":13.0},{"not_picked":["Berserk","Feed"],"picked":"Reaper","floor":16.0},{"not_picked":["Warcry","Havoc+1"],"picked":"Armaments","floor":18.0},{"not_picked":["Perfected Strike","Corruption","Body Slam"],"picked":"SKIP","floor":19.0},{"not_picked":["Rupture","Wild Strike+1"],"picked":"Feel No Pain+1","floor":22.0},{"not_picked":["True Grit","Wild Strike","Fire Breathing"],"picked":"SKIP","floor":24.0},{"not_picked":["Barricade","Thunderclap"],"picked":"Twin Strike+1","floor":28.0}],"player_experience":363444,"relics_obtained":[{"floor":6.0,"key":"The Courier"},{"floor":8.0,"key":"Self Forming Clay"},{"floor":9.0,"key":"War Paint"},{"floor":11.0,"key":"Pantograph"},{"floor":13.0,"key":"Omamori"},{"floor":17.0,"key":"PreservedInsect"},{"floor":17.0,"key":"Matryoshka"},{"floor":17.0,"key":"Nunchaku"},{"floor":21.0,"key":"Art of War"},{"floor":21.0,"key":"Darkstone Periapt"},{"floor":26.0,"key":"Boot"},{"floor":26.0,"key":"Paper Frog"}],"event_choices":[{"damage_healed":0.0,"max_hp_gain":0.0,"max_hp_loss":0.0,"gold_gain":0.0,"event_name":"Shining Light","player_choice":"Entered Light","floor":7.0,"gold_loss":0.0,"damage_taken":16.0,"cards_upgraded":["Defend_R","Sword Boomerang"]},{"damage_healed":0.0,"max_hp_gain":0.0,"max_hp_loss":0.0,"gold_gain":0.0,"event_name":"Scrap Ooze","player_choice":"Success","floor":14.0,"gold_loss":0.0,"damage_taken":3.0,"relics_obtained":["Shuriken"]},{"damage_healed":0.0,"max_hp_gain":0.0,"max_hp_loss":0.0,"gold_gain":0.0,"event_name":"The Mausoleum","player_choice":"Opened","floor":20.0,"gold_loss":0.0,"damage_taken":0.0,"relics_obtained":["Mummified Hand"],"cards_obtained":["Writhe"]}],"is_beta":false,"boss_relics":[{"not_picked":["Runic Cube","Velvet Choker"],"picked":"Calling Bell"}],"items_purged_floors":[],"is_endless":false,"potions_floor_spawned":[5,6,22,24],"killed_by":"Centurion and Healer","ascension_level":10}