{"gold_per_floor":[109,126,126,52,68,94,107,138,218,218,249,261,261,261,261,356,356,372,388,45,59,6,35,35],"floor_reached":24,"playtime":1438,"items_purged":[],"score":248,"play_id":"0b0b2623-22fd-4969-9c5a-f2eddac2fd30","local_time":"20181218233534","is_ascension_mode":true,"campfire_choices":[{"floor":10.0,"key":"REST"},{"floor":13.0,"key":"REST"},{"data":"Genetic Algorithm","floor":15.0,"key":"SMITH"}],"neow_cost":"NONE","seed_source_timestamp":0,"circlet_count":0,"master_deck":["Strike_B","Strike_B","Strike_B","Defend_B","Defend_B","Defend_B","Defend_B","Zap","Dualcast","Tempest","Cold Snap","Go for the Eyes","Turbo","Undo","Glacier","Genetic Algorithm+1","Self Repair","Coolheaded","Buffer","Hologram","Streamline","Sweeping Beam","Conserve Battery","Recycle"],"special_seed":0,"relics":["FrozenCore","Singing Bowl","Ginger","Bag of Preparation","Bottled Lightning","Bronze Scales","Happy Flower","Centennial Puzzle","FossilizedHelix"],"potions_floor_usage":[23,23,23],"damage_taken":[{"damage":5.0,"enemies":"2 Louse","floor":1.0,"turns":3.0},{"damage":1.0,"enemies":"Cultist","floor":2.0,"turns":3.0},{"damage":0.0,"enemies":"Jaw Worm","floor":5.0,"turns":3.0},{"damage":23.0,"enemies":"Gremlin Nob","floor":6.0,"turns":4.0},{"damage":1.0,"enemies":"Exordium Thugs","floor":7.0,"turns":3.0},{"damage":25.0,"enemies":"3 Sentries","floor":8.0,"turns":13.0},{"damage":4.0,"enemies":"Lagavulin","floor":11.0,"turns":10.0},{"damage":19.0,"enemies":"Lots of Slimes","floor":12.0,"turns":3.0},{"damage":38.0,"enemies":"Slime Boss","floor":16.0,"turns":17.0},{"damage":31.0,"enemies":"Shell Parasite","floor":18.0,"turns":9.0},{"damage":0.0,"enemies":"3 Byrds","floor":19.0,"turns":3.0},{"damage":7.0,"enemies":"Snake Plant","floor":21.0,"turns":5.0},{"damage":55,"enemies":"Gremlin Leader","floor":23,"turns":13}],"seed_played":"8586924877864464911","potions_obtained":[{"floor":1.0,"key":"SkillPotion"},{"floor":7.0,"key":"Strength Potion"},{"floor":12.0,"key":"Block Potion"},{"floor":16.0,"key":"Explosive Potion"},{"floor":18.0,"key":"GamblersBrew"},{"floor":21.0,"key":"Weak Potion"},{"floor":23,"key":"Explosive Potion"}],"is_trial":false,"path_per_floor":["M","M","?","$","M","E","M","E","T","R","E","M","R","?","R","B",null,"M","M","$","M","$","E","?"],"character_chosen":"DEFECT","items_purchased":["Go for the Eyes","Turbo","Happy Flower","Centennial Puzzle","Streamline","Conserve Battery"],"campfire_rested":2,"item_purchase_floors":[4,4,20,20,20,22],"current_hp_per_floor":[77,76,76,76,76,53,54,29,29,54,50,38,63,63,63,32,84,62,62,62,62,62,14,0],"gold":35,"neow_bonus":"TEN_PERCENT_HP_BONUS","is_prod":false,"is_daily":false,"chose_seed":false,"campfire_upgraded":1,"win_rate":0,"timestamp":1545204934,"path_taken":["M","M","?","?","M","E","?","E","T","R","E","M","R","?","R","BOSS","M","M","?","?","$","E","?"],"build_version":"2018-12-13","purchased_purges":0,"victory":false,"max_hp_per_floor":[82,82,82,82,82,82,84,84,84,84,84,84,84,84,84,84,84,86,86,86,86,86,86,86],"card_choices":[{"not_picked":["Rebound","Double Energy"],"picked":"Tempest","floor":1.0},{"not_picked":["Go for the Eyes","Darkness"],"picked":"Cold Snap","floor":2.0},{"not_picked":["Storm","Loop"],"picked":"Undo","floor":5.0},{"not_picked":["Go for the Eyes","Cold Snap"],"picked":"Glacier","floor":6.0},{"not_picked":["Seek","Stack","Steam"],"picked":"Singing Bowl","floor":7.0},{"not_picked":["Beam Cell","Chaos"],"picked":"Genetic Algorithm","floor":8.0},{"not_picked":["Loop","FTL"],"picked":"Self Repair","floor":11.0},{"not_picked":["Chaos","Ball Lightning"],"picked":"Coolheaded","floor":12.0},{"not_picked":["All For One","Meteor Strike"],"picked":"Buffer","floor":16.0},{"not_picked":["Double Energy","Rebound","Glacier"],"picked":"Singing Bowl","floor":18.0},{"not_picked":["Stack","Undo"],"picked":"Hologram","floor":19.0},{"not_picked":["Go for the Eyes","Redo+1"],"picked":"Sweeping Beam","floor":21.0},{"not_picked":["Storm","Double Energy"],"picked":"Recycle","floor":23}],"player_experience":207404,"relics_obtained":[{"floor":3.0,"key":"Singing Bowl"},{"floor":6.0,"key":"Ginger"},{"floor":8.0,"key":"Bag of Preparation"},{"floor":9.0,"key":"Bottled Lightning"},{"floor":11.0,"key":"Bronze Scales"},{"floor":23,"key":"FossilizedHelix"}],"event_choices":[{"damage_healed":0.0,"max_hp_gain":0.0,"max_hp_loss":0.0,"gold_gain":0.0,"event_name":"Wheel of Change","player_choice":"Relic","floor":3.0,"gold_loss":0.0,"damage_taken":0.0},{"cards_removed":["Strike_B"],"damage_healed":0.0,"max_hp_gain":0.0,"max_hp_loss":0.0,"gold_gain":0.0,"event_name":"Bonfire Elementals","player_choice":"Offered Basic","floor":14.0,"gold_loss":0.0,"damage_taken":0.0}],"is_beta":false,"boss_relics":[{"not_picked":["Ectoplasm","Cursed Key"],"picked":"FrozenCore"}],"items_purged_floors":[],"is_endless":false,"potions_floor_spawned":[1,7,12,16,18,21,23],"ascension_level":1}