{"gold_per_floor":[109,128,128,53,63,63,17,17,41,71,83,100,25,25,25,126,126,140,65,65],"floor_reached":20,"playtime":516,"items_purged":["Strike_B"],"score":223,"play_id":"90403b28-20d4-4f12-ba82-850d31d09aae","local_time":"20190202132724","is_ascension_mode":true,"campfire_choices":[{"data":"Capacitor","floor":6,"key":"SMITH"},{"data":"Zap","floor":8,"key":"SMITH"},{"data":"Genetic Algorithm","floor":15,"key":"SMITH"}],"neow_cost":"NONE","seed_source_timestamp":158427642158629,"circlet_count":0,"master_deck":["Strike_B","Strike_B","Strike_B","Defend_B","Defend_B","Defend_B","Defend_B","Zap+1","Dualcast","BootSequence","Capacitor+1","Ball Lightning","Genetic Algorithm+1","Gash","Steam","Clumsy","Pain","Injury","Defragment"],"relics":["Cracked Core","Strawberry","Pear","Calling Bell","Bag of Preparation","Gremlin Horn","Emotion Chip"],"potions_floor_usage":[10,20],"damage_taken":[{"damage":4,"enemies":"2 Louse","floor":1,"turns":2},{"damage":0,"enemies":"Cultist","floor":2,"turns":4},{"damage":0,"enemies":"Jaw Worm","floor":5,"turns":4},{"damage":21,"enemies":"Gremlin Nob","floor":10,"turns":4},{"damage":10,"enemies":"Looter","floor":11,"turns":4},{"damage":8,"enemies":"Blue Slaver","floor":12,"turns":3},{"damage":69,"enemies":"Hexaghost","floor":16,"turns":11},{"damage":45,"enemies":"Shell Parasite","floor":18,"turns":7},{"damage":48,"enemies":"Colosseum Slavers","floor":20,"turns":4}],"seed_played":"-7546798485574160493","potions_obtained":[{"floor":1,"key":"Regen Potion"},{"floor":10,"key":"Ancient Potion"},{"floor":11,"key":"SpeedPotion"}],"is_trial":false,"path_per_floor":["M","M","?","$","M","R","$","R","T","E","M","M","$","?","R","B",null,"M","$","?"],"character_chosen":"DEFECT","items_purchased":["Capacitor","Ball Lightning","Defragment"],"campfire_rested":0,"item_purchase_floors":[4,7,19],"current_hp_per_floor":[78,78,78,78,78,78,78,78,78,72,62,54,54,84,84,15,92,47,47,0],"gold":65,"neow_bonus":"RANDOM_COMMON_RELIC","is_prod":false,"is_daily":false,"chose_seed":false,"campfire_upgraded":3,"win_rate":0,"timestamp":1549110444,"path_taken":["M","M","?","$","M","R","?","R","T","E","M","M","$","?","R","BOSS","M","$","?"],"build_version":"2019-01-23","purchased_purges":1,"victory":false,"max_hp_per_floor":[82,82,82,82,82,82,82,82,82,92,92,92,92,92,92,92,92,92,92,92],"card_choices":[{"not_picked":["Chaos","Auto Shields"],"picked":"BootSequence","floor":1},{"not_picked":["Steam Power","Cold Snap","Consume"],"picked":"SKIP","floor":2},{"not_picked":["Turbo","Storm","Coolheaded"],"picked":"SKIP","floor":5},{"not_picked":["Steam","Beam Cell"],"picked":"Genetic Algorithm","floor":10},{"not_picked":["Biased Cognition","Redo"],"picked":"Gash","floor":11},{"not_picked":["Beam Cell","Go for the Eyes"],"picked":"Steam","floor":12},{"not_picked":["Go for the Eyes","Hello World","Scrape"],"picked":"SKIP","floor":18}],"player_experience":437603,"relics_obtained":[{"floor":10,"key":"Pear"},{"floor":17,"key":"Bag of Preparation"},{"floor":17,"key":"Gremlin Horn"},{"floor":17,"key":"Emotion Chip"}],"event_choices":[{"damage_healed":0,"gold_gain":0,"player_choice":"Ignored","damage_taken":0,"max_hp_gain":0,"max_hp_loss":0,"event_name":"Transmorgrifier","floor":3,"gold_loss":0},{"damage_healed":30,"gold_gain":0,"player_choice":"Banana","damage_taken":0,"max_hp_gain":0,"max_hp_loss":0,"event_name":"Big Fish","floor":14,"gold_loss":0},{"damage_healed":0,"gold_gain":0,"player_choice":"Fight","damage_taken":0,"max_hp_gain":0,"max_hp_loss":0,"event_name":"Colosseum","floor":20,"gold_loss":0}],"is_beta":false,"boss_relics":[{"not_picked":["Pandora\u0027s Box","Black Star"],"picked":"Calling Bell"}],"items_purged_floors":[13],"is_endless":false,"potions_floor_spawned":[1,10,11],"killed_by":"Colosseum Slavers","ascension_level":3}