{"gold_per_floor":[213,179,354,429,49,49,49,49,49,69,90,126,126,144,144,144],"floor_reached":16,"playtime":340,"items_purged":[],"score":98,"play_id":"17f4c240-8b55-4e5b-ba4d-fbd877d627a0","local_time":"20190112124839","is_ascension_mode":false,"campfire_choices":[{"data":"Loop","floor":6,"key":"SMITH"},{"data":"Self Repair","floor":8,"key":"SMITH"},{"data":"Streamline","floor":13,"key":"SMITH"},{"data":"Zap","floor":15,"key":"SMITH"}],"neow_cost":"NONE","seed_source_timestamp":175058689021662,"circlet_count":0,"master_deck":["Strike_B","Strike_B","Strike_B","Strike_B","Defend_B","Defend_B","Defend_B","Defend_B","Zap+1","Dualcast","Streamline+1","Self Repair+1","Doubt","Loop+1","Injury","Conserve Battery","Go for the Eyes","Go for the Eyes"],"relics":["Cracked Core","Bird Faced Urn","Golden Idol","Cables","Bottled Tornado"],"potions_floor_usage":[16],"damage_taken":[{"damage":7,"enemies":"Small Slimes","floor":1,"turns":4},{"damage":6,"enemies":"Jaw Worm","floor":10,"turns":4},{"damage":2,"enemies":"2 Louse","floor":11,"turns":3},{"damage":28,"enemies":"Gremlin Nob","floor":12,"turns":5},{"damage":7,"enemies":"Red Slaver","floor":14,"turns":3},{"damage":71,"enemies":"The Guardian","floor":16,"turns":10}],"seed_played":"-2642104932300612656","potions_obtained":[{"floor":11,"key":"GamblersBrew"}],"is_trial":false,"path_per_floor":["M","$","?","?","$","R","?","R","T","M","M","E","R","M","R","B"],"character_chosen":"DEFECT","items_purchased":["Self Repair","Bird Faced Urn","Loop"],"campfire_rested":0,"item_purchase_floors":[2,5,5],"current_hp_per_floor":[68,68,68,57,57,57,57,57,57,65,75,59,59,66,66,0],"gold":144,"neow_bonus":"HUNDRED_GOLD","is_prod":false,"is_daily":false,"chose_seed":false,"campfire_upgraded":4,"win_rate":0.0,"timestamp":1547293719,"path_taken":["M","$","?","?","$","R","?","R","T","M","M","E","R","M","R","BOSS"],"build_version":"2019-01-10","purchased_purges":0,"victory":false,"max_hp_per_floor":[75,75,75,75,75,75,75,75,75,75,75,75,75,75,75,75],"card_choices":[{"not_picked":["Gash","Chill"],"picked":"Streamline","floor":1},{"not_picked":["Sweeping Beam","Compile Driver"],"picked":"Conserve Battery","floor":10},{"not_picked":["Reinforced Body","Consume"],"picked":"Go for the Eyes","floor":11},{"not_picked":["Beam Cell","Tempest","Reprogram"],"picked":"SKIP","floor":12},{"not_picked":["Chill","Fission"],"picked":"Go for the Eyes","floor":14}],"player_experience":392520,"relics_obtained":[{"floor":9,"key":"Cables"},{"floor":12,"key":"Bottled Tornado"}],"event_choices":[{"damage_healed":0,"gold_gain":175,"player_choice":"AGREE","damage_taken":0,"max_hp_gain":0,"max_hp_loss":0,"event_name":"Liars Game","floor":3,"gold_loss":0,"cards_obtained":["Doubt"]},{"damage_healed":0,"gold_gain":75,"player_choice":"Gather Gold","damage_taken":11,"max_hp_gain":0,"max_hp_loss":0,"event_name":"World of Goop","floor":4,"gold_loss":0},{"damage_healed":0,"gold_gain":0,"player_choice":"Take Wound","damage_taken":0,"relics_obtained":["Golden Idol"],"max_hp_gain":0,"max_hp_loss":0,"event_name":"Golden Idol","floor":7,"gold_loss":0,"cards_obtained":["Injury"]}],"is_beta":false,"boss_relics":[],"items_purged_floors":[],"is_endless":false,"potions_floor_spawned":[11],"killed_by":"The Guardian","ascension_level":0}