{"gold_per_floor":[111,111,130,151,165,165,198,198,223,223,246,266,266,291,291,416,416,441,97,97,97,97,97,112,112,138,163,138,237,237,237],"floor_reached":31,"playtime":2458,"items_purged":[],"score":235,"play_id":"202c24ce-a805-44f9-afbb-8a0ec7ce0da4","local_time":"20180624213246","is_ascension_mode":false,"campfire_choices":[{"data":"Armaments","floor":6,"key":"SMITH"},{"data":"Fire Breathing","floor":10,"key":"SMITH"},{"data":"Seeing Red","floor":13,"key":"SMITH"},{"data":"Bash","floor":15,"key":"SMITH"},{"data":"Armaments","floor":23,"key":"SMITH"},{"data":"Juggernaut","floor":25,"key":"SMITH"},{"floor":30,"key":"REST"}],"neow_cost":"NONE","seed_source_timestamp":457416107006271,"circlet_count":0,"master_deck":["Strike_R","Strike_R","Strike_R","Strike_R","Strike_R","Defend_R","Defend_R","Defend_R","Defend_R","Bash+1","Clash","Spot Weakness","Iron Wave","Armaments+1","Fire Breathing+1","Seeing Red+1","Warcry","Juggernaut+1","Dual Wield+1","Headbutt","Flex","Armaments+1","Metallicize","Uppercut","Iron Wave","Shrug It Off","Flex+1"],"relics":["Burning Blood","Pen Nib","Golden Idol","Juzu Bracelet","Vajra","Velvet Choker","Omamori","Potion Belt","Dream Catcher"],"potions_floor_usage":[16,16,31,31],"damage_taken":[{"damage":0,"enemies":"Small Slimes","floor":1,"turns":3},{"damage":6,"enemies":"2 Louse","floor":3,"turns":2},{"damage":6,"enemies":"Jaw Worm","floor":4,"turns":2},{"damage":9,"enemies":"2 Fungi Beasts","floor":5,"turns":4},{"damage":21,"enemies":"Lagavulin","floor":7,"turns":8},{"damage":8,"enemies":"Gremlin Gang","floor":11,"turns":3},{"damage":9,"enemies":"Blue Slaver","floor":12,"turns":3},{"damage":5,"enemies":"Looter","floor":14,"turns":2},{"damage":44,"enemies":"Hexaghost","floor":16,"turns":9},{"damage":12,"enemies":"Shell Parasite","floor":18,"turns":4},{"damage":16,"enemies":"Chosen","floor":24,"turns":6},{"damage":41,"enemies":"Sentry and Sphere","floor":27,"turns":6},{"damage":53,"enemies":"Slavers","floor":31,"turns":4}],"seed_played":"-5608698751679139246","potions_obtained":[{"floor":4,"key":"Strength Potion"},{"floor":5,"key":"AttackPotion"},{"floor":7,"key":"SteroidPotion"},{"floor":14,"key":"AttackPotion"},{"floor":16,"key":"Poison Potion"},{"floor":24,"key":"Strength Potion"},{"floor":27,"key":"Strength Potion"}],"is_trial":false,"path_per_floor":["M","?","M","M","M","R","E","?","T","R","M","M","R","M","R","B",null,"M","$","?","?","?","R","M","R","T","M","$","?","R"],"character_chosen":"IRONCLAD","items_purchased":["Headbutt","Flex","Armaments","Metallicize","Omamori","Shrug It Off"],"campfire_rested":1,"item_purchase_floors":[19,19,19,19,19,28],"current_hp_per_floor":[80,60,60,60,57,57,42,68,68,68,66,63,63,64,64,26,80,74,74,74,74,74,74,64,64,64,29,29,29,53,0],"gold":237,"neow_bonus":"RANDOM_COMMON_RELIC","is_prod":false,"is_daily":false,"chose_seed":false,"campfire_upgraded":6,"win_rate":0,"timestamp":1529868766,"path_taken":["M","?","M","M","M","R","E","?","T","R","M","M","R","M","R","BOSS","M","$","?","?","?","R","M","R","T","M","?","?","R","E"],"build_version":"2018-06-21v2","purchased_purges":0,"victory":false,"max_hp_per_floor":[80,80,80,80,80,80,80,80,80,80,80,80,80,80,80,80,80,80,80,80,80,80,80,80,80,80,80,80,80,80,80],"card_choices":[{"not_picked":["Twin Strike","Pommel Strike"],"picked":"Clash","floor":1},{"not_picked":["Warcry","Sever Soul"],"picked":"Spot Weakness","floor":3},{"not_picked":["Infernal Blade","Pummel"],"picked":"Iron Wave","floor":4},{"not_picked":["Evolve","Clash"],"picked":"Armaments","floor":5},{"not_picked":["Pommel Strike","Evolve"],"picked":"Fire Breathing","floor":7},{"not_picked":["Barricade","Body Slam"],"picked":"Seeing Red","floor":11},{"not_picked":["Havoc","Burning Pact","Perfected Strike"],"picked":"SKIP","floor":12},{"not_picked":["Body Slam","Sever Soul"],"picked":"Warcry","floor":14},{"not_picked":["Fiend Fire","Exhume"],"picked":"Juggernaut","floor":16},{"not_picked":["Shockwave","Anger+1"],"picked":"Dual Wield+1","floor":18},{"not_picked":["Sword Boomerang","Havoc"],"picked":"Uppercut","floor":24},{"not_picked":["Armaments+1","Spot Weakness"],"picked":"Iron Wave","floor":27},{"not_picked":["Disarm+1","Seeing Red"],"picked":"Flex+1","floor":30}],"player_experience":52181,"relics_obtained":[{"floor":7,"key":"Juzu Bracelet"},{"floor":9,"key":"Vajra"},{"floor":26,"key":"Dream Catcher"}],"event_choices":[{"event_name":"Golden Idol","player_choice":"Take Damage","floor":2,"damage_taken":0},{"event_name":"Big Fish","player_choice":"Banana","floor":8,"damage_taken":0},{"event_name":"Vampires","player_choice":"Ignored","floor":20,"damage_taken":0},{"event_name":"The Mausoleum","player_choice":"Yes","floor":21,"damage_taken":0},{"event_name":"Purifier","player_choice":"Skipped","floor":22,"damage_taken":0},{"event_name":"Nest","player_choice":"Stole From Cult","floor":29,"damage_taken":0}],"boss_relics":[{"not_picked":["Runic Dome","Lizard Tail"],"picked":"Velvet Choker"}],"items_purged_floors":[],"is_endless":false,"potions_floor_spawned":[4,5,7,14,16,24,27],"killed_by":"Slavers","ascension_level":0}