{"gold_per_floor":[114,39,39,52,52,52,4,24,78,78,93,93,126,140,140,140],"floor_reached":16,"playtime":488,"items_purged":["Dualcast"],"score":100,"play_id":"5fee7461-d34f-4d4a-8339-3731ca0c861e","local_time":"20190112171133","is_ascension_mode":false,"campfire_choices":[{"data":"Conserve Battery","floor":6,"key":"SMITH"},{"data":"Blizzard","floor":10,"key":"SMITH"},{"floor":15,"key":"REST"}],"neow_cost":"NONE","seed_source_timestamp":190687189512085,"circlet_count":0,"master_deck":["Strike_B","Strike_B","Strike_B","Strike_B","Defend_B","Defend_B","Defend_B","Defend_B","Zap","Conserve Battery+1","Coolheaded","Conserve Battery","Blizzard+1","Gash","Rebound","Chill"],"relics":["Cracked Core","Anchor","Happy Flower","Golden Idol","Boot","FossilizedHelix"],"potions_floor_usage":[14],"damage_taken":[{"damage":0,"enemies":"Small Slimes","floor":1,"turns":3},{"damage":0,"enemies":"Jaw Worm","floor":4,"turns":4},{"damage":0,"enemies":"2 Louse","floor":8,"turns":3},{"damage":0,"enemies":"Looter","floor":11,"turns":4},{"damage":13,"enemies":"3 Sentries","floor":13,"turns":9},{"damage":0,"enemies":"2 Fungi Beasts","floor":14,"turns":3},{"damage":59,"enemies":"Hexaghost","floor":16,"turns":14}],"seed_played":"-5369188897015803028","potions_obtained":[{"floor":1,"key":"SpeedPotion"},{"floor":8,"key":"PowerPotion"},{"floor":13,"key":"Explosive Potion"},{"floor":14,"key":"GamblersBrew"}],"is_trial":false,"path_per_floor":["M","$","?","M","?","R","$","M","T","R","M","?","E","M","R","B"],"character_chosen":"DEFECT","items_purchased":["Conserve Battery"],"campfire_rested":1,"item_purchase_floors":[7],"current_hp_per_floor":[75,75,57,57,57,57,57,57,57,57,57,50,37,37,59,0],"gold":140,"neow_bonus":"RANDOM_COMMON_RELIC","is_prod":false,"is_daily":false,"chose_seed":false,"campfire_upgraded":2,"win_rate":0.0,"timestamp":1547309493,"path_taken":["M","$","?","M","?","R","$","M","T","R","?","?","E","M","R","BOSS"],"build_version":"2019-01-10","purchased_purges":1,"victory":false,"max_hp_per_floor":[75,75,75,75,75,75,75,75,75,75,75,75,75,75,75,75],"card_choices":[{"not_picked":["Scrape","Recycle"],"picked":"Conserve Battery","floor":1},{"not_picked":["Go for the Eyes","Rebound"],"picked":"Coolheaded","floor":4},{"not_picked":["BootSequence","Reinforced Body"],"picked":"Blizzard","floor":8},{"not_picked":["Turbo","Blizzard"],"picked":"Gash","floor":11},{"not_picked":["Compile Driver","Lockon"],"picked":"Rebound","floor":13},{"not_picked":["Capacitor","Beam Cell"],"picked":"Chill","floor":14}],"player_experience":398576,"relics_obtained":[{"floor":9,"key":"Boot"},{"floor":13,"key":"FossilizedHelix"}],"event_choices":[{"damage_healed":0,"gold_gain":0,"player_choice":"Success","damage_taken":18,"relics_obtained":["Happy Flower"],"max_hp_gain":0,"max_hp_loss":0,"event_name":"Scrap Ooze","floor":3,"gold_loss":0},{"damage_healed":0,"gold_gain":0,"player_choice":"Take Wound","damage_taken":0,"relics_obtained":["Golden Idol"],"max_hp_gain":0,"max_hp_loss":0,"event_name":"Golden Idol","floor":5,"gold_loss":0,"cards_obtained":["Injury"]},{"cards_removed":["Injury"],"damage_healed":0,"gold_gain":0,"player_choice":"Card Removal","damage_taken":7,"max_hp_gain":0,"max_hp_loss":0,"event_name":"Golden Wing","floor":12,"gold_loss":0}],"is_beta":false,"boss_relics":[],"items_purged_floors":[2],"is_endless":false,"potions_floor_spawned":[1,8,13,14],"killed_by":"Hexaghost","ascension_level":0}