{"gold_per_floor":[114,114,130,31,48,80,80,93,93,105,105,123,23,23,23,128,128,115,115,128,28,0,0,17,36,36,54,54,54,64,64,64,162,212,222,233,243,243],"floor_reached":38,"playtime":2704,"items_purged":["Strike_R","Strike_R"],"score":380,"play_id":"deeabcdd-9d88-4c3f-9efa-9b88a74aee94","local_time":"20180723085329","is_ascension_mode":false,"campfire_choices":[{"data":"Armaments","floor":7,"key":"SMITH"},{"data":"Rampage","floor":11,"key":"SMITH"},{"floor":15,"key":"REST"},{"floor":23,"key":"REST"},{"floor":32,"key":"REST"}],"neow_cost":"NONE","seed_source_timestamp":680529785490758,"circlet_count":0,"master_deck":["Defend_R+1","Defend_R+1","Defend_R","Bash","Thunderclap","Warcry","Rampage+1","Armaments+1","Rage","Shrug It Off","Shrug It Off","Bludgeon+1","Demon Form","Anger","Flash of Steel","Battle Trance","Fire Breathing","Double Tap","Battle Trance"],"relics":["Burning Blood","War Paint","Bag of Preparation","Orrery","Pantograph","Tiny House"],"potions_floor_usage":[27,38],"damage_taken":[{"damage":4,"enemies":"2 Louse","floor":1,"turns":3},{"damage":9,"enemies":"Small Slimes","floor":3,"turns":4},{"damage":3,"enemies":"Jaw Worm","floor":5,"turns":4},{"damage":38,"enemies":"Lagavulin","floor":6,"turns":7},{"damage":3,"enemies":"Red Slaver","floor":8,"turns":6},{"damage":4,"enemies":"Lots of Slimes","floor":10,"turns":5},{"damage":7,"enemies":"Exordium Wildlife","floor":12,"turns":7},{"damage":24,"enemies":"The Guardian","floor":16,"turns":10},{"damage":6,"enemies":"2 Thieves","floor":18,"turns":4},{"damage":41,"enemies":"3 Byrds","floor":20,"turns":6},{"damage":26,"enemies":"Snecko","floor":24,"turns":6},{"damage":15,"enemies":"Centurion and Healer","floor":25,"turns":7},{"damage":23,"enemies":"Snake Plant","floor":27,"turns":5},{"damage":16,"enemies":"Chosen and Byrds","floor":30,"turns":7},{"damage":15,"enemies":"Champ","floor":33,"turns":10},{"damage":36,"enemies":"Flame Bruiser 1 Orb","floor":35,"turns":7},{"damage":12,"enemies":"Orb Walker","floor":36,"turns":5},{"damage":27,"enemies":"4 Shapes","floor":37,"turns":6},{"damage":28,"enemies":"Spire Growth","floor":38,"turns":5}],"seed_played":"-1595098589873948675","potions_obtained":[{"floor":1,"key":"EssenceOfSteel"},{"floor":5,"key":"LiquidBronze"},{"floor":8,"key":"Fire Potion"},{"floor":30,"key":"Explosive Potion"}],"is_trial":false,"path_per_floor":["M","?","M","$","M","E","R","M","T","M","R","M","$","?","R","B",null,"M","?","M","$","?","R","M","M","T","M","?","$","M","$","R","B",null,"M","M","M"],"character_chosen":"IRONCLAD","items_purchased":["Armaments","Flash of Steel"],"campfire_rested":3,"item_purchase_floors":[4,21],"current_hp_per_floor":[80,80,77,77,80,48,48,51,51,53,53,52,52,52,76,58,80,80,80,45,45,45,69,49,40,40,23,49,49,39,39,63,71,85,55,49,28,0],"gold":243,"neow_bonus":"TRANSFORM_CARD","is_prod":false,"is_daily":false,"chose_seed":false,"campfire_upgraded":2,"win_rate":0.0,"timestamp":1532307209,"path_taken":["M","?","M","$","M","E","R","M","T","M","R","M","$","?","R","BOSS","M","?","M","$","?","R","M","?","T","M","?","?","M","$","R","BOSS","M","M","M","M"],"build_version":"2018-07-19v2","purchased_purges":2,"victory":false,"max_hp_per_floor":[80,80,80,80,80,80,80,80,80,80,80,80,80,80,80,80,80,80,80,80,80,80,80,80,80,80,80,80,80,80,80,80,80,85,85,85,85,85],"card_choices":[{"not_picked":["Fire Breathing","Sword Boomerang"],"picked":"Warcry","floor":1},{"not_picked":["Intimidate","Sword Boomerang"],"picked":"Rampage","floor":3},{"not_picked":["Feel No Pain","True Grit","Armaments"],"picked":"SKIP","floor":5},{"not_picked":["Headbutt","Rampage"],"picked":"Rage","floor":6},{"not_picked":["Hemokinesis","Armaments"],"picked":"Shrug It Off","floor":8},{"not_picked":["Thunderclap","Perfected Strike","Power Through"],"picked":"SKIP","floor":10},{"not_picked":["Warcry","Twin Strike"],"picked":"Shrug It Off","floor":12},{"not_picked":["Dark Embrace","Berserk"],"picked":"Demon Form","floor":16},{"not_picked":["Uppercut","Perfected Strike"],"picked":"Anger","floor":17},{"not_picked":["Shrug It Off","Warcry+1","Sentinel"],"picked":"SKIP","floor":18},{"not_picked":["Iron Wave","Clash","Armaments"],"picked":"SKIP","floor":20},{"not_picked":["Heavy Blade","Corruption+1"],"picked":"Battle Trance","floor":24},{"not_picked":["Infernal Blade","Twin Strike","Second Wind"],"picked":"SKIP","floor":25},{"not_picked":["Clash","Uppercut+1"],"picked":"Fire Breathing","floor":27},{"not_picked":["Havoc+1","Hemokinesis","Pummel"],"picked":"SKIP","floor":30},{"not_picked":["Immolate","Fiend Fire"],"picked":"Double Tap","floor":33},{"not_picked":["Rampage+1","True Grit+1"],"picked":"Battle Trance","floor":34},{"not_picked":["Body Slam+1","Armaments","Headbutt"],"picked":"SKIP","floor":35},{"not_picked":["Clash","Thunderclap","Iron Wave+1"],"picked":"SKIP","floor":36},{"not_picked":["Thunderclap+1","Searing Blow","Disarm+1"],"picked":"SKIP","floor":37}],"player_experience":65797,"relics_obtained":[{"floor":6,"key":"War Paint"},{"floor":9,"key":"Bag of Preparation"},{"floor":26,"key":"Pantograph"}],"event_choices":[{"event_name":"Living Wall","player_choice":"Forget","floor":2,"damage_taken":0},{"event_name":"Transmorgrifier","player_choice":"Transform","floor":14,"damage_taken":0},{"event_name":"Wheel of Change","player_choice":"Card Removal","floor":19,"damage_taken":0},{"event_name":"Masked Bandits","player_choice":"Paid Bandits 28 gold","floor":22,"damage_taken":0},{"event_name":"The Library","player_choice":"Heal","floor":28,"damage_taken":0}],"is_beta":false,"boss_relics":[{"not_picked":["Mark of Pain","White Beast Statue"],"picked":"Orrery"},{"not_picked":["Snecko Eye","Calling Bell"],"picked":"Tiny House"}],"items_purged_floors":[4,13],"is_endless":false,"potions_floor_spawned":[1,5,8,16,18,24,30,33,36],"killed_by":"Spire Growth","ascension_level":0}