{"path_per_floor":["M","M","?","?","M","E","R","?","T","M","M"],"character_chosen":"IRONCLAD","items_purchased":[],"gold_per_floor":[117,132,132,132,147,181,181,181,181,201,213,213],"floor_reached":12,"campfire_rested":0,"playtime":1909,"item_purchase_floors":[],"current_hp_per_floor":[80,74,62,46,46,34,34,34,34,14,1,0],"items_purged":[],"gold":213,"score":80,"play_id":"1ede4233-2509-4904-9754-9f80799dd3ae","local_time":"20180616155348","is_prod":false,"is_daily":false,"chose_seed":false,"is_ascension_mode":false,"campfire_upgraded":1,"win_rate":0,"timestamp":1529157228,"campfire_choices":[{"data":"Armaments","floor":7,"key":"SMITH"}],"path_taken":["M","M","?","?","M","E","R","?","T","M","M","E"],"build_version":"2018-06-14v2","seed_source_timestamp":742570556906288,"purchased_purges":0,"victory":false,"master_deck":["Strike_R+1","Strike_R","Strike_R+1","Strike_R","Strike_R","Defend_R","Defend_R","Defend_R","Defend_R","Bash","Whirlwind","Cleave","Armaments+1","Demon Form","Spot Weakness","Demon Form"],"max_hp_per_floor":[80,80,80,80,80,80,80,80,80,80,80,80],"relics":["Philosopher\u0027s Stone","Red Skull","Ornamental Fan","Dodecahedron"],"card_choices":[{"not_picked":["True Grit","Second Wind"],"picked":"Whirlwind","floor":1},{"not_picked":["Hemokinesis","Sever Soul"],"picked":"Fire Breathing","floor":2},{"not_picked":["Armaments","Wild Strike"],"picked":"Cleave","floor":5},{"not_picked":["Shockwave","Headbutt"],"picked":"Armaments","floor":6},{"not_picked":["Havoc","Sword Boomerang"],"picked":"Spot Weakness","floor":10},{"not_picked":["Headbutt","Disarm"],"picked":"Demon Form","floor":11}],"player_experience":37750,"potions_floor_usage":[6,12,12,12],"damage_taken":[{"damage":0,"enemies":"2 Louse","floor":1,"turns":3},{"damage":6,"enemies":"Jaw Worm","floor":2,"turns":3},{"damage":0,"enemies":"Cultist","floor":5,"turns":3},{"damage":12,"enemies":"Gremlin Nob","floor":6,"turns":3},{"damage":20,"enemies":"Lots of Slimes","floor":10,"turns":3},{"damage":13,"enemies":"Exordium Wildlife","floor":11,"turns":4},{"damage":10,"enemies":"3 Sentries","floor":12,"turns":2}],"relics_obtained":[{"floor":6,"key":"Ornamental Fan"},{"floor":9,"key":"Dodecahedron"}],"event_choices":[{"event_name":"Scrap Ooze","player_choice":"success","floor":3,"damage_taken":12},{"event_name":"Shining Light","player_choice":"Entered Light","floor":4,"damage_taken":0},{"event_name":"Transmorgrifier","player_choice":"Transform","floor":8,"damage_taken":0}],"boss_relics":[],"items_purged_floors":[],"is_endless":false,"potions_floor_spawned":[1,2,6,10,11],"seed_played":"5783972016296664461","killed_by":"3 Sentries","ascension_level":0,"potions_obtained":[{"floor":1,"key":"Weak Potion"},{"floor":2,"key":"Weak Potion"},{"floor":6,"key":"Fire Potion"},{"floor":10,"key":"PowerPotion"}],"is_trial":false}