{"gold_per_floor":[109,59,134,134,134,165,178,178,256,286,286,314,95,270,270,375,375,389,402,103,114,114,143,143,174,200,200,180,192,218,235,235,332,332,342,360,57,157,2,2,2,2,2,22,38,38,52,66,66,66],"floor_reached":51,"playtime":2645,"items_purged":["Strike_R","Doubt"],"score":1119,"play_id":"c9aa86cf-239b-4864-80cb-9a9dbd39113e","local_time":"20190130021322","is_ascension_mode":true,"campfire_choices":[{"floor":11,"key":"REST"},{"data":"Flame Barrier","floor":15,"key":"SMITH"},{"floor":24,"key":"REST"},{"floor":32,"key":"REST"},{"data":"Shockwave","floor":40,"key":"SMITH"},{"floor":46,"key":"REST"},{"floor":49,"key":"REST"}],"neow_cost":"NONE","seed_source_timestamp":46582756149822,"circlet_count":0,"master_deck":["Defend_R+1","Defend_R","Bash","Clothesline+1","Sword Boomerang","Rampage+1","Flame Barrier+1","Bludgeon+1","Burning Pact+1","True Grit+1","Brutality+1","Metallicize+1","Havoc+1","Rupture","Shrug It Off+1","Metallicize+1","Impervious","Anger+1","Pummel+1","Battle Trance","Rupture","Shockwave+1","Cleave+1","Spot Weakness+1","Heavy Blade+1","Fire Breathing","Pain","Metallicize+1","Barricade","Seeing Red+1"],"relics":["Burning Blood","NeowsBlessing","Art of War","Bronze Scales","Molten Egg 2","Mercury Hourglass","Prayer Wheel","Juzu Bracelet","Astrolabe","DollysMirror","Ancient Tea Set","Peace Pipe","Blood Vial","Bottled Flame","Cursed Key","Meat on the Bone","Du-Vu Doll","Happy Flower","War Paint"],"potions_floor_usage":[16,16,21,23,29,29,45,50,50,50],"damage_taken":[{"damage":0,"enemies":"2 Louse","floor":1,"turns":1},{"damage":0,"enemies":"Gremlin Nob","floor":6,"turns":1},{"damage":0,"enemies":"Small Slimes","floor":7,"turns":1},{"damage":45,"enemies":"3 Sentries","floor":10,"turns":9},{"damage":20,"enemies":"Lagavulin","floor":12,"turns":6},{"damage":42,"enemies":"Slime Boss","floor":16,"turns":10},{"damage":14,"enemies":"Shell Parasite","floor":18,"turns":6},{"damage":0,"enemies":"Chosen","floor":19,"turns":3},{"damage":13,"enemies":"Snecko","floor":21,"turns":5},{"damage":23,"enemies":"Gremlin Leader","floor":23,"turns":5},{"damage":5,"enemies":"Book of Stabbing","floor":25,"turns":6},{"damage":19,"enemies":"Colosseum Slavers","floor":27,"turns":5},{"damage":0,"enemies":"Centurion and Healer","floor":29,"turns":7},{"damage":13,"enemies":"Slavers","floor":30,"turns":6},{"damage":20,"enemies":"Snake Plant","floor":31,"turns":4},{"damage":23,"enemies":"Champ","floor":33,"turns":8},{"damage":8,"enemies":"3 Shapes","floor":35,"turns":7},{"damage":14,"enemies":"3 Darklings","floor":36,"turns":4},{"damage":0,"enemies":"Mind Bloom Boss Battle","floor":38,"turns":9},{"damage":21,"enemies":"Maw","floor":44,"turns":6},{"damage":33,"enemies":"Transient","floor":45,"turns":5},{"damage":36,"enemies":"Spire Growth","floor":47,"turns":6},{"damage":24,"enemies":"4 Shapes","floor":48,"turns":5},{"damage":85,"enemies":"Time Eater","floor":50,"turns":8}],"seed_played":"2187998993578329197","potions_obtained":[{"floor":6,"key":"Energy Potion"},{"floor":10,"key":"SpeedPotion"},{"floor":12,"key":"GamblersBrew"},{"floor":16,"key":"Ancient Potion"},{"floor":19,"key":"Energy Potion"},{"floor":25,"key":"Poison Potion"},{"floor":28,"key":"Poison Potion"},{"floor":33,"key":"Regen Potion"},{"floor":35,"key":"Weak Potion"},{"floor":47,"key":"SteroidPotion"}],"is_trial":false,"path_per_floor":["M","?","?","?","?","E","M","?","T","E","R","E","$","?","R","B",null,"M","M","$","M","?","E","R","E","T","?","?","M","E","M","R","B",null,"M","M","$","?","$","R","?","?","T","M","M","R","M","M","R","B",null],"character_chosen":"IRONCLAD","items_purchased":["Juzu Bracelet","DollysMirror","Heavy Blade+1","Meat on the Bone","Happy Flower"],"campfire_rested":5,"item_purchase_floors":[13,20,37,37,39],"current_hp_per_floor":[78,78,67,64,69,75,81,81,81,42,67,53,53,53,53,17,68,60,66,66,59,59,42,67,68,68,57,57,65,60,48,73,58,78,78,72,72,80,80,80,80,80,80,67,54,79,51,47,72,22],"gold":66,"neow_bonus":"THREE_ENEMY_KILL","is_prod":false,"is_daily":false,"chose_seed":false,"campfire_upgraded":2,"win_rate":0,"timestamp":1548832402,"path_taken":["M","?","?","?","?","E","M","?","T","E","R","E","?","?","R","BOSS","M","M","$","M","?","E","R","E","T","?","?","M","E","M","R","BOSS","M","M","$","?","$","R","?","?","T","M","M","R","M","M","R","BOSS"],"build_version":"2019-01-23","purchased_purges":2,"victory":true,"max_hp_per_floor":[80,80,80,80,85,85,85,85,85,85,85,85,85,85,85,85,85,85,85,85,85,85,85,85,85,85,85,85,85,85,85,85,85,85,85,85,85,85,85,85,85,85,85,85,85,85,85,85,85,85],"card_choices":[{"not_picked":["Perfected Strike","Headbutt"],"picked":"Clothesline","floor":1},{"not_picked":["Evolve","Heavy Blade","Second Wind"],"picked":"SKIP","floor":6},{"not_picked":["Warcry","Thunderclap"],"picked":"Sword Boomerang","floor":7},{"not_picked":["Limit Break","Reckless Charge+1"],"picked":"Rampage+1","floor":10},{"not_picked":["Limit Break","Searing Blow+1"],"picked":"Flame Barrier","floor":12},{"not_picked":["Fiend Fire+1","Double Tap"],"picked":"Bludgeon+1","floor":16},{"not_picked":["Infernal Blade+1","Thunderclap+1"],"picked":"Metallicize+1","floor":18},{"not_picked":["Feel No Pain","Ghostly Armor"],"picked":"Havoc+1","floor":18},{"not_picked":["Body Slam+1","Pommel Strike+1"],"picked":"Rupture","floor":19},{"not_picked":["Wild Strike+1","Pommel Strike+1"],"picked":"Shrug It Off","floor":19},{"not_picked":["Inflame","Sword Boomerang+1"],"picked":"Impervious","floor":21},{"not_picked":["Uppercut+1","Armaments"],"picked":"Anger+1","floor":21},{"not_picked":["Dual Wield+1","Warcry"],"picked":"Pummel+1","floor":23},{"not_picked":["Perfected Strike+1","True Grit+1","Blood for Blood+1"],"picked":"SKIP","floor":25},{"not_picked":["Shrug It Off","Iron Wave+1"],"picked":"Battle Trance","floor":29},{"not_picked":["Feed+1","Uppercut+1","Anger+1"],"picked":"SKIP","floor":29},{"not_picked":["Blood for Blood+1","Bloodletting","Shrug It Off"],"picked":"SKIP","floor":30},{"not_picked":["Reckless Charge+1","Headbutt+1"],"picked":"Rupture","floor":31},{"not_picked":["Headbutt+1","Warcry"],"picked":"Shockwave","floor":31},{"not_picked":["Second Wind+1","Clothesline+1"],"picked":"Cleave+1","floor":35},{"not_picked":["Rupture","Wild Strike+1","Havoc"],"picked":"SKIP","floor":35},{"not_picked":["Flex","Inflame"],"picked":"Spot Weakness+1","floor":36},{"not_picked":["Warcry","Flex","Spot Weakness"],"picked":"SKIP","floor":36},{"not_picked":["Rupture","Pummel+1"],"picked":"Metallicize+1","floor":44},{"not_picked":["Body Slam+1","Clothesline+1","Carnage+1"],"picked":"SKIP","floor":44},{"not_picked":["Sword Boomerang+1","Armaments"],"picked":"Barricade","floor":45},{"not_picked":["Seeing Red","Iron Wave+1","Body Slam+1"],"picked":"SKIP","floor":45},{"not_picked":["Intimidate","Flex","Dropkick+1"],"picked":"SKIP","floor":47},{"not_picked":["Feed+1","Clash+1","Thunderclap+1"],"picked":"SKIP","floor":47},{"not_picked":["Perfected Strike+1","Intimidate"],"picked":"Seeing Red+1","floor":48},{"not_picked":["Perfected Strike+1","Hemokinesis+1","Havoc"],"picked":"SKIP","floor":48}],"player_experience":171125,"relics_obtained":[{"floor":6,"key":"Bronze Scales"},{"floor":9,"key":"Molten Egg 2"},{"floor":10,"key":"Mercury Hourglass"},{"floor":12,"key":"Prayer Wheel"},{"floor":23,"key":"Ancient Tea Set"},{"floor":25,"key":"Peace Pipe"},{"floor":26,"key":"Blood Vial"},{"floor":30,"key":"Bottled Flame"},{"floor":38,"key":"Du-Vu Doll"},{"floor":43,"key":"War Paint"}],"event_choices":[{"cards_removed":["Strike_R"],"damage_healed":0,"gold_gain":0,"player_choice":"Card Removal","damage_taken":0,"max_hp_gain":0,"max_hp_loss":0,"event_name":"The Cleric","floor":2,"gold_loss":50},{"damage_healed":0,"gold_gain":75,"player_choice":"Gather Gold","damage_taken":11,"max_hp_gain":0,"max_hp_loss":0,"event_name":"World of Goop","floor":3,"gold_loss":0},{"damage_healed":0,"gold_gain":0,"player_choice":"Success","damage_taken":3,"relics_obtained":["Art of War"],"max_hp_gain":0,"max_hp_loss":0,"event_name":"Scrap Ooze","floor":4,"gold_loss":0},{"damage_healed":0,"gold_gain":0,"player_choice":"Donut","damage_taken":0,"max_hp_gain":5,"max_hp_loss":0,"event_name":"Big Fish","floor":5,"gold_loss":0},{"damage_healed":0,"gold_gain":0,"player_choice":"Ignored","damage_taken":0,"max_hp_gain":0,"max_hp_loss":0,"event_name":"Shining Light","floor":8,"gold_loss":0},{"damage_healed":0,"gold_gain":175,"player_choice":"AGREE","damage_taken":0,"max_hp_gain":0,"max_hp_loss":0,"event_name":"Liars Game","floor":14,"gold_loss":0,"cards_obtained":["Doubt"]},{"damage_healed":0,"gold_gain":0,"player_choice":"Upgraded","damage_taken":0,"max_hp_gain":0,"max_hp_loss":0,"event_name":"Upgrade Shrine","floor":22,"gold_loss":0,"cards_upgraded":["Clothesline"]},{"damage_healed":0,"gold_gain":0,"player_choice":"Fight","damage_taken":0,"max_hp_gain":0,"max_hp_loss":0,"event_name":"Colosseum","floor":27,"gold_loss":0},{"damage_healed":0,"gold_gain":0,"player_choice":"Fled From Nobs","damage_taken":0,"max_hp_gain":0,"max_hp_loss":0,"event_name":"Colosseum","floor":27,"gold_loss":0},{"damage_healed":0,"gold_gain":0,"player_choice":"Bought 1 Potion","damage_taken":0,"max_hp_gain":0,"max_hp_loss":0,"event_name":"The Woman in Blue","floor":28,"gold_loss":0},{"damage_healed":0,"gold_gain":0,"player_choice":"Fight","damage_taken":0,"max_hp_gain":0,"max_hp_loss":0,"event_name":"MindBloom","floor":38,"gold_loss":0},{"damage_healed":0,"gold_gain":0,"cards_transformed":["Defend_R"],"player_choice":"Transformed","damage_taken":0,"max_hp_gain":0,"max_hp_loss":0,"event_name":"Transmorgrifier","floor":41,"gold_loss":0,"cards_obtained":["Fire Breathing"]},{"cards_removed":["Defend_R"],"damage_healed":0,"gold_gain":0,"player_choice":"Removed Skill","damage_taken":0,"max_hp_gain":0,"max_hp_loss":0,"event_name":"Falling","floor":42,"gold_loss":0}],"is_beta":false,"boss_relics":[{"not_picked":["Runic Pyramid","Philosopher\u0027s Stone"],"picked":"Astrolabe"},{"not_picked":["Tiny House","Runic Cube"],"picked":"Cursed Key"}],"items_purged_floors":[13,20],"is_endless":false,"potions_floor_spawned":[6,10,12,16,19,25,27,33,35,44,47],"ascension_level":8}