{"gold_per_floor":[211,0,13,29,44,44,44,56,56,56,81,81,115,131,131,231,231,244,343,362,376,195,195,208,208,235,248,273,273,148,160,160,255,255,266,279,279,289,303,303,318,318,318,331,344,358,358,358,358,358],"floor_reached":50,"playtime":3565,"items_purged":["Strike_G","Strike_G","Strike_G"],"score":635,"play_id":"c0e8d36e-2a07-477b-ab39-707ab1a1ba3d","local_time":"20180827033354","is_ascension_mode":true,"campfire_choices":[{"data":"Footwork","floor":6,"key":"SMITH"},{"data":"Dash","floor":10,"key":"SMITH"},{"data":"Prepared","floor":12,"key":"SMITH"},{"floor":15,"key":"REST"},{"data":"Cloak And Dagger","floor":23,"key":"SMITH"},{"data":"Envenom","floor":25,"key":"SMITH"},{"floor":29,"key":"REST"},{"floor":32,"key":"REST"},{"floor":40,"key":"REST"},{"floor":47,"key":"REST"},{"floor":49,"key":"REST"}],"neow_cost":"NONE","seed_source_timestamp":929301028573969,"circlet_count":0,"master_deck":["Defend_G","Defend_G","Defend_G","Defend_G","Defend_G","Survivor","Neutralize","Footwork+1","Dash+1","Infinite Blades","Prepared+1","Backstab","All Out Attack","Well Laid Plans","Terror","Envenom+1","Footwork","Blur+1","Cloak And Dagger+1","Accuracy","Escape Plan","Cloak And Dagger+1","Apotheosis","Writhe"],"relics":["Ring of the Snake","Bronze Scales","Singing Bowl","Turnip","Blue Candle","Lizard Tail","Juzu Bracelet","Orichalcum","Empty Cage","Matryoshka"],"potions_floor_usage":[28,28,33,33,41,46,46],"damage_taken":[{"damage":1,"enemies":"Cultist","floor":1,"turns":3},{"damage":1,"enemies":"Jaw Worm","floor":3,"turns":4},{"damage":0,"enemies":"Small Slimes","floor":4,"turns":4},{"damage":7,"enemies":"Exordium Thugs","floor":5,"turns":8},{"damage":0,"enemies":"3 Louse","floor":8,"turns":2},{"damage":1,"enemies":"Lagavulin","floor":11,"turns":8},{"damage":44,"enemies":"Gremlin Nob","floor":13,"turns":5},{"damage":3,"enemies":"Looter","floor":14,"turns":3},{"damage":3,"enemies":"The Guardian","floor":16,"turns":11},{"damage":8,"enemies":"Chosen","floor":18,"turns":5},{"damage":0,"enemies":"3 Byrds","floor":20,"turns":3},{"damage":7,"enemies":"Centurion and Healer","floor":21,"turns":10},{"damage":2,"enemies":"Snake Plant","floor":24,"turns":6},{"damage":16,"enemies":"Cultist and Chosen","floor":27,"turns":7},{"damage":32,"enemies":"Gremlin Leader","floor":28,"turns":9},{"damage":16,"enemies":"Centurion and Healer","floor":31,"turns":7},{"damage":23,"enemies":"Champ","floor":33,"turns":15},{"damage":16,"enemies":"Orb Walker","floor":35,"turns":5},{"damage":26,"enemies":"Flame Bruiser 1 Orb","floor":36,"turns":12},{"damage":1,"enemies":"Sphere and 2 Shapes","floor":38,"turns":8},{"damage":0,"enemies":"Maw","floor":39,"turns":8},{"damage":25,"enemies":"Spire Growth","floor":41,"turns":7},{"damage":112,"enemies":"Transient","floor":44,"turns":5},{"damage":10,"enemies":"Sphere and 2 Shapes","floor":45,"turns":9},{"damage":0,"enemies":"Spire Growth","floor":46,"turns":8},{"damage":98,"enemies":"Donu and Deca","floor":50,"turns":9}],"seed_played":"6619805114101844034","potions_obtained":[{"floor":1,"key":"EssenceOfSteel"},{"floor":8,"key":"Energy Potion"},{"floor":16,"key":"Weak Potion"},{"floor":28,"key":"Explosive Potion"},{"floor":33,"key":"Poison Potion"},{"floor":36,"key":"Dexterity Potion"},{"floor":38,"key":"Strength Potion"},{"floor":39,"key":"Dexterity Potion"},{"floor":46,"key":"GamblersBrew"}],"is_trial":false,"path_per_floor":["M","$","M","M","M","R","?","M","T","R","E","R","E","M","R","B",null,"M","?","M","M","$","R","M","R","T","M","E","R","$","M","R","B",null,"M","M","?","M","M","R","M","?","T","M","M","M","R","?","R"],"character_chosen":"THE_SILENT","items_purchased":["Dash","Infinite Blades","Cloak And Dagger","Accuracy"],"campfire_rested":6,"item_purchase_floors":[2,2,22,22],"current_hp_per_floor":[69,69,68,68,61,61,61,61,61,61,60,60,16,15,36,33,72,64,64,64,59,59,59,59,59,59,45,15,39,39,23,47,26,82,68,42,42,43,45,71,48,48,48,19,11,13,41,65,93,0],"gold":358,"neow_bonus":"HUNDRED_GOLD","is_prod":false,"is_daily":false,"chose_seed":false,"campfire_upgraded":5,"win_rate":0,"timestamp":1535312034,"path_taken":["M","$","?","M","?","R","?","M","T","R","E","R","E","M","R","BOSS","M","?","M","?","?","R","M","R","T","M","E","R","$","M","R","BOSS","M","M","?","M","M","R","M","?","T","M","M","M","R","?","R","BOSS"],"build_version":"2018-08-23v2","purchased_purges":3,"victory":false,"max_hp_per_floor":[70,70,70,70,70,70,70,70,70,70,70,70,70,72,72,72,72,72,72,72,74,74,74,76,76,76,78,80,80,80,80,80,82,82,84,84,84,86,88,88,90,90,90,92,94,96,96,96,96,96],"card_choices":[{"not_picked":["Finisher","Masterful Stab"],"picked":"Footwork","floor":1},{"not_picked":["Dodge and Roll","Choke"],"picked":"Prepared","floor":3},{"not_picked":["PiercingWail","Poisoned Stab"],"picked":"Backstab","floor":4},{"not_picked":["Blade Dance","Choke"],"picked":"All Out Attack","floor":5},{"not_picked":["Heel Hook","Deflect","Endless Agony"],"picked":"SKIP","floor":8},{"not_picked":["Eviscerate","Bouncing Flask"],"picked":"Well Laid Plans","floor":11},{"not_picked":["Dash","Venomology"],"picked":"Terror","floor":13},{"not_picked":["Deflect","Dagger Spray","Prepared"],"picked":"Singing Bowl","floor":14},{"not_picked":["Night Terror","A Thousand Cuts"],"picked":"Envenom","floor":16},{"not_picked":["Well Laid Plans","Flying Knee+1"],"picked":"Footwork","floor":18},{"not_picked":["Dagger Throw+1","Tactician"],"picked":"Blur+1","floor":20},{"not_picked":["Flying Knee","PiercingWail","Concentrate+1"],"picked":"Singing Bowl","floor":21},{"not_picked":["Tactician","Prepared+1","Dagger Throw+1"],"picked":"Singing Bowl","floor":24},{"not_picked":["Infinite Blades","Leg Sweep+1","Reflex+1"],"picked":"Singing Bowl","floor":27},{"not_picked":["Deadly Poison+1","Doppelganger","Outmaneuver"],"picked":"Singing Bowl","floor":28},{"not_picked":["Prepared","Bouncing Flask"],"picked":"Escape Plan","floor":31},{"not_picked":["Storm of Steel","Envenom","Phantasmal Killer"],"picked":"Singing Bowl","floor":33},{"not_picked":["Sucker Punch","Poisoned Stab","Distraction+1"],"picked":"Singing Bowl","floor":35},{"not_picked":["Deflect","Outmaneuver"],"picked":"Cloak And Dagger+1","floor":36},{"not_picked":["Envenom","Dagger Spray+1","Bane+1"],"picked":"Singing Bowl","floor":38},{"not_picked":["Underhanded Strike","Sucker Punch","Tactician"],"picked":"Singing Bowl","floor":39},{"not_picked":["Deadly Poison+1","Dagger Spray","Outmaneuver+1"],"picked":"Singing Bowl","floor":41},{"not_picked":["Panacea","PanicButton"],"picked":"Apotheosis","floor":42},{"not_picked":["Dagger Throw","Deflect+1","Flying Knee"],"picked":"Singing Bowl","floor":44},{"not_picked":["Endless Agony","PiercingWail","Sucker Punch"],"picked":"Singing Bowl","floor":45},{"not_picked":["Caltrops+1","Infinite Blades","Dodge and Roll+1"],"picked":"Singing Bowl","floor":46}],"player_experience":297095,"relics_obtained":[{"floor":9,"key":"Singing Bowl"},{"floor":11,"key":"Turnip"},{"floor":13,"key":"Blue Candle"},{"floor":26,"key":"Juzu Bracelet"},{"floor":28,"key":"Orichalcum"},{"floor":43,"key":"Matryoshka"}],"event_choices":[{"event_name":"Dead Adventurer","player_choice":"Searched \u00271\u0027 times","floor":7,"damage_taken":0},{"event_name":"Nest","player_choice":"Stole From Cult","floor":19,"damage_taken":0},{"event_name":"FaceTrader","player_choice":"Leave","floor":37,"damage_taken":0},{"event_name":"SensoryStone","player_choice":"Memory 1","floor":42,"damage_taken":0},{"event_name":"Winding Halls","player_choice":"Writhe","floor":48,"damage_taken":0}],"is_beta":false,"boss_relics":[{"not_picked":["White Beast Statue","HoveringKite"],"picked":"Lizard Tail"},{"not_picked":["Runic Pyramid","Orrery"],"picked":"Empty Cage"}],"items_purged_floors":[2,22,30],"is_endless":false,"potions_floor_spawned":[1,8,16,21,24,27,28,33,36,38,39,46],"killed_by":"Donu and Deca","ascension_level":3}