{"gold_per_floor":[110,127,127,138,90,90,90,105,128,140,159,159,178,178,178,274,274,286,299,326,255,271,302,14,14,14,24,24,24,51,67,67,67],"floor_reached":33,"playtime":3727,"items_purged":[],"score":284,"play_id":"aedcc5ed-09e8-4619-9385-d0d15d636e3b","local_time":"20181110201408","is_ascension_mode":false,"campfire_choices":[{"data":"Flex","floor":6.0,"key":"SMITH"},{"data":"Infernal Blade","floor":12,"key":"SMITH"},{"data":"Rampage","floor":15,"key":"SMITH"},{"floor":25,"key":"REST"},{"floor":32,"key":"REST"}],"neow_cost":"NONE","seed_source_timestamp":0,"circlet_count":0,"master_deck":["Strike_R","Strike_R","Strike_R","Strike_R","Strike_R","Defend_R","Defend_R+1","Defend_R","Bash","Metallicize","Headbutt","Warcry+1","Flex+1","Infernal Blade+1","Thunderclap","Perfected Strike","Rampage+1","Double Tap","Fire Breathing","Seeing Red","Metallicize","Carnage","Hemokinesis","Inflame","Carnage","Thunderclap+1"],"special_seed":0,"relics":["Burning Blood","Orichalcum","Blood Vial","Fusion Hammer","War Paint","Juzu Bracelet","Mango","Oddly Smooth Stone","Lantern"],"potions_floor_usage":[16,16,16,16,16,18,22,23,33,33],"damage_taken":[{"damage":8.0,"enemies":"Jaw Worm","floor":1.0,"turns":4.0},{"damage":4.0,"enemies":"Cultist","floor":2.0,"turns":4.0},{"damage":6.0,"enemies":"2 Louse","floor":4.0,"turns":3.0},{"damage":9,"enemies":"Blue Slaver","floor":8,"turns":4},{"damage":9,"enemies":"3 Louse","floor":10,"turns":3},{"damage":0,"enemies":"Gremlin Gang","floor":11,"turns":4},{"damage":4,"enemies":"Red Slaver","floor":13,"turns":3},{"damage":40,"enemies":"Hexaghost","floor":16,"turns":8},{"damage":4,"enemies":"Chosen","floor":18,"turns":2},{"damage":12,"enemies":"3 Byrds","floor":19,"turns":5},{"damage":17,"enemies":"Cultist and Chosen","floor":22,"turns":5},{"damage":21,"enemies":"Book of Stabbing","floor":23,"turns":4},{"damage":26,"enemies":"Centurion and Healer","floor":27,"turns":4},{"damage":27,"enemies":"3 Cultists","floor":31,"turns":5},{"damage":98,"enemies":"Automaton","floor":33,"turns":8}],"seed_played":"4495829888805035427","potions_obtained":[{"floor":2.0,"key":"FearPotion"},{"floor":3.0,"key":"EntropicBrew"},{"floor":3.0,"key":"SpeedPotion"},{"floor":10,"key":"FearPotion"},{"floor":16,"key":"FearPotion"},{"floor":19,"key":"Fire Potion"},{"floor":27,"key":"SteroidPotion"},{"floor":31,"key":"Poison Potion"}],"is_trial":false,"path_per_floor":["M","M","?","M","$","R","?","M","T","M","M","R","M","?","R","B",null,"M","M","T","$","M","E","$","R","T","M","$","?","T","M","R","B"],"character_chosen":"IRONCLAD","items_purchased":["Flex","Metallicize","Mango"],"campfire_rested":2,"item_purchase_floors":[5,21,24],"current_hp_per_floor":[86,88,88,88,88,88,76,73,73,72,80,80,84,84,84,52,88,88,82,82,82,73,60,74,102,102,82,82,82,82,63,93,0],"gold":67,"neow_bonus":"TEN_PERCENT_HP_BONUS","is_prod":false,"is_daily":false,"chose_seed":false,"campfire_upgraded":3,"win_rate":0.0,"timestamp":1541909648,"path_taken":["M","M","?","M","?","R","?","M","T","M","M","R","?","?","R","BOSS","M","?","?","$","?","E","$","R","T","M","?","?","?","M","R","BOSS"],"build_version":"2018-11-08","purchased_purges":0,"victory":false,"max_hp_per_floor":[88,88,88,88,88,88,88,88,88,88,88,88,88,88,88,88,88,88,88,88,88,88,88,102,102,102,102,102,102,102,102,102,102],"card_choices":[{"not_picked":["Clothesline","Hemokinesis"],"picked":"Metallicize","floor":1.0},{"not_picked":["Sword Boomerang","Blood for Blood"],"picked":"Headbutt","floor":2.0},{"not_picked":["Armaments","Clash"],"picked":"Warcry","floor":4.0},{"not_picked":["Blood for Blood","Rage"],"picked":"Infernal Blade","floor":8},{"not_picked":["Metallicize","Body Slam"],"picked":"Thunderclap","floor":10},{"not_picked":["Iron Wave","Warcry"],"picked":"Perfected Strike","floor":11},{"not_picked":["Pommel Strike","Blood for Blood"],"picked":"Rampage","floor":13},{"not_picked":["Barricade","Dark Embrace"],"picked":"Double Tap","floor":16},{"not_picked":["Ghostly Armor","Thunderclap"],"picked":"Fire Breathing","floor":18},{"not_picked":["Warcry","Iron Wave+1"],"picked":"Seeing Red","floor":19},{"not_picked":["Pommel Strike+1","Reckless Charge"],"picked":"Carnage","floor":22},{"not_picked":["Thunderclap","True Grit"],"picked":"Hemokinesis","floor":23},{"not_picked":["Searing Blow+1","Carnage+1"],"picked":"Inflame","floor":27},{"not_picked":["Armaments+1","Iron Wave"],"picked":"Thunderclap+1","floor":31}],"player_experience":9562,"relics_obtained":[{"floor":9,"key":"Blood Vial"},{"floor":20,"key":"War Paint"},{"floor":23,"key":"Juzu Bracelet"},{"floor":26,"key":"Oddly Smooth Stone"},{"floor":30,"key":"Lantern"}],"event_choices":[{"damage_healed":0.0,"max_hp_gain":0.0,"max_hp_loss":0.0,"gold_gain":0.0,"event_name":"Lab","player_choice":"Got Potions","floor":3.0,"gold_loss":0.0,"damage_taken":0.0},{"damage_healed":0.0,"max_hp_gain":0.0,"max_hp_loss":0.0,"gold_gain":0.0,"event_name":"Scrap Ooze","player_choice":"Success","floor":7.0,"gold_loss":0.0,"damage_taken":12.0,"relics_obtained":["Orichalcum"]},{"cards_removed":["Defend_R"],"damage_healed":0,"gold_gain":0,"player_choice":"Card Removal","damage_taken":0,"max_hp_gain":0,"max_hp_loss":0,"event_name":"Wheel of Change","floor":14,"gold_loss":0},{"damage_healed":0,"gold_gain":0,"player_choice":"Read","damage_taken":0,"max_hp_gain":0,"max_hp_loss":0,"event_name":"The Library","floor":29,"gold_loss":0,"cards_obtained":["Carnage"]}],"is_beta":false,"boss_relics":[{"not_picked":["Cursed Key","Empty Cage"],"picked":"Fusion Hammer"}],"items_purged_floors":[],"is_endless":false,"potions_floor_spawned":[2,10,11,16,19,27,31],"killed_by":"Automaton","ascension_level":0}