{"gold_per_floor":[11,31,31,31,31,31,48,48,48,59,94,17,47,66,66,66],"floor_reached":16,"playtime":605,"items_purged":[],"score":135,"play_id":"ee8586f3-6bbe-4860-a900-300e5cdb1a47","local_time":"20180713214754","is_ascension_mode":false,"campfire_choices":[{"data":"Dualcast","floor":6,"key":"SMITH"},{"data":"Defragment","floor":15,"key":"SMITH"}],"neow_cost":"NO_GOLD","seed_source_timestamp":92017797633843,"circlet_count":0,"master_deck":["Strike_B","Strike_B","Strike_B","Defend_B","Defend_B","Defend_B","Defend_B","Zap","Dualcast+1","Self Repair","Lockon","Defragment+1","Redo","Hyperbeam"],"relics":["Cracked Core","Question Card","Girya","Prayer Wheel","Mango"],"potions_floor_usage":[11,11,14],"damage_taken":[{"damage":0,"enemies":"2 Louse","floor":1,"turns":2},{"damage":0,"enemies":"Small Slimes","floor":2,"turns":3},{"damage":0,"enemies":"Cultist","floor":7,"turns":3},{"damage":9,"enemies":"2 Fungi Beasts","floor":10,"turns":4},{"damage":16,"enemies":"Lagavulin","floor":11,"turns":6},{"damage":18,"enemies":"Gremlin Nob","floor":13,"turns":4},{"damage":0,"enemies":"Exordium Wildlife","floor":14,"turns":2},{"damage":74,"enemies":"Hexaghost","floor":16,"turns":9}],"seed_played":"7003312037263941761","potions_obtained":[{"floor":2,"key":"Poison Potion"},{"floor":7,"key":"Fire Potion"},{"floor":10,"key":"Poison Potion"},{"floor":11,"key":"FearPotion"}],"is_trial":false,"path_per_floor":["M","M","?","$","?","R","M","T","T","M","E","$","E","M","R"],"character_chosen":"DEFECT","items_purchased":["Defragment"],"campfire_rested":0,"item_purchase_floors":[12],"current_hp_per_floor":[89,89,89,89,89,89,89,89,89,80,71,71,74,74,74,0],"gold":66,"neow_bonus":"TWENTY_PERCENT_HP_BONUS","is_prod":false,"is_daily":false,"chose_seed":false,"campfire_upgraded":2,"win_rate":0,"timestamp":1531511274,"path_taken":["M","M","?","?","?","R","?","?","T","M","E","$","E","M","R","BOSS"],"build_version":"2018-07-12","purchased_purges":0,"victory":false,"max_hp_per_floor":[89,89,89,89,89,89,89,89,89,89,89,89,103,103,103,103],"card_choices":[{"not_picked":["Go for the Eyes","Static Discharge","Stack"],"picked":"SKIP","floor":1},{"not_picked":["Cold Snap","Stack","Coolheaded"],"picked":"SKIP","floor":2},{"not_picked":["Doom and Gloom","Static Discharge","Gash"],"picked":"SKIP","floor":7},{"not_picked":["Compile Driver","Cold Snap","Hologram"],"picked":"Self Repair","floor":10},{"not_picked":["Blizzard","Doom and Gloom","Glacier"],"picked":"Lockon","floor":11},{"not_picked":["Rebound","Steam Power","Gash"],"picked":"Redo","floor":13},{"not_picked":["Lockon","Sweeping Beam","Chaos"],"picked":"Hyperbeam","floor":14},{"not_picked":["Sweeping Beam","Compile Driver","Streamline","Self Repair"],"picked":"SKIP","floor":14}],"player_experience":468774,"relics_obtained":[{"floor":8,"key":"Question Card"},{"floor":9,"key":"Girya"},{"floor":11,"key":"Prayer Wheel"},{"floor":13,"key":"Mango"}],"event_choices":[{"event_name":"Living Wall","player_choice":"Forget","floor":3,"damage_taken":0},{"event_name":"The Cleric","player_choice":"Leave","floor":5,"damage_taken":0}],"boss_relics":[],"items_purged_floors":[],"is_endless":false,"potions_floor_spawned":[2,7,10,11],"killed_by":"Hexaghost","ascension_level":0}