{"gold_per_floor":[116,116,41,41,61,118,118,131,131,131,166,166,116,132,132,232,232,247,327,339,339,98,98,125,125,125,135,135],"floor_reached":28,"playtime":677,"items_purged":["Defend_R","Defend_R","Defend_R"],"score":269,"play_id":"c807424a-17b0-4a53-abad-55f01339c631","local_time":"20190112200214","is_ascension_mode":false,"campfire_choices":[{"data":"Strike_R","floor":7,"key":"SMITH"},{"data":"Strike_R","floor":10,"key":"SMITH"},{"floor":12,"key":"REST"},{"data":"Pommel Strike","floor":15,"key":"SMITH"},{"data":"Immolate","floor":23,"key":"SMITH"},{"data":"Strike_R","floor":25,"key":"SMITH"}],"neow_cost":"NONE","seed_source_timestamp":101775182816100,"circlet_count":0,"master_deck":["Strike_R","Strike_R","Strike_R+1","Strike_R+1","Strike_R+1","Defend_R","Bash+1","Perfected Strike+1","Shrug It Off","Pommel Strike+1","Immolate+1"],"relics":["Black Blood","Regal Pillow","Tiny Chest","Boot","Smiling Mask","Gremlin Horn","Mango","Brimstone","Kunai","Blood Vial"],"potions_floor_usage":[28],"damage_taken":[{"damage":17,"enemies":"Small Slimes","floor":1,"turns":3},{"damage":0,"enemies":"Cultist","floor":5,"turns":2},{"damage":20,"enemies":"Gremlin Nob","floor":6,"turns":4},{"damage":13,"enemies":"Jaw Worm","floor":8,"turns":3},{"damage":39,"enemies":"3 Sentries","floor":11,"turns":8},{"damage":2,"enemies":"Looter","floor":14,"turns":2},{"damage":53,"enemies":"Slime Boss","floor":16,"turns":9},{"damage":39,"enemies":"Shell Parasite","floor":18,"turns":5},{"damage":5,"enemies":"Chosen","floor":20,"turns":3},{"damage":0,"enemies":"Gremlin Leader","floor":24,"turns":3},{"damage":54,"enemies":"Shelled Parasite and Fungi","floor":27,"turns":4},{"damage":54,"enemies":"Book of Stabbing","floor":28,"turns":3}],"seed_played":"6495703223758103629","potions_obtained":[{"floor":6,"key":"GamblersBrew"},{"floor":16,"key":"GamblersBrew"},{"floor":18,"key":"Strength Potion"}],"is_trial":false,"path_per_floor":["M","?","$","T","M","E","R","M","T","R","E","R","$","M","R","B",null,"M","T","M","T","$","R","E","R","T","M","E"],"character_chosen":"IRONCLAD","items_purchased":["Brimstone"],"campfire_rested":1,"item_purchase_floors":[22],"current_hp_per_floor":[69,69,69,69,75,61,61,54,54,54,21,60,60,64,64,17,80,51,51,56,70,70,70,80,80,80,38,0],"gold":135,"neow_bonus":"UPGRADE_CARD","is_prod":false,"is_daily":false,"chose_seed":false,"campfire_upgraded":5,"win_rate":0,"timestamp":1547323334,"path_taken":["M","?","$","?","M","E","R","M","T","R","E","R","$","M","R","BOSS","M","?","M","?","$","R","E","R","T","M","E"],"build_version":"2019-01-10","purchased_purges":3,"victory":false,"max_hp_per_floor":[80,80,80,80,80,80,80,80,80,80,80,80,80,80,80,80,80,80,80,80,94,94,94,94,94,94,94,94],"card_choices":[{"not_picked":["Warcry","Shrug It Off"],"picked":"Perfected Strike","floor":1},{"not_picked":["Havoc","Iron Wave","Pummel"],"picked":"SKIP","floor":5},{"not_picked":["Armaments","Anger","Heavy Blade"],"picked":"SKIP","floor":6},{"not_picked":["Flame Barrier","Uppercut","Rage"],"picked":"SKIP","floor":8},{"not_picked":["Havoc","Heavy Blade"],"picked":"Shrug It Off","floor":11},{"not_picked":["Warcry","Shrug It Off"],"picked":"Pommel Strike","floor":14},{"not_picked":["Barricade","Fiend Fire"],"picked":"Immolate","floor":16},{"not_picked":["Shrug It Off","Rampage+1","Havoc"],"picked":"SKIP","floor":18},{"not_picked":["Infernal Blade","Second Wind","True Grit"],"picked":"SKIP","floor":20},{"not_picked":["Second Wind","Heavy Blade+1","Rupture"],"picked":"SKIP","floor":24},{"not_picked":["Wild Strike","Sword Boomerang","Second Wind"],"picked":"SKIP","floor":27}],"player_experience":103027,"relics_obtained":[{"floor":4,"key":"Regal Pillow"},{"floor":6,"key":"Tiny Chest"},{"floor":9,"key":"Boot"},{"floor":11,"key":"Smiling Mask"},{"floor":19,"key":"Gremlin Horn"},{"floor":21,"key":"Mango"},{"floor":24,"key":"Kunai"},{"floor":26,"key":"Blood Vial"}],"event_choices":[{"damage_healed":0,"gold_gain":0,"player_choice":"Forge","damage_taken":0,"max_hp_gain":0,"max_hp_loss":0,"event_name":"Accursed Blacksmith","floor":2,"gold_loss":0,"cards_upgraded":["Perfected Strike"]}],"is_beta":false,"boss_relics":[{"not_picked":["Orrery","Black Star"],"picked":"Black Blood"}],"items_purged_floors":[3,13,22],"is_endless":false,"potions_floor_spawned":[6,16,18],"killed_by":"Book of Stabbing","ascension_level":0}