{"gold_per_floor":[116,134,134,148,168,168,168,168,193,193,219,219,243,93,93,93],"floor_reached":16,"playtime":448,"items_purged":["Strike_B"],"score":90,"play_id":"e454ce51-d506-4d5e-adda-1a734e559c44","local_time":"20180721161147","is_ascension_mode":false,"campfire_choices":[{"data":"Zap","floor":6,"key":"SMITH"},{"data":"Self Repair","floor":8,"key":"SMITH"},{"data":"Go for the Eyes","floor":10,"key":"SMITH"},{"data":"Beam Cell","floor":12,"key":"SMITH"},{"data":"Leap","floor":15,"key":"SMITH"}],"neow_cost":"NONE","seed_source_timestamp":536294117080267,"circlet_count":0,"master_deck":["Strike_B","Strike_B","Defend_B","Defend_B","Defend_B","Defend_B","Zap+1","Dualcast","Beam Cell+1","Go for the Eyes+1","Self Repair+1","Leap+1","Defragment"],"relics":["Cracked Core","Strawberry","Golden Idol","Regal Pillow","Anchor"],"potions_floor_usage":[16],"damage_taken":[{"damage":3,"enemies":"2 Louse","floor":1,"turns":3},{"damage":0,"enemies":"Small Slimes","floor":2,"turns":2},{"damage":1,"enemies":"Cultist","floor":4,"turns":3},{"damage":2,"enemies":"Blue Slaver","floor":5,"turns":3},{"damage":4,"enemies":"Gremlin Gang","floor":13,"turns":4},{"damage":62,"enemies":"Hexaghost","floor":16,"turns":14}],"seed_played":"-4188421175341319053","potions_obtained":[{"floor":4,"key":"Fire Potion"},{"floor":5,"key":"PowerPotion"}],"is_trial":false,"path_per_floor":["M","M","?","M","M","R","?","R","T","R","T","R","M","$","R"],"character_chosen":"DEFECT","items_purchased":["Defragment"],"campfire_rested":0,"item_purchase_floors":[14],"current_hp_per_floor":[72,72,76,75,73,73,53,53,53,53,53,53,59,59,59,0],"gold":93,"neow_bonus":"REMOVE_CARD","is_prod":false,"is_daily":false,"chose_seed":false,"campfire_upgraded":5,"win_rate":0.0,"timestamp":1532160707,"path_taken":["M","M","?","M","M","R","?","R","T","R","?","R","M","$","R","BOSS"],"build_version":"2018-07-19v2","purchased_purges":1,"victory":false,"max_hp_per_floor":[75,75,82,82,82,82,82,82,82,82,82,82,82,82,82,82],"card_choices":[{"not_picked":["Tempest","Heatsinks"],"picked":"Beam Cell","floor":1},{"not_picked":["Loop","Compile Driver","Steam"],"picked":"SKIP","floor":2},{"not_picked":["Barrage","Cold Snap"],"picked":"Go for the Eyes","floor":4},{"not_picked":["Beam Cell","Gash"],"picked":"Self Repair","floor":5},{"not_picked":["Ball Lightning","Aggregate"],"picked":"Leap","floor":13}],"player_experience":33763,"relics_obtained":[{"floor":9,"key":"Regal Pillow"},{"floor":11,"key":"Anchor"}],"event_choices":[{"event_name":"Scrap Ooze","player_choice":"success","floor":3,"damage_taken":3},{"event_name":"Golden Idol","player_choice":"Take Damage","floor":7,"damage_taken":0}],"is_beta":false,"boss_relics":[],"items_purged_floors":[14],"is_endless":false,"potions_floor_spawned":[4,5],"killed_by":"Hexaghost","ascension_level":0}