{"gold_per_floor":[114,114,15,29,40,40,40,40,120,134,144,169,199,99,99,202,202,220,220,220,220,26,26,42,42,68,68,68,102,113,113,113,212,212,228,228,239,251,251,251,251],"floor_reached":41,"playtime":1380,"items_purged":["Strike_B","Strike_B"],"score":468,"play_id":"8f675342-5a1d-4c25-b864-ba3898f5c70a","local_time":"20180828000025","is_ascension_mode":true,"campfire_choices":[{"data":"Zap","floor":6,"key":"SMITH"},{"data":"Conserve Battery","floor":8,"key":"SMITH"},{"data":"Gash","floor":15,"key":"SMITH"},{"data":"Biased Cognition","floor":23,"key":"SMITH"},{"data":"Conserve Battery","floor":25,"key":"SMITH"},{"floor":27,"key":"REST"},{"floor":32,"key":"REST"},{"data":"Enlightenment","floor":40,"key":"SMITH"}],"neow_cost":"NONE","seed_source_timestamp":1005080898225251,"circlet_count":0,"master_deck":["Strike_B","Defend_B+1","Defend_B","Defend_B","Defend_B","Zap+1","Dualcast","Conserve Battery+1","Ball Lightning+1","FTL","Capacitor","Gash+1","Biased Cognition+1","Conserve Battery+1","Conserve Battery+1","Thunder Strike","Tempest+1","Enlightenment+1","Redo+1"],"relics":["Cracked Core","Letter Opener","Bag of Preparation","Bottled Tornado","White Beast Statue","Emotion Chip","War Paint","Bronze Scales","Omamori","MutagenicStrength","Orrery"],"potions_floor_usage":[11,33,41],"damage_taken":[{"damage":2,"enemies":"2 Louse","floor":1,"turns":2},{"damage":0,"enemies":"Jaw Worm","floor":4,"turns":3},{"damage":0,"enemies":"Small Slimes","floor":5,"turns":2},{"damage":0,"enemies":"2 Fungi Beasts","floor":10,"turns":2},{"damage":0,"enemies":"Gremlin Gang","floor":11,"turns":3},{"damage":10,"enemies":"Gremlin Nob","floor":13,"turns":3},{"damage":14,"enemies":"The Guardian","floor":16,"turns":10},{"damage":6,"enemies":"Shell Parasite","floor":18,"turns":4},{"damage":12,"enemies":"2 Thieves","floor":24,"turns":4},{"damage":56,"enemies":"Gremlin Leader","floor":29,"turns":7},{"damage":0,"enemies":"Snecko","floor":30,"turns":4},{"damage":42,"enemies":"Collector","floor":33,"turns":12},{"damage":1,"enemies":"Orb Walker","floor":35,"turns":3},{"damage":17,"enemies":"Flame Bruiser 1 Orb","floor":37,"turns":4},{"damage":4,"enemies":"Maw","floor":38,"turns":6},{"damage":66,"enemies":"Nemesis","floor":41,"turns":4}],"seed_played":"5185416624976915488","potions_obtained":[{"floor":1,"key":"SteroidPotion"},{"floor":10,"key":"Explosive Potion"},{"floor":16,"key":"SteroidPotion"},{"floor":18,"key":"Dexterity Potion"},{"floor":24,"key":"Energy Potion"},{"floor":33,"key":"EssenceOfSteel"},{"floor":38,"key":"Energy Potion"}],"is_trial":false,"path_per_floor":["M","?","$","M","M","R","?","R","T","M","M","T","E","$","R","B",null,"M","?","?","?","$","R","M","R","T","R","?","E","M","?","R","B",null,"M","?","M","M","?","R"],"character_chosen":"DEFECT","items_purchased":["Ball Lightning","Conserve Battery","War Paint"],"campfire_rested":2,"item_purchase_floors":[3,22,22],"current_hp_per_floor":[80,73,73,73,73,73,73,73,73,73,73,73,63,63,63,49,82,76,76,76,76,76,76,64,64,64,82,82,26,26,26,50,8,82,81,81,64,60,60,60,0],"gold":251,"neow_bonus":"TEN_PERCENT_HP_BONUS","is_prod":false,"is_daily":false,"chose_seed":false,"campfire_upgraded":6,"win_rate":0,"timestamp":1535385625,"path_taken":["M","?","$","?","M","R","?","R","T","M","M","?","E","?","R","BOSS","M","?","?","?","$","R","M","R","T","R","?","E","M","?","R","BOSS","M","?","M","M","?","R","E"],"build_version":"2018-08-23v2","purchased_purges":2,"victory":false,"max_hp_per_floor":[82,82,82,82,82,82,82,82,82,82,82,82,82,82,82,82,82,82,82,82,82,82,82,82,82,82,82,82,82,82,82,82,82,82,82,82,82,82,82,82,82],"card_choices":[{"not_picked":["BootSequence","Darkness"],"picked":"Conserve Battery","floor":1},{"not_picked":["Blizzard","Undo","Steam"],"picked":"SKIP","floor":4},{"not_picked":["Redo","Stack"],"picked":"FTL","floor":5},{"not_picked":["White Noise","Chaos","Storm"],"picked":"SKIP","floor":10},{"not_picked":["Darkness","Streamline"],"picked":"Capacitor","floor":11},{"not_picked":["Cold Snap","Heatsinks"],"picked":"Gash","floor":13},{"not_picked":["Creative AI","Fission"],"picked":"Biased Cognition","floor":16},{"not_picked":["White Noise","Beam Cell","Double Energy+1"],"picked":"SKIP","floor":18},{"not_picked":["Steam","Sweeping Beam+1"],"picked":"Conserve Battery","floor":24},{"not_picked":["Buffer","Stack","Steam"],"picked":"SKIP","floor":29},{"not_picked":["Double Energy","Fusion","Steam Power"],"picked":"SKIP","floor":30},{"not_picked":["Core Surge","Creative AI"],"picked":"Thunder Strike","floor":33},{"not_picked":["Darkness","Stack"],"picked":"Tempest+1","floor":34},{"not_picked":["Turbo","Storm+1","Consume+1"],"picked":"SKIP","floor":35},{"not_picked":["Purity","Thinking Ahead"],"picked":"Enlightenment","floor":36},{"not_picked":["Streamline+1","Stack","Barrage+1"],"picked":"SKIP","floor":37},{"not_picked":["Barrage","Undo"],"picked":"Redo","floor":38}],"player_experience":310079,"relics_obtained":[{"floor":9,"key":"Letter Opener"},{"floor":12,"key":"Bag of Preparation"},{"floor":13,"key":"Bottled Tornado"},{"floor":26,"key":"Bronze Scales"},{"floor":29,"key":"Omamori"}],"event_choices":[{"event_name":"Golden Wing","player_choice":"Card Removal","floor":2,"damage_taken":0},{"event_name":"Living Wall","player_choice":"Grow","floor":7,"damage_taken":0},{"event_name":"The Mausoleum","player_choice":"Yes","floor":19,"damage_taken":0},{"event_name":"Cursed Tome","player_choice":"Ignored","floor":20,"damage_taken":0},{"event_name":"Ghosts","player_choice":"Ignored","floor":21,"damage_taken":0},{"event_name":"Vampires","player_choice":"Ignored","floor":28,"damage_taken":0},{"event_name":"Drug Dealer","player_choice":"Inject Mutagens","floor":31,"damage_taken":0},{"event_name":"SensoryStone","player_choice":"Memory 1","floor":36,"damage_taken":0},{"event_name":"Accursed Blacksmith","player_choice":"Forge","floor":39,"damage_taken":0}],"is_beta":false,"boss_relics":[{"not_picked":["Inserter","Busted Crown"],"picked":"White Beast Statue"},{"not_picked":["Philosopher\u0027s Stone","Tiny House"],"picked":"Orrery"}],"items_purged_floors":[3,14],"is_endless":false,"potions_floor_spawned":[1,10,16,18,24,29,30,33,35,37,38],"killed_by":"Nemesis","ascension_level":3}