{"gold_per_floor":[113,39,57,67,67,67,98,98,98,98,147,97,3,3,3,78,78,97,97,107,107,107],"floor_reached":22,"playtime":379,"items_purged":["Strike_R","Strike_R"],"score":360,"play_id":"f86c9471-95cf-4ad3-b828-55f883359f47","local_time":"20190603125520","is_ascension_mode":true,"campfire_choices":[{"data":"Whirlwind","floor":6,"key":"SMITH"},{"data":"Bash","floor":8,"key":"SMITH"},{"data":"Feel No Pain","floor":10,"key":"SMITH"},{"data":"Anger","floor":15,"key":"SMITH"}],"neow_cost":"NONE","seed_source_timestamp":1519380610866903,"circlet_count":0,"master_deck":["AscendersBane","Strike_R","Strike_R","Strike_R","Defend_R","Defend_R","Defend_R","Defend_R","Bash+1","Feel No Pain+1","Anger+1","Whirlwind+1","Pummel","Battle Trance+1","Demon Form","Armaments","RitualDagger"],"relics":["Black Blood","NeowsBlessing","Paper Frog","Kunai","Vajra","Smiling Mask","Bronze Scales","Prayer Wheel"],"potions_floor_usage":[22],"damage_taken":[{"damage":0,"enemies":"Small Slimes","floor":1,"turns":1},{"damage":0,"enemies":"Cultist","floor":3,"turns":1},{"damage":0,"enemies":"Jaw Worm","floor":4,"turns":1},{"damage":28,"enemies":"Lagavulin","floor":7,"turns":7},{"damage":25,"enemies":"The Guardian","floor":16,"turns":9},{"damage":27,"enemies":"2 Thieves","floor":18,"turns":3},{"damage":23,"enemies":"Spheric Guardian","floor":20,"turns":4},{"damage":27,"enemies":"3 Cultists","floor":22,"turns":4}],"seed_played":"8039896468635705786","potions_obtained":[{"floor":4,"key":"PowerPotion"},{"floor":16,"key":"Explosive Potion"}],"is_trial":false,"path_per_floor":["M","?","M","M","?","R","E","R","T","R","T","$","$","?","R","B",null,"M","?","M","T","M"],"character_chosen":"IRONCLAD","items_purchased":["Battle Trance"],"campfire_rested":0,"item_purchase_floors":[13],"current_hp_per_floor":[74,74,75,75,64,64,42,42,42,42,42,42,42,42,42,23,62,45,39,26,26,0],"gold":107,"neow_bonus":"THREE_ENEMY_KILL","is_prod":false,"is_daily":false,"chose_seed":false,"campfire_upgraded":4,"win_rate":0,"timestamp":1559591720,"path_taken":["M","?","M","?","?","R","E","R","T","R","?","?","$","?","R","BOSS","M","?","M","?","M"],"build_version":"2019-06-02","purchased_purges":2,"victory":false,"max_hp_per_floor":[75,75,75,75,75,75,75,75,75,75,75,75,75,75,75,75,75,75,75,75,75,75],"card_choices":[{"not_picked":["Clash","True Grit"],"picked":"Feel No Pain","floor":1},{"not_picked":["Clothesline","Rupture"],"picked":"Anger","floor":3},{"not_picked":["Flex","Searing Blow"],"picked":"Whirlwind","floor":4},{"not_picked":["Intimidate","Carnage"],"picked":"Pummel","floor":7},{"not_picked":["Fiend Fire","Offering"],"picked":"Demon Form","floor":16},{"not_picked":["Blood for Blood","Thunderclap+1"],"picked":"Armaments","floor":18},{"not_picked":["Feel No Pain","Sentinel","Anger"],"picked":"SKIP","floor":20}],"player_experience":1302886,"relics_obtained":[{"floor":7,"key":"Vajra"},{"floor":9,"key":"Smiling Mask"},{"floor":11,"key":"Bronze Scales"},{"floor":21,"key":"Prayer Wheel"}],"event_choices":[{"damage_healed":0,"gold_gain":0,"player_choice":"Paid Gold","damage_taken":0,"relics_obtained":["Paper Frog"],"max_hp_gain":0,"max_hp_loss":0,"event_name":"WeMeetAgain","floor":2,"gold_loss":74},{"damage_healed":0,"gold_gain":0,"player_choice":"Success","damage_taken":11,"relics_obtained":["Kunai"],"max_hp_gain":0,"max_hp_loss":0,"event_name":"Scrap Ooze","floor":5,"gold_loss":0},{"damage_healed":0,"gold_gain":0,"player_choice":"Grow","damage_taken":0,"max_hp_gain":0,"max_hp_loss":0,"event_name":"Living Wall","floor":14,"gold_loss":0,"cards_upgraded":["Battle Trance"]},{"damage_healed":0,"gold_gain":0,"player_choice":"Joined the Cult","damage_taken":6,"max_hp_gain":0,"max_hp_loss":0,"event_name":"Nest","floor":19,"gold_loss":0,"cards_obtained":["RitualDagger"]}],"is_beta":true,"boss_relics":[{"not_picked":["Tiny House","White Beast Statue"],"picked":"Black Blood"}],"items_purged_floors":[12,13],"is_endless":false,"potions_floor_spawned":[4,16],"killed_by":"3 Cultists","ascension_level":20}