{"gold_per_floor":[118,393,408,408,425,425,441,471,519,538,538,569,569,569,569,569],"floor_reached":16,"playtime":317,"items_purged":[],"score":220,"play_id":"d2e37ee7-387e-4907-96c0-b83a3e294469","local_time":"20190601225953","is_ascension_mode":true,"campfire_choices":[{"data":"Poisoned Stab","floor":6,"key":"SMITH"},{"data":"Crippling Poison","floor":11,"key":"SMITH"},{"data":"Catalyst","floor":13,"key":"SMITH"},{"floor":15,"key":"REST"}],"neow_cost":"NONE","seed_source_timestamp":1382905325346711,"circlet_count":0,"master_deck":["AscendersBane","Strike_G","Strike_G","Strike_G+1","Strike_G+1","Strike_G","Defend_G","Defend_G","Defend_G","Defend_G","Defend_G","Survivor","Neutralize","Sucker Punch","Dagger Throw+1","Poisoned Stab+1","Crippling Poison+1","Cloak And Dagger+1","Doubt","Corpse Explosion","Catalyst+1"],"relics":["Cursed Key","Bottled Flame","Orichalcum","Whetstone"],"potions_floor_usage":[12,12],"damage_taken":[{"damage":1,"enemies":"Cultist","floor":1,"turns":6},{"damage":1,"enemies":"2 Louse","floor":3,"turns":3},{"damage":0,"enemies":"Small Slimes","floor":5,"turns":3},{"damage":3,"enemies":"Exordium Thugs","floor":7,"turns":4},{"damage":16,"enemies":"3 Sentries","floor":8,"turns":10},{"damage":0,"enemies":"Looter","floor":10,"turns":2},{"damage":2,"enemies":"Gremlin Nob","floor":12,"turns":3},{"damage":28,"enemies":"Slime Boss","floor":16,"turns":3}],"seed_played":"-6522804544413247523","potions_obtained":[{"floor":1,"key":"Fire Potion"},{"floor":7,"key":"GamblersBrew"}],"is_trial":false,"path_per_floor":["M","?","M","?","M","R","M","E","T","M","R","E","R","?","R","B"],"character_chosen":"THE_SILENT","items_purchased":[],"campfire_rested":1,"item_purchase_floors":[],"current_hp_per_floor":[58,58,57,50,50,50,47,31,31,31,31,29,29,9,28,0],"gold":569,"neow_bonus":"BOSS_RELIC","is_prod":false,"is_daily":false,"chose_seed":false,"campfire_upgraded":3,"win_rate":0,"timestamp":1559455193,"path_taken":["M","?","?","?","M","R","M","E","T","M","R","E","R","?","R","BOSS"],"build_version":"2019-05-31","purchased_purges":0,"victory":false,"max_hp_per_floor":[66,66,66,66,66,66,66,66,66,66,66,66,66,66,66,66],"card_choices":[{"not_picked":["Acrobatics","Heel Hook"],"picked":"Sucker Punch","floor":1},{"not_picked":["Prepared","Outmaneuver"],"picked":"Dagger Throw","floor":3},{"not_picked":["Underhanded Strike","Bane"],"picked":"Poisoned Stab","floor":5},{"not_picked":["Skewer","Infinite Blades"],"picked":"Crippling Poison","floor":7},{"not_picked":["Calculated Gamble","Distraction"],"picked":"Cloak And Dagger","floor":8},{"not_picked":["PiercingWail","Heel Hook"],"picked":"Corpse Explosion","floor":10},{"not_picked":["Calculated Gamble","Dagger Spray"],"picked":"Catalyst","floor":12}],"player_experience":1296505,"relics_obtained":[{"floor":8,"key":"Bottled Flame"},{"floor":9,"key":"Orichalcum"},{"floor":12,"key":"Whetstone"}],"event_choices":[{"damage_healed":0,"gold_gain":275,"player_choice":"Desecrate","damage_taken":0,"max_hp_gain":0,"max_hp_loss":0,"event_name":"Golden Shrine","floor":2,"gold_loss":0,"cards_obtained":["Regret"]},{"cards_removed":["Regret"],"damage_healed":0,"gold_gain":0,"player_choice":"Card Removal","damage_taken":7,"max_hp_gain":0,"max_hp_loss":0,"event_name":"Golden Wing","floor":4,"gold_loss":0},{"damage_healed":0,"gold_gain":0,"player_choice":"Entered Light","damage_taken":20,"max_hp_gain":0,"max_hp_loss":0,"event_name":"Shining Light","floor":14,"gold_loss":0,"cards_upgraded":["Dagger Throw","Cloak And Dagger"]}],"is_beta":true,"boss_relics":[],"items_purged_floors":[],"is_endless":false,"potions_floor_spawned":[1,7],"killed_by":"Slime Boss","ascension_level":20}