{"gold_per_floor":[116,130,144,42,42,42,76,86,132,145,145,51,51,51,51,124,124,143,68,11,29,29,29,60,60,60,75,75,75],"floor_reached":29,"playtime":797,"items_purged":["Strike_B","Strike_B"],"score":470,"play_id":"15d060b9-b179-4db3-9cee-b07c85e17dcc","local_time":"20190508220716","is_ascension_mode":true,"campfire_choices":[{"data":"Zap","floor":6,"key":"SMITH"},{"data":"Conserve Battery","floor":11,"key":"SMITH"},{"floor":13,"key":"REST"},{"data":"Ball Lightning","floor":15,"key":"SMITH"},{"data":"Conserve Battery","floor":23,"key":"SMITH"},{"data":"Machine Learning","floor":25,"key":"SMITH"},{"floor":28,"key":"REST"}],"neow_cost":"NONE","seed_source_timestamp":2336108332378339,"circlet_count":0,"master_deck":["AscendersBane","Defend_B","Defend_B","Defend_B","Defend_B","Zap+1","Dualcast","Conserve Battery+1","Steam","Gash","Ball Lightning+1","Electrodynamics","Gash","Self Repair","Machine Learning+1","FTL","Conserve Battery+1","Conserve Battery","Coolheaded+1","Defragment"],"relics":["Cracked Core","Smiling Mask","Symbiotic Virus","Orichalcum","Nuclear Battery","Potion Belt","Bottled Flame"],"potions_floor_usage":[24,29],"damage_taken":[{"damage":2,"enemies":"Jaw Worm","floor":1,"turns":4},{"damage":2,"enemies":"2 Louse","floor":2,"turns":2},{"damage":2,"enemies":"Small Slimes","floor":3,"turns":4},{"damage":40,"enemies":"Lagavulin","floor":7,"turns":7},{"damage":1,"enemies":"2 Fungi Beasts","floor":8,"turns":2},{"damage":0,"enemies":"3 Louse","floor":10,"turns":2},{"damage":15,"enemies":"Slime Boss","floor":16,"turns":7},{"damage":3,"enemies":"3 Byrds","floor":18,"turns":3},{"damage":19,"enemies":"2 Thieves","floor":21,"turns":4},{"damage":26,"enemies":"Slavers","floor":24,"turns":5},{"damage":15,"enemies":"Snake Plant","floor":27,"turns":4},{"damage":57,"enemies":"Book of Stabbing","floor":29,"turns":5}],"seed_played":"1614996671675809014","potions_obtained":[{"floor":2,"key":"Dexterity Potion"},{"floor":16,"key":"Swift Potion"}],"is_trial":false,"path_per_floor":["M","M","M","$","?","R","E","M","T","M","R","$","R","?","R","B",null,"M","?","$","M","?","R","E","R","T","M","R","E"],"character_chosen":"DEFECT","items_purchased":["Ball Lightning","Self Repair","Conserve Battery"],"campfire_rested":2,"item_purchase_floors":[4,12,20],"current_hp_per_floor":[62,60,58,58,58,58,18,17,17,17,17,17,38,61,61,53,67,71,71,71,59,59,59,40,40,40,32,53,0],"gold":75,"neow_bonus":"RANDOM_COMMON_RELIC","is_prod":false,"is_daily":false,"chose_seed":false,"campfire_upgraded":5,"win_rate":0,"timestamp":1557346036,"path_taken":["M","M","M","$","?","R","E","M","T","M","R","$","R","?","R","BOSS","M","?","$","M","?","R","E","R","T","M","R","E"],"build_version":"2019-01-23","purchased_purges":2,"victory":false,"max_hp_per_floor":[71,71,71,71,71,71,71,71,71,71,71,71,71,71,71,71,71,71,71,71,71,71,71,71,71,71,71,71,71],"card_choices":[{"not_picked":["Go for the Eyes","Compile Driver"],"picked":"Conserve Battery","floor":1},{"not_picked":["Barrage","Hologram"],"picked":"Steam","floor":2},{"not_picked":["Sweeping Beam","Double Energy"],"picked":"Gash","floor":3},{"not_picked":["Beam Cell","Auto Shields"],"picked":"Electrodynamics","floor":7},{"not_picked":["Reinforced Body","Beam Cell"],"picked":"Gash","floor":8},{"not_picked":["Stack","Reprogram","Turbo"],"picked":"SKIP","floor":10},{"not_picked":["Core Surge","All For One"],"picked":"Machine Learning","floor":16},{"not_picked":["Stack","Rebound"],"picked":"FTL","floor":18},{"not_picked":["Coolheaded","White Noise"],"picked":"Conserve Battery","floor":21},{"not_picked":["Fission","Go for the Eyes"],"picked":"Coolheaded+1","floor":24},{"not_picked":["Beam Cell","Gash"],"picked":"Defragment","floor":27}],"player_experience":555564,"relics_obtained":[{"floor":7,"key":"Symbiotic Virus"},{"floor":9,"key":"Orichalcum"},{"floor":24,"key":"Potion Belt"},{"floor":26,"key":"Bottled Flame"}],"event_choices":[{"cards_removed":["Strike_B"],"damage_healed":0,"gold_gain":0,"player_choice":"Forget","damage_taken":0,"max_hp_gain":0,"max_hp_loss":0,"event_name":"Living Wall","floor":5,"gold_loss":0},{"damage_healed":23,"gold_gain":0,"player_choice":"Banana","damage_taken":0,"max_hp_gain":0,"max_hp_loss":0,"event_name":"Big Fish","floor":14,"gold_loss":0},{"cards_removed":["Strike_B"],"damage_healed":0,"gold_gain":0,"player_choice":"Gave Gold","damage_taken":0,"max_hp_gain":0,"max_hp_loss":0,"event_name":"Beggar","floor":19,"gold_loss":75},{"damage_healed":0,"gold_gain":0,"player_choice":"Ignored","damage_taken":0,"max_hp_gain":0,"max_hp_loss":0,"event_name":"The Mausoleum","floor":22,"gold_loss":0}],"is_beta":false,"boss_relics":[{"not_picked":["Astrolabe","Eternal Feather"],"picked":"Nuclear Battery"}],"items_purged_floors":[4,12],"is_endless":false,"potions_floor_spawned":[2,16],"killed_by":"Book of Stabbing","ascension_level":19}