{"gold_per_floor":[114,134,33,52,65,65,97,97,174,184,184,216,226,226,226,327,327,347,447,191,205,219,219,238,238,262,276,276,276,288,306,306,405,405,423,28,28,39,39,39,71,71,141,141,141,0,18,37,37,37],"floor_reached":51,"playtime":2950,"items_purged":["Strike_B","Strike_B","Strike_B+1"],"score":1047,"play_id":"efb2006b-65c0-427b-a3c9-7d97897f3d60","local_time":"20190310021919","is_ascension_mode":true,"campfire_choices":[{"data":"Defragment","floor":6,"key":"SMITH"},{"data":"Zap","floor":8,"key":"SMITH"},{"floor":11,"key":"REST"},{"floor":15,"key":"REST"},{"data":"Defragment","floor":23,"key":"SMITH"},{"data":"Conserve Battery","floor":29,"key":"SMITH"},{"floor":32,"key":"REST"},{"data":"Defragment","floor":40,"key":"SMITH"},{"data":"Leap","floor":42,"key":"SMITH"},{"floor":45,"key":"REST"},{"floor":49,"key":"REST"}],"neow_cost":"NONE","seed_source_timestamp":23264287153365728,"circlet_count":0,"master_deck":["AscendersBane","Strike_B+1","Defend_B+1","Defend_B+1","Defend_B+1","Defend_B+1","Zap+1","Dualcast","BootSequence","Undo","Leap+1","Defragment+1","Sweeping Beam","Coolheaded","Cold Snap+1","Streamline+1","Core Surge+1","Compile Driver+1","Defragment+1","Flash of Steel+1","Leap","Compile Driver+1","Conserve Battery+1","Ball Lightning+1","Thunder Strike+1","FTL+1","Defragment+1","Coolheaded+1","Go for the Eyes+1"],"relics":["Cracked Core","Emotion Chip","Molten Egg 2","DataDisk","Lantern","Nuclear Battery","Anchor","Sozu","Runic Capacitor","Cables","Symbiotic Virus","Red Mask"],"potions_floor_usage":[7,12,16,33,50,50],"damage_taken":[{"damage":4,"enemies":"Small Slimes","floor":1,"turns":3},{"damage":0,"enemies":"2 Louse","floor":2,"turns":2},{"damage":0,"enemies":"Cultist","floor":4,"turns":4},{"damage":0,"enemies":"3 Louse","floor":5,"turns":3},{"damage":46,"enemies":"Lagavulin","floor":7,"turns":6},{"damage":0,"enemies":"Large Slime","floor":10,"turns":6},{"damage":1,"enemies":"Gremlin Nob","floor":12,"turns":4},{"damage":1,"enemies":"Looter","floor":13,"turns":3},{"damage":37,"enemies":"Slime Boss","floor":16,"turns":11},{"damage":9,"enemies":"2 Thieves","floor":18,"turns":3},{"damage":4,"enemies":"Shell Parasite","floor":21,"turns":4},{"damage":0,"enemies":"Centurion and Healer","floor":22,"turns":7},{"damage":4,"enemies":"3 Cultists","floor":24,"turns":5},{"damage":0,"enemies":"Snecko","floor":27,"turns":4},{"damage":3,"enemies":"Snake Plant","floor":30,"turns":4},{"damage":0,"enemies":"Chosen and Byrds","floor":31,"turns":4},{"damage":55,"enemies":"Champ","floor":33,"turns":13},{"damage":0,"enemies":"3 Shapes","floor":35,"turns":3},{"damage":3,"enemies":"Orb Walker","floor":38,"turns":3},{"damage":31,"enemies":"Nemesis","floor":41,"turns":5},{"damage":0,"enemies":"Transient","floor":47,"turns":5},{"damage":5,"enemies":"Jaw Worm Horde","floor":48,"turns":4},{"damage":8,"enemies":"Time Eater","floor":50,"turns":8}],"seed_played":"5486186492640246661","potions_obtained":[{"floor":2,"key":"PowerPotion"},{"floor":4,"key":"Energy Potion"},{"floor":7,"key":"PowerPotion"},{"floor":22,"key":"FocusPotion"},{"floor":24,"key":"Dexterity Potion"},{"floor":33,"key":"Poison Potion"}],"is_trial":false,"path_per_floor":["M","M","$","M","M","R","E","R","T","M","R","E","M","?","R","B",null,"M","?","$","M","M","R","M","?","T","M","?","R","M","M","R","B",null,"M","$","?","M","?","R","E","R","T","?","R","?","M","M","R","B",null],"character_chosen":"DEFECT","items_purchased":["Leap","Defragment","Flash of Steel+1","Defragment","Runic Capacitor"],"campfire_rested":5,"item_purchase_floors":[3,20,20,36,36],"current_hp_per_floor":[71,71,71,71,71,71,25,25,25,25,49,48,47,14,38,1,62,53,53,53,49,49,49,45,45,45,45,45,45,42,42,66,11,64,64,64,64,61,61,61,30,30,30,30,54,54,54,49,73,65],"gold":37,"neow_bonus":"TEN_PERCENT_HP_BONUS","is_prod":false,"is_daily":false,"chose_seed":false,"campfire_upgraded":6,"win_rate":0,"timestamp":1552180759,"path_taken":["M","M","$","M","M","R","E","R","T","M","R","E","M","?","R","BOSS","M","?","?","M","M","R","M","?","T","M","?","R","M","M","R","BOSS","M","$","?","M","?","R","E","R","T","?","R","?","M","M","R","BOSS"],"build_version":"2019-01-23","purchased_purges":3,"victory":true,"max_hp_per_floor":[82,82,82,82,82,82,82,82,82,82,82,82,82,82,82,82,82,82,82,82,82,82,82,82,82,82,82,82,82,82,82,82,82,82,82,82,82,82,82,82,82,82,82,82,82,82,82,82,82,82],"card_choices":[{"not_picked":["Coolheaded","Reprogram"],"picked":"BootSequence","floor":1},{"not_picked":["Redo","Beam Cell"],"picked":"Undo","floor":2},{"not_picked":["Cold Snap","Coolheaded"],"picked":"Defragment","floor":4},{"not_picked":["Amplify","Tempest"],"picked":"Sweeping Beam","floor":5},{"not_picked":["Redo","Steam"],"picked":"Coolheaded","floor":7},{"not_picked":["Force Field","Steam"],"picked":"Cold Snap+1","floor":10},{"not_picked":["Seek","Coolheaded"],"picked":"Streamline+1","floor":12},{"not_picked":["Static Discharge","Beam Cell+1","Redo"],"picked":"SKIP","floor":13},{"not_picked":["Multi-Cast","Seek"],"picked":"Core Surge+1","floor":16},{"not_picked":["Barrage+1","Cold Snap+1"],"picked":"Compile Driver+1","floor":18},{"not_picked":["Scrape+1","Undo","Sweeping Beam+1"],"picked":"SKIP","floor":21},{"not_picked":["Cold Snap+1","Turbo"],"picked":"Leap","floor":22},{"not_picked":["Storm","Heatsinks"],"picked":"Compile Driver+1","floor":24},{"not_picked":["Streamline+1","Stack"],"picked":"Conserve Battery","floor":27},{"not_picked":["Barrage+1","Thunder Strike+1","Compile Driver+1"],"picked":"SKIP","floor":30},{"not_picked":["Gash+1","Heatsinks"],"picked":"Ball Lightning+1","floor":31},{"not_picked":["Core Surge+1","Reboot"],"picked":"Thunder Strike+1","floor":33},{"not_picked":["Ball Lightning+1","Rebound+1"],"picked":"FTL+1","floor":35},{"not_picked":["FTL+1","Aggregate","Melter+1"],"picked":"SKIP","floor":38},{"not_picked":["Panacea","Thinking Ahead"],"picked":"Panache","floor":39},{"not_picked":["BootSequence+1","Tempest"],"picked":"Coolheaded+1","floor":41},{"not_picked":["FTL+1","Sweeping Beam+1"],"picked":"Go for the Eyes+1","floor":47},{"not_picked":["Heatsinks","Melter+1","Turbo"],"picked":"SKIP","floor":48}],"player_experience":397990,"relics_obtained":[{"floor":7,"key":"Emotion Chip"},{"floor":9,"key":"Molten Egg 2"},{"floor":12,"key":"DataDisk"},{"floor":26,"key":"Anchor"},{"floor":41,"key":"Cables"},{"floor":43,"key":"Symbiotic Virus"}],"event_choices":[{"damage_healed":0,"gold_gain":0,"player_choice":"Success","damage_taken":33,"relics_obtained":["Lantern"],"max_hp_gain":0,"max_hp_loss":0,"event_name":"Scrap Ooze","floor":14,"gold_loss":0},{"damage_healed":0,"gold_gain":100,"player_choice":"Pray","damage_taken":0,"max_hp_gain":0,"max_hp_loss":0,"event_name":"Golden Shrine","floor":19,"gold_loss":0},{"damage_healed":0,"gold_gain":0,"player_choice":"Ignored","damage_taken":0,"max_hp_gain":0,"max_hp_loss":0,"event_name":"Cursed Tome","floor":25,"gold_loss":0},{"damage_healed":0,"gold_gain":0,"player_choice":"Simplicity","damage_taken":0,"max_hp_gain":0,"max_hp_loss":0,"event_name":"Back to Basics","floor":28,"gold_loss":0,"cards_upgraded":["Strike_B","Strike_B","Defend_B","Defend_B","Defend_B","Defend_B"]},{"damage_healed":0,"gold_gain":0,"player_choice":"Ignored","damage_taken":0,"max_hp_gain":0,"max_hp_loss":0,"event_name":"Mysterious Sphere","floor":37,"gold_loss":0},{"damage_healed":0,"gold_gain":0,"player_choice":"Memory 1","damage_taken":0,"max_hp_gain":0,"max_hp_loss":0,"event_name":"SensoryStone","floor":39,"gold_loss":0},{"cards_removed":["Panache"],"damage_healed":0,"gold_gain":0,"player_choice":"Removed Power","damage_taken":0,"max_hp_gain":0,"max_hp_loss":0,"event_name":"Falling","floor":44,"gold_loss":0},{"damage_healed":0,"gold_gain":0,"player_choice":"Paid","damage_taken":0,"relics_obtained":["Red Mask"],"max_hp_gain":0,"max_hp_loss":0,"event_name":"Tomb of Lord Red Mask","floor":46,"gold_loss":141}],"is_beta":false,"boss_relics":[{"not_picked":["Tiny House","Astrolabe"],"picked":"Nuclear Battery"},{"not_picked":["FrozenCore","Philosopher\u0027s Stone"],"picked":"Sozu"}],"items_purged_floors":[3,20,36],"is_endless":false,"potions_floor_spawned":[2,4,7,22,24,31,33,38,47,48],"ascension_level":12}