{"path_per_floor":["M","?","?","M","M","R","$","R","T","M","R","M","R","M","R","B",null,"M","M","?","?","?","R","M","R","T","M","M","?","R","T","R"],"character_chosen":"IRONCLAD","items_purchased":[],"gold_per_floor":[113,113,113,123,136,136,61,61,61,72,72,84,84,101,101,197,197,207,224,224,149,64,64,77,77,77,94,108,108,108,108,108],"floor_reached":33,"campfire_rested":4,"playtime":1728,"current_hp_per_floor":[67,67,49,48,47,47,47,47,47,46,46,40,40,35,59,29,67,50,21,21,21,21,45,35,35,35,23,29,14,39,39,64],"items_purged":["Strike_R"],"gold":108,"score":320,"play_id":"800edb8f-f9cd-4648-ab08-b68c6861872a","is_prod":false,"is_daily":false,"is_ascension_mode":true,"campfire_upgraded":5,"path_taken":["M","?","?","M","?","R","$","R","T","M","R","M","R","M","R","BOSS","M","M","?","?","?","R","M","R","T","M","?","?","R","?","R","BOSS"],"build_version":"2018-02-15-PROD1","purchased_purges":1,"victory":false,"master_deck":["Strike_R","Strike_R","Defend_R","Defend_R","Defend_R","Defend_R","Bash+1","Spot Weakness","Cleave+1","Pommel Strike+1","Barricade+1","Juggernaut","Rage+1","Ghostly Armor+1","Armaments+1","Heavy Blade+1"],"max_hp_per_floor":[80,80,80,80,80,80,80,80,80,80,80,80,80,80,80,80,80,80,80,80,80,80,80,80,80,80,80,80,85,85,85,85],"relics":["Burning Blood","Centennial Puzzle","Ice Cream","Sozu","Dodecahedron","Torii","Juzu Bracelet"],"card_choices":[{"not_picked":["Perfected Strike","Thunderclap"],"picked":"Spot Weakness"},{"not_picked":["Metallicize","Corruption"],"picked":"Cleave"},{"not_picked":["Headbutt","Rage"],"picked":"Pommel Strike"},{"not_picked":["Perfected Strike","Havoc"],"picked":"Barricade"},{"not_picked":["Reaper","Exhume"],"picked":"Juggernaut"},{"not_picked":["Body Slam","Searing Blow"],"picked":"Rage"},{"not_picked":["Flex","Rage"],"picked":"Armaments"},{"not_picked":["Reckless Charge","Headbutt"],"picked":"Heavy Blade"}],"player_experience":128357,"potions_floor_usage":[16],"damage_taken":[{"damage":11,"enemies":"Cultist","floor":1,"turns":4},{"damage":7,"enemies":"Small Slimes","floor":4,"turns":3},{"damage":7,"enemies":"Jaw Worm","floor":5,"turns":3},{"damage":7,"enemies":"2 Fungi Beasts","floor":10,"turns":3},{"damage":12,"enemies":"Exordium Wildlife","floor":12,"turns":3},{"damage":11,"enemies":"Looter","floor":14,"turns":2},{"damage":36,"enemies":"The Guardian","floor":16,"turns":10},{"damage":23,"enemies":"Spheric Guardian","floor":18,"turns":4},{"damage":35,"enemies":"Shell Parasite","floor":19,"turns":3},{"damage":16,"enemies":"Snake Plant","floor":24,"turns":5},{"damage":18,"enemies":"Centurion and Healer","floor":27,"turns":6},{"damage":0,"enemies":"Snecko","floor":28,"turns":6},{"damage":80,"enemies":"Champ","floor":33,"turns":12}],"event_choices":[{"event_name":"Liars Game","player_choice":"disagreed","floor":2,"damage_taken":0},{"event_name":"Scrap Ooze","player_choice":"success","floor":3,"damage_taken":18},{"event_name":"The Library","player_choice":"Read","floor":20,"damage_taken":0},{"event_name":"Beggar","player_choice":"Gave Gold","floor":21,"damage_taken":0},{"event_name":"Addict","player_choice":"Obtained Relic","floor":22,"damage_taken":0},{"event_name":"Forgotten Altar","player_choice":"Shed Blood","floor":29,"damage_taken":0}],"boss_relics":[{"not_picked":["Lizard Tail","Orrery"],"picked":"Sozu"}],"potions_floor_spawned":[5,14,16,19,27,28],"seed_played":"6441369791292930422","killed_by":"Champ","ascension_level":7,"is_trial":false}