{"gold_per_floor":[116,129,129,148,70,70,80,5,32,32,67,88,100,112,112,191,191,204,119,150,165,165,165,184,198,267,283,73,90,90,106,106,180,180,196,74,123,134,34,34,52,52,52,52,71,71,82,95,95,95],"floor_reached":51,"playtime":3598,"items_purged":["Strike_G","Strike_G","Strike_G"],"score":1080,"play_id":"10b54d96-ce73-4bb8-ae5a-b6353304d87d","local_time":"20190324153107","is_ascension_mode":true,"campfire_choices":[{"data":"Neutralize","floor":6,"key":"SMITH"},{"data":"Noxious Fumes","floor":10,"key":"SMITH"},{"floor":15,"key":"REST"},{"data":"Caltrops","floor":23,"key":"SMITH"},{"data":"Leg Sweep","floor":30,"key":"SMITH"},{"data":"Well Laid Plans","floor":32,"key":"SMITH"},{"data":"Dash","floor":40,"key":"SMITH"},{"data":"Backflip","floor":44,"key":"SMITH"},{"data":"Dodge and Roll","floor":46,"key":"SMITH"},{"data":"Survivor","floor":49,"key":"SMITH"}],"neow_cost":"NONE","seed_source_timestamp":24520850061489380,"circlet_count":0,"master_deck":["AscendersBane","Defend_G","Defend_G","Defend_G","Defend_G","Defend_G","Survivor+1","Neutralize+1","All Out Attack","Quick Slash","Backstab","Noxious Fumes+1","Bane","Leg Sweep+1","Dodge and Roll+1","After Image","Backflip+1","Caltrops+1","Heel Hook","Backflip+1","Adrenaline","Well Laid Plans+1","Flash of Steel","Blur+1","Doppelganger","Dash+1","Dodge and Roll+1","Backflip+1","Escape Plan+1"],"relics":["Ring of the Snake","Vajra","Lantern","Thread and Needle","Odd Mushroom","Eternal Feather","Centennial Puzzle","Red Mask","The Courier","Sozu","Bronze Scales","StoneCalendar","Dodecahedron"],"potions_floor_usage":[12,14,16,33,33,50],"damage_taken":[{"damage":0,"enemies":"Small Slimes","floor":1,"turns":6},{"damage":1,"enemies":"Cultist","floor":2,"turns":4},{"damage":0,"enemies":"Jaw Worm","floor":4,"turns":4},{"damage":6,"enemies":"Large Slime","floor":7,"turns":5},{"damage":27,"enemies":"Lagavulin","floor":11,"turns":5},{"damage":9,"enemies":"The Mushroom Lair","floor":12,"turns":4},{"damage":0,"enemies":"Red Slaver","floor":13,"turns":1},{"damage":0,"enemies":"Exordium Thugs","floor":14,"turns":4},{"damage":14,"enemies":"Slime Boss","floor":16,"turns":10},{"damage":6,"enemies":"3 Byrds","floor":18,"turns":4},{"damage":17,"enemies":"Masked Bandits","floor":20,"turns":5},{"damage":0,"enemies":"Shell Parasite","floor":21,"turns":8},{"damage":2,"enemies":"Snecko","floor":24,"turns":7},{"damage":6,"enemies":"Chosen and Byrds","floor":25,"turns":7},{"damage":4,"enemies":"3 Cultists","floor":27,"turns":5},{"damage":0,"enemies":"Centurion and Healer","floor":29,"turns":6},{"damage":0,"enemies":"Cultist and Chosen","floor":31,"turns":5},{"damage":15,"enemies":"Champ","floor":33,"turns":17},{"damage":0,"enemies":"Orb Walker","floor":35,"turns":4},{"damage":24,"enemies":"2 Orb Walkers","floor":37,"turns":6},{"damage":0,"enemies":"3 Shapes","floor":38,"turns":4},{"damage":0,"enemies":"3 Darklings","floor":41,"turns":4},{"damage":0,"enemies":"Writhing Mass","floor":45,"turns":7},{"damage":0,"enemies":"Maw","floor":47,"turns":8},{"damage":0,"enemies":"Transient","floor":48,"turns":5},{"damage":10,"enemies":"Awakened One","floor":50,"turns":28}],"seed_played":"-3933344524467550895","potions_obtained":[{"floor":4,"key":"PowerPotion"},{"floor":12,"key":"Fire Potion"},{"floor":13,"key":"Fire Potion"},{"floor":16,"key":"LiquidBronze"},{"floor":25,"key":"Explosive Potion"},{"floor":29,"key":"Strength Potion"},{"floor":33,"key":"Strength Potion"}],"is_trial":false,"path_per_floor":["M","M","?","M","$","R","M","$","T","R","E","?","M","M","R","B",null,"M","?","?","M","?","R","M","M","T","M","$","M","R","M","R","B",null,"M","$","?","M","$","R","M","?","T","R","M","R","M","M","R","B",null],"character_chosen":"THE_SILENT","items_purchased":["Noxious Fumes","Well Laid Plans","Flash of Steel","Bronze Scales"],"campfire_rested":1,"item_purchase_floors":[5,28,28,36],"current_hp_per_floor":[59,58,53,53,53,53,47,47,47,47,20,11,11,11,30,16,54,48,48,31,31,31,43,41,35,35,31,31,31,46,46,61,46,61,61,61,37,37,37,52,52,52,52,66,66,66,66,66,66,56],"gold":95,"neow_bonus":"REMOVE_CARD","is_prod":false,"is_daily":false,"chose_seed":false,"campfire_upgraded":9,"win_rate":0,"timestamp":1553437867,"path_taken":["M","M","?","M","$","R","M","$","T","R","E","?","M","M","R","BOSS","M","?","?","M","?","R","M","?","T","M","$","M","R","M","R","BOSS","M","$","?","M","$","R","M","?","T","R","?","R","M","?","R","BOSS"],"build_version":"2019-01-23","purchased_purges":3,"victory":true,"max_hp_per_floor":[66,66,66,66,66,66,66,66,66,66,66,66,66,66,66,66,66,66,66,66,66,66,66,66,66,66,66,66,66,66,66,66,66,66,66,66,66,66,66,66,66,66,66,66,66,66,66,66,66,66],"card_choices":[{"not_picked":["Bane","Skewer"],"picked":"All Out Attack","floor":1},{"not_picked":["PiercingWail","Acrobatics"],"picked":"Quick Slash","floor":2},{"not_picked":["Blade Dance","Heel Hook"],"picked":"Backstab","floor":4},{"not_picked":["Slice","Endless Agony"],"picked":"Bane","floor":7},{"not_picked":["Calculated Gamble","Underhanded Strike"],"picked":"Leg Sweep","floor":11},{"not_picked":["Grand Finale","Deflect"],"picked":"Dodge and Roll","floor":13},{"not_picked":["Finisher","Endless Agony","Sucker Punch"],"picked":"SKIP","floor":14},{"not_picked":["Doppelganger","Malaise"],"picked":"After Image","floor":16},{"not_picked":["Masterful Stab","Setup+1"],"picked":"Backflip","floor":18},{"not_picked":["Blade Dance","Acrobatics"],"picked":"Caltrops","floor":21},{"not_picked":["Distraction","Outmaneuver"],"picked":"Heel Hook","floor":24},{"not_picked":["Accuracy","Calculated Gamble+1"],"picked":"Backflip","floor":25},{"not_picked":["Dagger Spray","Bane"],"picked":"Adrenaline","floor":27},{"not_picked":["Sucker Punch","Deadly Poison+1"],"picked":"Blur+1","floor":29},{"not_picked":["Slice","Poisoned Stab","Deflect"],"picked":"SKIP","floor":31},{"not_picked":["Tools of the Trade","Night Terror"],"picked":"Doppelganger","floor":33},{"not_picked":["Caltrops+1","Skewer+1","Underhanded Strike+1"],"picked":"SKIP","floor":35},{"not_picked":["Prepared","Calculated Gamble"],"picked":"Dash","floor":37},{"not_picked":["Dagger Throw","Dagger Spray","Accuracy"],"picked":"SKIP","floor":38},{"not_picked":["Blur","Flying Knee","Dagger Throw"],"picked":"SKIP","floor":41},{"not_picked":["Backflip","Underhanded Strike"],"picked":"Dodge and Roll+1","floor":45},{"not_picked":["Dodge and Roll","Poisoned Stab"],"picked":"Backflip+1","floor":47},{"not_picked":["Catalyst","Acrobatics"],"picked":"Escape Plan+1","floor":48}],"player_experience":455574,"relics_obtained":[{"floor":9,"key":"Lantern"},{"floor":11,"key":"Thread and Needle"},{"floor":12,"key":"Odd Mushroom"},{"floor":20,"key":"Red Mask"},{"floor":26,"key":"The Courier"},{"floor":37,"key":"StoneCalendar"},{"floor":43,"key":"Dodecahedron"}],"event_choices":[{"damage_healed":0,"gold_gain":0,"player_choice":"Success","damage_taken":5,"relics_obtained":["Vajra"],"max_hp_gain":0,"max_hp_loss":0,"event_name":"Scrap Ooze","floor":3,"gold_loss":0},{"damage_healed":0,"gold_gain":0,"player_choice":"Fought Mushrooms","damage_taken":0,"max_hp_gain":0,"max_hp_loss":0,"event_name":"Mushrooms","floor":12,"gold_loss":0},{"damage_healed":0,"gold_gain":0,"player_choice":"Obtained Relic","damage_taken":0,"relics_obtained":["Centennial Puzzle"],"max_hp_gain":0,"max_hp_loss":0,"event_name":"Addict","floor":19,"gold_loss":85},{"damage_healed":0,"gold_gain":0,"player_choice":"Fought Bandits","damage_taken":0,"max_hp_gain":0,"max_hp_loss":0,"event_name":"Masked Bandits","floor":20,"gold_loss":0},{"damage_healed":0,"gold_gain":0,"player_choice":"Upgraded","damage_taken":0,"max_hp_gain":0,"max_hp_loss":0,"event_name":"Upgrade Shrine","floor":22,"gold_loss":0,"cards_upgraded":["Backflip"]},{"damage_healed":0,"gold_gain":0,"player_choice":"Fight","damage_taken":0,"max_hp_gain":0,"max_hp_loss":0,"event_name":"Mysterious Sphere","floor":37,"gold_loss":0},{"cards_removed":["Strike_G"],"damage_healed":0,"gold_gain":0,"player_choice":"Offered Basic","damage_taken":0,"max_hp_gain":0,"max_hp_loss":0,"event_name":"Bonfire Elementals","floor":42,"gold_loss":0}],"is_beta":false,"boss_relics":[{"not_picked":["WristBlade","Black Star"],"picked":"Eternal Feather"},{"not_picked":["Lizard Tail","Runic Pyramid"],"picked":"Sozu"}],"items_purged_floors":[8,28,39],"is_endless":false,"potions_floor_spawned":[4,12,13,16,25,27,29,33,38,41,47],"ascension_level":15}