{"gold_per_floor":[113,63,80,5,16,16,35,47,47,7,64,64,81,81,81,81],"floor_reached":16,"playtime":978,"items_purged":[],"score":173,"play_id":"a2b67949-3d39-4ece-ba86-35be8e4095e3","local_time":"20190222225318","is_ascension_mode":true,"campfire_choices":[{"data":"Footwork","floor":6,"key":"SMITH"},{"data":"Footwork","floor":12,"key":"SMITH"},{"floor":15,"key":"REST"}],"neow_cost":"NONE","seed_source_timestamp":21957823413551408,"circlet_count":0,"master_deck":["AscendersBane","Defend_G","Defend_G","Defend_G","Defend_G","Defend_G","Strike_G","Strike_G","Strike_G","Strike_G","Survivor","Neutralize","Flying Knee","Dagger Spray","Footwork+1","PiercingWail","Blur","Leg Sweep","Footwork+1","Flying Knee"],"relics":["Cursed Key","Tiny Chest"],"potions_floor_usage":[11,16],"damage_taken":[{"damage":0,"enemies":"2 Louse","floor":1,"turns":4},{"damage":1,"enemies":"Jaw Worm","floor":3,"turns":4},{"damage":0,"enemies":"Small Slimes","floor":5,"turns":3},{"damage":1,"enemies":"Looter","floor":7,"turns":4},{"damage":0,"enemies":"2 Fungi Beasts","floor":8,"turns":4},{"damage":7,"enemies":"3 Sentries","floor":11,"turns":10},{"damage":26,"enemies":"Exordium Thugs","floor":13,"turns":7},{"damage":46,"enemies":"Slime Boss","floor":16,"turns":13}],"seed_played":"7323214536597199620","potions_obtained":[{"floor":3,"key":"Weak Potion"},{"floor":7,"key":"Energy Potion"},{"floor":11,"key":"FearPotion"}],"is_trial":false,"path_per_floor":["M","?","M","$","M","R","M","M","T","$","E","R","M","T","R","B"],"character_chosen":"THE_SILENT","items_purchased":["Footwork","Footwork"],"campfire_rested":1,"item_purchase_floors":[4,10],"current_hp_per_floor":[59,59,58,58,58,58,57,57,57,57,50,50,24,24,43,0],"gold":81,"neow_bonus":"BOSS_RELIC","is_prod":false,"is_daily":false,"chose_seed":false,"campfire_upgraded":2,"win_rate":0,"timestamp":1550872398,"path_taken":["M","?","M","$","M","R","M","M","T","$","E","R","M","?","R","BOSS"],"build_version":"2019-01-23","purchased_purges":0,"victory":false,"max_hp_per_floor":[66,66,66,66,66,66,66,66,66,66,66,66,66,66,66,66],"card_choices":[{"not_picked":["Dodge and Roll","Poisoned Stab"],"picked":"Flying Knee","floor":1},{"not_picked":["PiercingWail","Skewer"],"picked":"Dagger Spray","floor":3},{"not_picked":["Dagger Throw","Slice"],"picked":"PiercingWail","floor":5},{"not_picked":["Flying Knee","Sucker Punch"],"picked":"Blur","floor":7},{"not_picked":["Night Terror","Underhanded Strike"],"picked":"Leg Sweep","floor":8},{"not_picked":["Catalyst","Finisher"],"picked":"Flying Knee","floor":11},{"not_picked":["Underhanded Strike","Dagger Throw","Acrobatics"],"picked":"SKIP","floor":13}],"player_experience":340567,"relics_obtained":[{"floor":11,"key":"Tiny Chest"}],"event_choices":[{"cards_removed":["Strike_G"],"damage_healed":0,"gold_gain":0,"player_choice":"Card Removal","damage_taken":0,"max_hp_gain":0,"max_hp_loss":0,"event_name":"The Cleric","floor":2,"gold_loss":50}],"is_beta":false,"boss_relics":[],"items_purged_floors":[],"is_endless":false,"potions_floor_spawned":[3,7,11,13],"killed_by":"Slime Boss","ascension_level":14}