{"gold_per_floor":[111,111,386,27,42,42,76,76,100,19,49,49,62,73,73,145,145,156,2,2,18,18,18,29,45,125,158,158,185,185,210,210,288,288,304,304,304,315,366,366],"floor_reached":40,"playtime":2285,"items_purged":["Regret"],"score":910,"play_id":"c3788279-7b44-41bc-aa87-858eff51ec43","local_time":"20190519130714","is_ascension_mode":true,"campfire_choices":[{"data":"Apotheosis","floor":6.0,"key":"SMITH"},{"data":"Leg Sweep","floor":8.0,"key":"SMITH"},{"data":"Dagger Spray","floor":12.0,"key":"SMITH"},{"data":"Neutralize","floor":15.0,"key":"SMITH"},{"data":"Glass Knife","floor":23.0,"key":"SMITH"},{"floor":28.0,"key":"REST"},{"floor":32.0,"key":"REST"}],"neow_cost":"NONE","seed_source_timestamp":0,"circlet_count":0,"master_deck":["AscendersBane","Defend_G","Defend_G","Defend_G","Defend_G","Defend_G","Strike_G","Strike_G","Strike_G","Survivor","Neutralize+1","Dash","Apotheosis+1","Leg Sweep+1","Dagger Spray+1","Poisoned Stab","Dodge and Roll","Glass Knife+1","PiercingWail+1","Predator+1","Eviscerate","Well Laid Plans","Footwork","After Image","Well Laid Plans+1","Mayhem"],"special_seed":0,"relics":["Ring of the Snake","Ancient Tea Set","Membership Card","Sundial","Strawberry","Bronze Scales","Mummified Hand","Snecko Eye","ClockworkSouvenir","Ninja Scroll","Art of War","Orichalcum","Red Mask","Fusion Hammer","FossilizedHelix"],"potions_floor_usage":[39,40],"damage_taken":[{"damage":9.0,"enemies":"Jaw Worm","floor":1.0,"turns":8.0},{"damage":0.0,"enemies":"Cultist","floor":5.0,"turns":3.0},{"damage":14.0,"enemies":"3 Sentries","floor":7.0,"turns":12.0},{"damage":6.0,"enemies":"Lagavulin","floor":11.0,"turns":10.0},{"damage":0.0,"enemies":"2 Louse","floor":13.0,"turns":2.0},{"damage":3.0,"enemies":"Exordium Wildlife","floor":14.0,"turns":3.0},{"damage":17.0,"enemies":"Hexaghost","floor":16.0,"turns":10.0},{"damage":0.0,"enemies":"Shell Parasite","floor":18.0,"turns":5.0},{"damage":0.0,"enemies":"Spheric Guardian","floor":21.0,"turns":3.0},{"damage":20.0,"enemies":"Cultist and Chosen","floor":24.0,"turns":10.0},{"damage":10.0,"enemies":"Chosen and Byrds","floor":25.0,"turns":5.0},{"damage":9.0,"enemies":"Book of Stabbing","floor":27.0,"turns":5.0},{"damage":0.0,"enemies":"Gremlin Leader","floor":29.0,"turns":7.0},{"damage":9.0,"enemies":"Masked Bandits","floor":31.0,"turns":5.0},{"damage":6.0,"enemies":"Automaton","floor":33.0,"turns":11.0},{"damage":0.0,"enemies":"3 Shapes","floor":35.0,"turns":5.0},{"damage":3,"enemies":"3 Darklings","floor":38,"turns":4},{"damage":23,"enemies":"2 Orb Walkers","floor":39,"turns":6},{"damage":34,"enemies":"Reptomancer","floor":40,"turns":2}],"seed_played":"4261557838633450089","potions_obtained":[{"floor":5.0,"key":"Block Potion"},{"floor":13.0,"key":"AttackPotion"},{"floor":16.0,"key":"GamblersBrew"},{"floor":27.0,"key":"GamblersBrew"},{"floor":29.0,"key":"SkillPotion"},{"floor":31.0,"key":"Poison Potion"},{"floor":39,"key":"Poison Potion"}],"is_trial":false,"path_per_floor":["M","?","?","$","M","R","E","R","T","$","E","R","M","M","R","B",null,"M","$","?","M","$","R","M","M","T","E","R","E","?","?","R","B",null,"M","?","?","M","?","E"],"character_chosen":"THE_SILENT","items_purchased":["Membership Card","Apotheosis","Bronze Scales","ClockworkSouvenir","Glass Knife"],"campfire_rested":2,"item_purchase_floors":[4,4,10,19,19],"current_hp_per_floor":[50,50,50,50,50,50,36,36,43,43,37,37,37,34,34,17,59,59,59,59,59,59,59,39,29,29,20,41,41,41,32,53,47,67,67,57,57,54,31,0],"gold":366,"neow_bonus":"RANDOM_COMMON_RELIC","is_prod":false,"is_daily":false,"chose_seed":false,"campfire_upgraded":5,"win_rate":0,"timestamp":1558296434,"path_taken":["M","?","?","$","M","R","E","R","T","$","E","R","?","M","R","BOSS","M","?","?","M","?","R","M","?","T","E","R","E","?","?","R","BOSS","M","?","?","M","?","E"],"build_version":"2019-05-07","purchased_purges":1,"victory":false,"max_hp_per_floor":[66,66,66,66,66,66,66,66,73,73,73,73,73,73,73,73,73,73,73,73,73,73,73,73,73,73,73,73,73,73,73,73,73,73,73,73,69,69,69,69],"card_choices":[{"not_picked":["Dagger Throw","All Out Attack"],"picked":"Dash","floor":1.0},{"not_picked":["Slice","Blade Dance"],"picked":"Leg Sweep","floor":5.0},{"not_picked":["Expertise","Sucker Punch","Acrobatics"],"picked":"SKIP","floor":7.0},{"not_picked":["Flying Knee","Expertise"],"picked":"Dagger Spray","floor":11.0},{"not_picked":["Dagger Spray","Predator"],"picked":"Poisoned Stab","floor":13.0},{"not_picked":["Dagger Throw","Slice","Distraction"],"picked":"SKIP","floor":14.0},{"not_picked":["Heel Hook","Dagger Spray+1"],"picked":"Dodge and Roll","floor":18.0},{"not_picked":["Blade Dance","Deadly Poison"],"picked":"PiercingWail+1","floor":21.0},{"not_picked":["Dagger Throw","Dash"],"picked":"Predator+1","floor":24.0},{"not_picked":["All Out Attack","Flying Knee","Sucker Punch"],"picked":"SKIP","floor":25.0},{"not_picked":["Sucker Punch","Underhanded Strike"],"picked":"Eviscerate","floor":27.0},{"not_picked":["Outmaneuver","Escape Plan"],"picked":"Well Laid Plans","floor":29.0},{"not_picked":["All Out Attack","Expertise"],"picked":"Footwork","floor":31.0},{"not_picked":["Envenom","Corpse Explosion"],"picked":"After Image","floor":33.0},{"not_picked":["Flying Knee","Dodge and Roll"],"picked":"Well Laid Plans+1","floor":35.0},{"not_picked":["Flash of Steel","Forethought"],"picked":"Mayhem","floor":36.0},{"not_picked":["Reflex","PiercingWail","Slice"],"picked":"SKIP","floor":38}],"player_experience":1267303,"relics_obtained":[{"floor":7.0,"key":"Sundial"},{"floor":9.0,"key":"Strawberry"},{"floor":11.0,"key":"Mummified Hand"},{"floor":26.0,"key":"Ninja Scroll"},{"floor":27.0,"key":"Art of War"},{"floor":29.0,"key":"Orichalcum"},{"floor":31.0,"key":"Red Mask"},{"floor":39,"key":"FossilizedHelix"}],"event_choices":[{"cards_removed":["Strike_G"],"damage_healed":0.0,"max_hp_gain":0.0,"max_hp_loss":0.0,"gold_gain":0.0,"event_name":"Living Wall","player_choice":"Forget","floor":2.0,"gold_loss":0.0,"damage_taken":0.0},{"damage_healed":0.0,"max_hp_gain":0.0,"max_hp_loss":0.0,"gold_gain":275.0,"event_name":"Golden Shrine","player_choice":"Desecrate","floor":3.0,"gold_loss":0.0,"damage_taken":0.0,"cards_obtained":["Regret"]},{"damage_healed":0.0,"max_hp_gain":0.0,"max_hp_loss":0.0,"gold_gain":0.0,"event_name":"Beggar","player_choice":"Ignored","floor":20.0,"gold_loss":0.0,"damage_taken":0.0},{"cards_removed":["Strike_G"],"damage_healed":0.0,"max_hp_gain":0.0,"max_hp_loss":0.0,"gold_gain":0.0,"event_name":"Back to Basics","player_choice":"Elegance","floor":30.0,"gold_loss":0.0,"damage_taken":0.0},{"damage_healed":0.0,"max_hp_gain":0.0,"max_hp_loss":0.0,"gold_gain":0.0,"event_name":"Masked Bandits","player_choice":"Fought Bandits","floor":31.0,"gold_loss":0.0,"damage_taken":0.0},{"damage_healed":0.0,"max_hp_gain":0.0,"max_hp_loss":0.0,"gold_gain":0.0,"event_name":"SensoryStone","player_choice":"Memory 3","floor":36.0,"gold_loss":0.0,"damage_taken":10.0},{"damage_healed":0.0,"max_hp_gain":0.0,"max_hp_loss":4.0,"gold_gain":0.0,"event_name":"Winding Halls","player_choice":"Max HP","floor":37.0,"gold_loss":0.0,"damage_taken":0.0},{"damage_healed":0,"gold_gain":0,"player_choice":"Fight","damage_taken":0,"max_hp_gain":0,"max_hp_loss":0,"event_name":"Mysterious Sphere","floor":39,"gold_loss":0}],"is_beta":true,"boss_relics":[{"not_picked":["Empty Cage","Runic Dome"],"picked":"Snecko Eye"},{"not_picked":["Tiny House","Busted Crown"],"picked":"Fusion Hammer"}],"items_purged_floors":[4],"is_endless":false,"potions_floor_spawned":[5,13,16,21,27,29,31,39],"killed_by":"Reptomancer","ascension_level":20}