{"gold_per_floor":[363,34,34,47,60,60,94,94,142,142,142],"floor_reached":11,"playtime":281,"items_purged":[],"score":128,"play_id":"a407b0ec-8e9f-4e49-9703-cd08f47abc97","local_time":"20190406011701","is_ascension_mode":true,"campfire_choices":[{"data":"Zap","floor":6,"key":"SMITH"},{"data":"Defragment","floor":10,"key":"SMITH"}],"neow_cost":"PERCENT_DAMAGE","seed_source_timestamp":15548224694034,"circlet_count":0,"master_deck":["AscendersBane","Strike_B","Strike_B","Strike_B","Strike_B","Defend_B","Defend_B","Defend_B","Defend_B","Zap+1","Dualcast","Cold Snap","Capacitor","Defragment+1"],"relics":["Cracked Core","Bird Faced Urn","Golden Idol","Vajra","Matryoshka","Blue Candle","Bag of Marbles"],"potions_floor_usage":[11],"damage_taken":[{"damage":3,"enemies":"Small Slimes","floor":1,"turns":4},{"damage":2,"enemies":"2 Louse","floor":4,"turns":3},{"damage":1,"enemies":"Cultist","floor":5,"turns":4},{"damage":28,"enemies":"3 Sentries","floor":7,"turns":8},{"damage":18,"enemies":"Lots of Slimes","floor":11,"turns":1}],"seed_played":"8834470181921810898","potions_obtained":[{"floor":1,"key":"Weak Potion"},{"floor":4,"key":"GamblersBrew"}],"is_trial":false,"path_per_floor":["M","$","?","M","M","R","E","?","T","R","M"],"character_chosen":"DEFECT","items_purchased":["Bird Faced Urn"],"campfire_rested":0,"item_purchase_floors":[2],"current_hp_per_floor":[43,43,43,41,42,42,16,16,16,16,0],"gold":142,"neow_bonus":"TWO_FIFTY_GOLD","is_prod":false,"is_daily":false,"chose_seed":false,"campfire_upgraded":2,"win_rate":0,"timestamp":1554506221,"path_taken":["M","$","?","M","M","R","E","?","T","R","M"],"build_version":"2019-01-23","purchased_purges":0,"victory":false,"max_hp_per_floor":[71,71,64,64,64,64,64,64,64,64,64],"card_choices":[{"not_picked":["Auto Shields","Turbo"],"picked":"Cold Snap","floor":1},{"not_picked":["Go for the Eyes","Rebound"],"picked":"Capacitor","floor":4},{"not_picked":["Lockon","Hologram","Barrage"],"picked":"SKIP","floor":5},{"not_picked":["Darkness","Reboot"],"picked":"Defragment","floor":7}],"player_experience":466236,"relics_obtained":[{"floor":7,"key":"Vajra"},{"floor":9,"key":"Blue Candle"},{"floor":9,"key":"Bag of Marbles"}],"event_choices":[{"damage_healed":0,"gold_gain":0,"player_choice":"Lose Max HP","damage_taken":0,"relics_obtained":["Golden Idol"],"max_hp_gain":0,"max_hp_loss":7,"event_name":"Golden Idol","floor":3,"gold_loss":0},{"damage_healed":0,"gold_gain":0,"player_choice":"Gave Potion","damage_taken":0,"relics_obtained":["Matryoshka"],"max_hp_gain":0,"max_hp_loss":0,"event_name":"WeMeetAgain","floor":8,"gold_loss":0}],"is_beta":false,"boss_relics":[],"items_purged_floors":[],"is_endless":false,"potions_floor_spawned":[1,4,7],"killed_by":"Lots of Slimes","ascension_level":16}