{"gold_per_floor":[112,187,187,206,230,230,255,255,325,335,346,137,151,179,179,179],"floor_reached":16,"playtime":559,"items_purged":["Strike_G"],"score":270,"play_id":"a909f6bc-c944-40c4-b71b-e151e3a24442","local_time":"20190507224153","is_ascension_mode":true,"campfire_choices":[{"data":"Neutralize","floor":6,"key":"SMITH"},{"data":"Backflip","floor":8,"key":"SMITH"},{"data":"Backflip","floor":15,"key":"SMITH"}],"neow_cost":"NONE","seed_source_timestamp":2252019358297903,"circlet_count":0,"master_deck":["AscendersBane","Defend_G","Defend_G","Defend_G","Defend_G","Defend_G","Strike_G","Strike_G","Strike_G","Strike_G","Survivor","Neutralize+1","Dagger Spray","Poisoned Stab","Backflip+1","Crippling Poison","Predator","Well Laid Plans","Backflip+1","Bane"],"relics":["Ring of the Snake","NeowsBlessing","Art of War","Meat on the Bone","Question Card","Turnip"],"potions_floor_usage":[],"damage_taken":[{"damage":0,"enemies":"2 Louse","floor":1,"turns":1},{"damage":0,"enemies":"Jaw Worm","floor":4,"turns":1},{"damage":0,"enemies":"Gremlin Nob","floor":7,"turns":1},{"damage":0,"enemies":"Small Slimes","floor":10,"turns":3},{"damage":12,"enemies":"Exordium Wildlife","floor":11,"turns":4},{"damage":13,"enemies":"Gremlin Gang","floor":13,"turns":4},{"damage":19,"enemies":"3 Sentries","floor":14,"turns":8},{"damage":32,"enemies":"Hexaghost","floor":16,"turns":11}],"seed_played":"8969553804861876125","potions_obtained":[{"floor":1,"key":"Poison Potion"},{"floor":11,"key":"FearPotion"}],"is_trial":false,"path_per_floor":["M","?","?","M","T","R","E","R","T","M","M","$","M","E","R","B"],"character_chosen":"THE_SILENT","items_purchased":["Well Laid Plans","Backflip"],"campfire_rested":0,"item_purchase_floors":[12,12],"current_hp_per_floor":[59,48,48,48,48,48,48,48,48,48,36,36,35,28,28,0],"gold":179,"neow_bonus":"THREE_ENEMY_KILL","is_prod":false,"is_daily":false,"chose_seed":false,"campfire_upgraded":3,"win_rate":0,"timestamp":1557261713,"path_taken":["M","?","?","M","?","R","E","R","T","M","M","$","?","E","R","BOSS"],"build_version":"2019-01-23","purchased_purges":1,"victory":false,"max_hp_per_floor":[66,66,66,66,66,66,66,66,66,66,66,66,66,66,66,66],"card_choices":[{"not_picked":["Reflex","Deflect"],"picked":"Dagger Spray","floor":1},{"not_picked":["Flechettes","Acrobatics"],"picked":"Poisoned Stab","floor":4},{"not_picked":["Underhanded Strike","Slice"],"picked":"Backflip","floor":7},{"not_picked":["Dagger Spray","All Out Attack","PiercingWail"],"picked":"Crippling Poison","floor":10},{"not_picked":["Crippling Poison","Distraction","Prepared"],"picked":"Predator","floor":11},{"not_picked":["Backflip","Poisoned Stab","Deflect"],"picked":"Bane","floor":13},{"not_picked":["Blade Dance","Flechettes","Acrobatics","Flying Knee"],"picked":"SKIP","floor":14}],"player_experience":551201,"relics_obtained":[{"floor":5,"key":"Art of War"},{"floor":7,"key":"Meat on the Bone"},{"floor":9,"key":"Question Card"},{"floor":14,"key":"Turnip"}],"event_choices":[{"damage_healed":0,"gold_gain":75,"player_choice":"Gather Gold","damage_taken":11,"max_hp_gain":0,"max_hp_loss":0,"event_name":"World of Goop","floor":2,"gold_loss":0},{"damage_healed":0,"gold_gain":0,"player_choice":"Ignored","damage_taken":0,"max_hp_gain":0,"max_hp_loss":0,"event_name":"Liars Game","floor":3,"gold_loss":0}],"is_beta":false,"boss_relics":[],"items_purged_floors":[12],"is_endless":false,"potions_floor_spawned":[1,11],"killed_by":"Hexaghost","ascension_level":20}