{"gold_per_floor":[116,135,154,34,51,51,85,85,85,97,97,110,110,110,110,187,187,206,63,78,31,31,31,31,31,31,61,78,78,91,20,20,96,96,107,127,127,49,59,59,73,123,123,138,157,168,168],"floor_reached":47,"playtime":3137,"items_purged":["Strike_G"],"score":786,"play_id":"fc59af13-5704-4c52-8308-03f01809f324","local_time":"20190323180948","is_ascension_mode":true,"campfire_choices":[{"data":"Neutralize","floor":6,"key":"SMITH"},{"floor":8,"key":"REST"},{"data":"Noxious Fumes","floor":11,"key":"SMITH"},{"floor":15,"key":"REST"},{"floor":23,"key":"REST"},{"floor":25,"key":"REST"},{"floor":29,"key":"REST"},{"floor":32,"key":"REST"},{"floor":40,"key":"REST"}],"neow_cost":"PERCENT_DAMAGE","seed_source_timestamp":24444433210819160,"circlet_count":0,"master_deck":["AscendersBane","Defend_G","Defend_G","Defend_G","Defend_G","Defend_G","Survivor","Neutralize+1","Terror","Tools of the Trade","Dagger Spray","Deadly Poison","Sucker Punch","Caltrops","Predator","Cloak And Dagger","Crippling Poison","Noxious Fumes+1","Dodge and Roll","After Image","Footwork","Well Laid Plans","Backflip","Heel Hook","Backstab","Cloak And Dagger","Noxious Fumes+1","Adrenaline","PiercingWail","Blur","Finesse","Infinite Blades+1","Dodge and Roll"],"relics":["Ring of the Snake","Bottled Tornado","Question Card","Fusion Hammer","Frozen Egg 2","Gremlin Horn","Sozu","Dream Catcher"],"potions_floor_usage":[7,16,39],"damage_taken":[{"damage":4,"enemies":"Small Slimes","floor":1,"turns":7},{"damage":1,"enemies":"Cultist","floor":2,"turns":4},{"damage":0,"enemies":"Jaw Worm","floor":3,"turns":4},{"damage":13,"enemies":"3 Louse","floor":5,"turns":4},{"damage":17,"enemies":"Lagavulin","floor":7,"turns":7},{"damage":1,"enemies":"Red Slaver","floor":10,"turns":3},{"damage":6,"enemies":"2 Fungi Beasts","floor":12,"turns":4},{"damage":5,"enemies":"Slime Boss","floor":16,"turns":9},{"damage":1,"enemies":"Shell Parasite","floor":18,"turns":7},{"damage":33,"enemies":"2 Thieves","floor":20,"turns":5},{"damage":22,"enemies":"Gremlin Leader","floor":27,"turns":7},{"damage":6,"enemies":"Shelled Parasite and Fungi","floor":28,"turns":6},{"damage":17,"enemies":"Cultist and Chosen","floor":30,"turns":7},{"damage":35,"enemies":"Automaton","floor":33,"turns":9},{"damage":0,"enemies":"3 Shapes","floor":35,"turns":5},{"damage":3,"enemies":"3 Darklings","floor":36,"turns":5},{"damage":36,"enemies":"Transient","floor":39,"turns":5},{"damage":17,"enemies":"Writhing Mass","floor":41,"turns":8},{"damage":0,"enemies":"Maw","floor":44,"turns":8},{"damage":4,"enemies":"Sphere and 2 Shapes","floor":45,"turns":7},{"damage":5,"enemies":"Writhing Mass","floor":46,"turns":9},{"damage":12,"enemies":"Jaw Worm Horde","floor":47,"turns":2}],"seed_played":"8965154727777754095","potions_obtained":[{"floor":3,"key":"EssenceOfSteel"},{"floor":7,"key":"FearPotion"},{"floor":10,"key":"SpeedPotion"},{"floor":16,"key":"Dexterity Potion"},{"floor":28,"key":"GamblersBrew"}],"is_trial":false,"path_per_floor":["M","M","M","$","M","R","E","R","T","M","R","M","?","?","R","B",null,"M","$","M","$","?","R","?","R","T","E","M","R","M","$","R","B",null,"M","M","?","$","M","R","M","?","T","M","M","M","M"],"character_chosen":"THE_SILENT","items_purchased":["Caltrops","Predator","Footwork","Backflip","Noxious Fumes+1","Infinite Blades+1"],"campfire_rested":7,"item_purchase_floors":[4,4,19,21,31,38],"current_hp_per_floor":[40,39,39,39,26,26,9,28,28,27,27,21,21,21,40,35,58,57,57,24,24,24,43,43,62,62,40,34,53,36,36,55,20,55,55,52,52,52,16,35,18,18,18,18,14,9,0],"gold":168,"neow_bonus":"TRANSFORM_TWO_CARDS","is_prod":false,"is_daily":false,"chose_seed":false,"campfire_upgraded":2,"win_rate":0,"timestamp":1553360988,"path_taken":["M","M","M","$","M","R","E","R","T","M","R","M","?","?","R","BOSS","M","?","M","$","?","R","?","R","T","E","?","R","M","$","R","BOSS","M","M","?","$","M","R","M","?","T","M","M","M","M"],"build_version":"2019-01-23","purchased_purges":1,"victory":false,"max_hp_per_floor":[66,66,66,66,66,66,66,66,66,66,66,66,66,66,66,66,66,66,66,66,66,66,66,66,66,66,66,66,66,66,66,66,66,66,66,66,66,66,66,66,66,66,66,66,66,66,66],"card_choices":[{"not_picked":["Underhanded Strike","Outmaneuver"],"picked":"Dagger Spray","floor":1},{"not_picked":["Prepared","Outmaneuver"],"picked":"Deadly Poison","floor":2},{"not_picked":["Dagger Spray","Acrobatics"],"picked":"Sucker Punch","floor":3},{"not_picked":["PiercingWail","Tactician"],"picked":"Cloak And Dagger","floor":5},{"not_picked":["Blade Dance","Eviscerate"],"picked":"Crippling Poison","floor":7},{"not_picked":["Malaise","Cloak And Dagger","Acrobatics"],"picked":"Noxious Fumes","floor":10},{"not_picked":["Poisoned Stab","Dagger Spray","Concentrate"],"picked":"Dodge and Roll","floor":12},{"not_picked":["A Thousand Cuts","Storm of Steel","Tools of the Trade"],"picked":"After Image","floor":16},{"not_picked":["Deadly Poison","Underhanded Strike","Dodge and Roll","Outmaneuver+1"],"picked":"SKIP","floor":18},{"not_picked":["Terror","Flechettes","Dagger Spray"],"picked":"Well Laid Plans","floor":20},{"not_picked":["Prepared","Blade Dance","Dodge and Roll+1"],"picked":"Backstab","floor":27},{"not_picked":["Dagger Throw","Acrobatics+1","Outmaneuver","Glass Knife"],"picked":"SKIP","floor":28},{"not_picked":["Deflect","Endless Agony","Blade Dance"],"picked":"Cloak And Dagger","floor":30},{"not_picked":["Envenom+1","Grand Finale","Glass Knife"],"picked":"Adrenaline","floor":33},{"not_picked":["Prepared","Dagger Spray","Dodge and Roll"],"picked":"PiercingWail","floor":35},{"not_picked":["Deadly Poison+1","Underhanded Strike+1","Backflip"],"picked":"Blur","floor":36},{"not_picked":["Dramatic Entrance","Discovery","Trip"],"picked":"Finesse","floor":37},{"not_picked":["Bane","Well Laid Plans+1","Dash","Dodge and Roll"],"picked":"SKIP","floor":39},{"not_picked":["Finisher","Reflex","Deflect","Bane"],"picked":"SKIP","floor":41},{"not_picked":["Dagger Spray","Deadly Poison+1","All Out Attack","Finisher+1"],"picked":"SKIP","floor":44},{"not_picked":["Eviscerate","Masterful Stab","Doppelganger"],"picked":"Dodge and Roll","floor":45},{"not_picked":["Slice+1","Reflex","Flying Knee","PiercingWail"],"picked":"SKIP","floor":46}],"player_experience":447800,"relics_obtained":[{"floor":7,"key":"Bottled Tornado"},{"floor":9,"key":"Question Card"},{"floor":26,"key":"Frozen Egg 2"},{"floor":27,"key":"Gremlin Horn"},{"floor":43,"key":"Dream Catcher"}],"event_choices":[{"damage_healed":0,"gold_gain":0,"player_choice":"Fled","damage_taken":0,"max_hp_gain":0,"max_hp_loss":0,"event_name":"Scrap Ooze","floor":13,"gold_loss":0},{"cards_removed":["Strike_G"],"damage_healed":0,"gold_gain":0,"player_choice":"Purged","damage_taken":0,"max_hp_gain":0,"max_hp_loss":0,"event_name":"Purifier","floor":14,"gold_loss":0},{"damage_healed":0,"gold_gain":0,"player_choice":"Ignored","damage_taken":0,"max_hp_gain":0,"max_hp_loss":0,"event_name":"Vampires","floor":22,"gold_loss":0},{"damage_healed":0,"gold_gain":0,"cards_transformed":["Strike_G"],"player_choice":"Transformed","damage_taken":0,"max_hp_gain":0,"max_hp_loss":0,"event_name":"Transmorgrifier","floor":24,"gold_loss":0,"cards_obtained":["Heel Hook"]},{"damage_healed":0,"gold_gain":0,"player_choice":"Memory 1","damage_taken":0,"max_hp_gain":0,"max_hp_loss":0,"event_name":"SensoryStone","floor":37,"gold_loss":0},{"damage_healed":0,"gold_gain":50,"player_choice":"Pray","damage_taken":0,"max_hp_gain":0,"max_hp_loss":0,"event_name":"Golden Shrine","floor":42,"gold_loss":0}],"is_beta":false,"boss_relics":[{"not_picked":["Tiny House","Coffee Dripper"],"picked":"Fusion Hammer"},{"not_picked":["Cursed Key","Pandora\u0027s Box"],"picked":"Sozu"}],"items_purged_floors":[19],"is_endless":false,"potions_floor_spawned":[3,7,10,16,28,30,33,41,44,45,46],"killed_by":"Jaw Worm Horde","ascension_level":15}