{"path_per_floor":["M","M","M","$","?","E","R","M","T","M","$","R","E","M","R","B",null,"M","$","?","M","?","E","R","E","T","?","M","E","M","M","R","B",null,"M","?","$","M","T"],"character_chosen":"THE_SILENT","items_purchased":["Caltrops","Lantern","Ginger"],"gold_per_floor":[116,136,153,41,41,67,67,83,155,170,20,20,55,68,68,165,195,208,108,108,125,125,152,152,184,210,135,147,179,194,213,213,313,313,324,324,22,39,96],"floor_reached":40,"campfire_rested":0,"playtime":4312,"current_hp_per_floor":[68,68,68,68,68,37,37,34,34,34,34,34,34,34,34,29,75,75,75,61,61,61,60,60,53,53,53,47,47,47,46,46,46,80,80,70,70,70,70],"items_purged":["Strike_G","Strike_G"],"gold":96,"score":557,"play_id":"df323fdd-dc4c-4694-9848-5ede022bc135","is_prod":false,"is_daily":false,"is_ascension_mode":true,"campfire_upgraded":4,"path_taken":["M","M","M","$","?","E","R","M","T","M","$","R","E","M","R","BOSS","M","$","?","M","?","E","R","E","T","?","M","E","M","?","R","BOSS","M","?","?","?","?","E"],"build_version":"2018-02-08-PROD1","purchased_purges":2,"victory":false,"master_deck":["Defend_G","Defend_G","Defend_G","Defend_G","Survivor+1","Neutralize+1","Footwork+1","Flying Knee","Caltrops","Blur+1","Quick Slash","Caltrops+1","Die Die Die","Well Laid Plans","Distraction","PiercingWail+1","Noxious Fumes+1","Caltrops","Calculated Gamble+1","Backstab","Die Die Die","Madness","Madness","Backstab+1"],"max_hp_per_floor":[70,70,70,70,70,70,70,70,70,70,70,70,70,70,70,70,75,75,75,80,80,80,80,80,80,80,80,80,80,80,80,80,80,80,80,80,80,80,80],"relics":["Ring of the Snake","Vajra","Bottled Lightning","Lantern","Peace Pipe","Tiny House","War Paint","Letter Opener","Bronze Scales","Anchor","Sozu","Ginger","Tiny Chest"],"card_choices":[{"not_picked":["Dodge and Roll","All Out Attack"],"picked":"Footwork"},{"not_picked":["Backflip","PiercingWail"],"picked":"Flying Knee"},{"not_picked":["Prepared","Slice"],"picked":"Blur"},{"not_picked":["Dodge and Roll","Acrobatics"],"picked":"Quick Slash"},{"not_picked":["Quick Slash","Flying Knee"],"picked":"Caltrops"},{"not_picked":["Tools of the Trade","Unload"],"picked":"Die Die Die"},{"not_picked":["Backflip","PiercingWail"],"picked":"Well Laid Plans"},{"not_picked":["Acrobatics","A Thousand Cuts"],"picked":"Distraction"},{"not_picked":["Backflip","Slice"],"picked":"PiercingWail"},{"not_picked":["Quick Slash","Riddle With Holes"],"picked":"Caltrops"},{"not_picked":["All Out Attack","Quick Slash"],"picked":"Calculated Gamble"},{"not_picked":["Outmaneuver","Distraction"],"picked":"Backstab"},{"not_picked":["Venomology","Night Terror"],"picked":"Die Die Die"},{"not_picked":["Deadly Poison","Reflex"],"picked":"Backstab"}],"player_experience":48955,"potions_floor_usage":[6,13,18,25,25,33],"damage_taken":[{"damage":2,"enemies":"Small Slimes","floor":1,"turns":7},{"damage":0,"enemies":"Blue Slaver","floor":2,"turns":7},{"damage":0,"enemies":"2 Louse","floor":3,"turns":4},{"damage":31,"enemies":"Lagavulin","floor":6,"turns":14},{"damage":3,"enemies":"Looter","floor":8,"turns":4},{"damage":0,"enemies":"Red Slaver","floor":10,"turns":5},{"damage":0,"enemies":"3 Sentries","floor":13,"turns":8},{"damage":0,"enemies":"3 Louse","floor":14,"turns":3},{"damage":5,"enemies":"The Guardian","floor":16,"turns":12},{"damage":0,"enemies":"3 Byrds","floor":18,"turns":3},{"damage":0,"enemies":"Chosen","floor":21,"turns":10},{"damage":1,"enemies":"Book of Stabbing","floor":23,"turns":7},{"damage":7,"enemies":"Gremlin Leader","floor":25,"turns":8},{"damage":6,"enemies":"3 Cultists","floor":28,"turns":3},{"damage":0,"enemies":"Book of Stabbing","floor":29,"turns":6},{"damage":0,"enemies":"Snake Plant","floor":30,"turns":4},{"damage":1,"enemies":"Centurion and Healer","floor":31,"turns":7},{"damage":0,"enemies":"Automaton","floor":33,"turns":13},{"damage":0,"enemies":"3 Darklings","floor":35,"turns":5},{"damage":0,"enemies":"3 Shapes","floor":38,"turns":5},{"damage":82,"enemies":"Nemesis","floor":40,"turns":12}],"event_choices":[{"event_name":"Bonfire Elementals","player_choice":"BASIC","floor":5,"damage_taken":0},{"event_name":"Forgotten Altar","player_choice":"Shed Blood","floor":20,"damage_taken":0},{"event_name":"The Library","player_choice":"Read","floor":22,"damage_taken":0},{"event_name":"Beggar","player_choice":"Gave Gold","floor":27,"damage_taken":0},{"event_name":"Winding Halls","player_choice":"Embrace Madness","floor":36,"damage_taken":0}],"boss_relics":[{"not_picked":["Runic Dome","Runic Pyramid"],"picked":"Tiny House"},{"not_picked":["White Beast Statue","Calling Bell"],"picked":"Sozu"}],"potions_floor_spawned":[2,3,13,14,25,30,31,33],"seed_played":"-4129150114474766783","killed_by":"Nemesis","ascension_level":2,"is_trial":false}