{"gold_per_floor":[118,118,132,132,47,47,58,58,104,169,187,200,230,190],"floor_reached":14,"playtime":455,"items_purged":[],"score":230,"play_id":"f89f2a42-6e3d-421f-a09c-a0eb8de35ea6","local_time":"20190605142715","is_ascension_mode":true,"campfire_choices":[{"data":"Leg Sweep","floor":6,"key":"SMITH"},{"data":"Deadly Poison","floor":8,"key":"SMITH"}],"neow_cost":"NONE","seed_source_timestamp":1697618945437435,"circlet_count":0,"master_deck":["AscendersBane","Strike_G","Strike_G","Strike_G","Strike_G","Defend_G","Defend_G","Defend_G","Defend_G","Defend_G","Survivor","Neutralize","Deadly Poison+1","Leg Sweep+1","Infinite Blades","Quick Slash","Malaise","Noxious Fumes","Cloak And Dagger"],"relics":["Ring of the Snake","Happy Flower","Lantern","Bottled Lightning","Darkstone Periapt"],"potions_floor_usage":[10,13,13],"damage_taken":[{"damage":0,"enemies":"Small Slimes","floor":1,"turns":4},{"damage":0,"enemies":"2 Louse","floor":3,"turns":3},{"damage":0,"enemies":"Jaw Worm","floor":7,"turns":4},{"damage":36,"enemies":"Gremlin Nob","floor":10,"turns":4},{"damage":15,"enemies":"Large Slime","floor":11,"turns":10},{"damage":12,"enemies":"Lots of Slimes","floor":12,"turns":8},{"damage":0,"enemies":"3 Sentries","floor":13,"turns":6},{"damage":1,"enemies":"Looter","floor":14,"turns":2}],"seed_played":"938854628487671352","potions_obtained":[{"floor":3,"key":"AttackPotion"},{"floor":10,"key":"FearPotion"},{"floor":12,"key":"SpeedPotion"}],"is_trial":false,"path_per_floor":["M","?","M","?","$","R","M","R","T","?","M","M","E","M"],"character_chosen":"THE_SILENT","items_purchased":["Infinite Blades"],"campfire_rested":0,"item_purchase_floors":[5],"current_hp_per_floor":[59,59,59,64,64,64,64,64,64,28,13,1,1,0],"gold":190,"neow_bonus":"RANDOM_COMMON_RELIC","is_prod":false,"is_daily":false,"chose_seed":false,"campfire_upgraded":2,"win_rate":0,"timestamp":1559770035,"path_taken":["M","?","M","?","$","R","M","R","T","?","M","?","E","M"],"build_version":"2019-06-05","purchased_purges":0,"victory":false,"max_hp_per_floor":[66,66,66,71,71,71,71,71,71,71,71,71,71,71],"card_choices":[{"not_picked":["Deflect","Heel Hook"],"picked":"Deadly Poison","floor":1},{"not_picked":["Dagger Throw","Riddle With Holes"],"picked":"Leg Sweep","floor":3},{"not_picked":["Prepared","Cloak And Dagger"],"picked":"Quick Slash","floor":7},{"not_picked":["Blade Dance","Acrobatics"],"picked":"Malaise","floor":11},{"not_picked":["Prepared","Sucker Punch"],"picked":"Noxious Fumes","floor":12},{"not_picked":["Dagger Throw","Bane"],"picked":"Cloak And Dagger","floor":13}],"player_experience":1303879,"relics_obtained":[{"floor":9,"key":"Lantern"},{"floor":10,"key":"Bottled Lightning"},{"floor":13,"key":"Darkstone Periapt"}],"event_choices":[{"cards_removed":["Strike_G"],"damage_healed":0,"gold_gain":0,"player_choice":"Forget","damage_taken":0,"max_hp_gain":0,"max_hp_loss":0,"event_name":"Living Wall","floor":2,"gold_loss":0},{"damage_healed":0,"gold_gain":0,"player_choice":"Donut","damage_taken":0,"max_hp_gain":5,"max_hp_loss":0,"event_name":"Big Fish","floor":4,"gold_loss":0},{"damage_healed":0,"gold_gain":0,"player_choice":"Searched \u00272\u0027 times","damage_taken":0,"max_hp_gain":0,"max_hp_loss":0,"event_name":"Dead Adventurer","floor":10,"gold_loss":0}],"is_beta":true,"boss_relics":[],"items_purged_floors":[],"is_endless":false,"potions_floor_spawned":[3,10,12],"killed_by":"Looter","ascension_level":20}