{"gold_per_floor":[115,115,115,115,127,127,162,99,171,196,216,246,261,20,20,98,98,108,119,132,132,76,107,107,141,141,141,141,141,141,172,172,244,244,254,273,300,300,55,55,55,41,112,123,157,175,275,293,293,293,293],"floor_reached":52,"playtime":3080,"items_purged":["Regret"],"score":2183,"play_id":"94a383f0-7aed-4253-b3ab-5a3d491fd813","local_time":"20190612235929","is_ascension_mode":true,"campfire_choices":[{"data":"Whirlwind","floor":6.0,"key":"SMITH"},{"data":"Power Through","floor":15.0,"key":"SMITH"},{"data":"Flame Barrier","floor":24.0,"key":"SMITH"},{"data":"1","floor":27.0,"key":"LIFT"},{"data":"Shockwave","floor":29.0,"key":"SMITH"},{"data":"Bash","floor":32.0,"key":"SMITH"},{"data":"Demon Form","floor":41.0,"key":"SMITH"},{"data":"Evolve","floor":49,"key":"SMITH"}],"neow_cost":"NONE","seed_source_timestamp":191193824862500,"circlet_count":0,"master_deck":["AscendersBane","Bash+1","Whirlwind+1","Power Through+1","Reckless Charge+1","Blood for Blood+1","Shrug It Off","Warcry","Reaper+1","Anger+1","Disarm","Shockwave+1","Dropkick+1","Exhume","Uppercut+1","Flame Barrier+1","Offering","Headbutt+1","Shrug It Off","Hemokinesis+1","Offering","Shrug It Off","Shrug It Off","Pommel Strike+1","Demon Form+1","Offering","Shrug It Off","Madness","Madness","Clothesline+1","Evolve+1","Shrug It Off","Intimidate+1"],"special_seed":0,"relics":["Burning Blood","NeowsBlessing","Ginger","Molten Egg 2","Bird Faced Urn","Gremlin Horn","PreservedInsect","Happy Flower","Tiny Chest","Pandora\u0027s Box","Oddly Smooth Stone","Juzu Bracelet","Girya","Smiling Mask","Runic Dome","Potion Belt","Membership Card","Mercury Hourglass","Bottled Tornado","Peace Pipe"],"potions_floor_usage":[50,50,50,51],"damage_taken":[{"damage":0.0,"enemies":"Small Slimes","floor":1.0,"turns":1.0},{"damage":0.0,"enemies":"Jaw Worm","floor":5.0,"turns":1.0},{"damage":0.0,"enemies":"Lagavulin","floor":7.0,"turns":1.0},{"damage":14.0,"enemies":"3 Sentries","floor":10.0,"turns":4.0},{"damage":2.0,"enemies":"2 Louse","floor":11.0,"turns":3.0},{"damage":0.0,"enemies":"Gremlin Nob","floor":12.0,"turns":3.0},{"damage":0.0,"enemies":"2 Fungi Beasts","floor":13.0,"turns":2.0},{"damage":36.0,"enemies":"Slime Boss","floor":16.0,"turns":7.0},{"damage":13.0,"enemies":"3 Byrds","floor":18.0,"turns":5.0},{"damage":6.0,"enemies":"2 Thieves","floor":19.0,"turns":3.0},{"damage":22.0,"enemies":"3 Cultists","floor":20.0,"turns":5.0},{"damage":8.0,"enemies":"Gremlin Leader","floor":23.0,"turns":5.0},{"damage":8.0,"enemies":"Slavers","floor":25.0,"turns":3.0},{"damage":8.0,"enemies":"Gremlin Leader","floor":31.0,"turns":3.0},{"damage":34.0,"enemies":"Collector","floor":33.0,"turns":7.0},{"damage":16.0,"enemies":"3 Shapes","floor":35.0,"turns":6.0},{"damage":12.0,"enemies":"3 Darklings","floor":36.0,"turns":2.0},{"damage":33.0,"enemies":"Transient","floor":44.0,"turns":6.0},{"damage":26.0,"enemies":"Giant Head","floor":45.0,"turns":4.0},{"damage":18.0,"enemies":"Sphere and 2 Shapes","floor":46.0,"turns":3.0},{"damage":12.0,"enemies":"Mind Bloom Boss Battle","floor":47.0,"turns":10.0},{"damage":16,"enemies":"Spire Growth","floor":48,"turns":4},{"damage":67,"enemies":"Donu and Deca","floor":50,"turns":5},{"damage":42,"enemies":"Awakened One","floor":51,"turns":8}],"seed_played":"-6079828299603253791","potions_obtained":[{"floor":7.0,"key":"Regen Potion"},{"floor":11.0,"key":"Block Potion"},{"floor":12.0,"key":"Dexterity Potion"},{"floor":18.0,"key":"Swift Potion"},{"floor":19.0,"key":"PowerPotion"},{"floor":45.0,"key":"Regen Potion"},{"floor":46.0,"key":"SteroidPotion"},{"floor":48,"key":"LiquidBronze"}],"is_trial":false,"path_per_floor":["M","?","?","?","M","R","E","?","T","E","M","E","M","$","R","B",null,"M","M","M","?","$","E","R","E","T","R","?","R","?","E","R","B",null,"M","M","T","?","$","?","R","$","T","M","E","M","?","M","R","B","B",null],"character_chosen":"IRONCLAD","items_purchased":["Tiny Chest","Warcry","Shrug It Off","Membership Card","Shrug It Off","Clothesline+1"],"campfire_rested":0,"item_purchase_floors":[14,14,22,39,39,42],"current_hp_per_floor":[74,74,69,46,52,52,58,58,58,62,66,72,75,75,75,45,68,63,73,67,67,67,72,72,70,70,70,70,70,70,75,75,47,68,67,75,75,75,75,61,61,61,61,52,47,44,75,75,75,65,55],"gold":293,"neow_bonus":"THREE_ENEMY_KILL","is_prod":false,"is_daily":false,"chose_seed":false,"campfire_upgraded":7,"win_rate":0,"timestamp":1560398369,"path_taken":["M","?","?","?","M","R","E","?","T","E","?","E","M","?","R","BOSS","M","M","?","?","$","E","R","E","T","R","?","R","?","E","R","BOSS","M","M","?","?","?","?","R","?","T","M","E","M","?","M","R","BOSS","BOSS"],"build_version":"2019-01-23","purchased_purges":1,"victory":true,"max_hp_per_floor":[75,75,75,75,75,75,75,75,75,75,75,75,75,75,75,75,75,75,75,75,75,75,75,75,75,75,75,75,75,75,75,75,75,75,75,75,75,75,75,75,75,75,75,75,75,75,75,75,75,75,75],"card_choices":[{"not_picked":["Flex","Pummel"],"picked":"Whirlwind","floor":1.0},{"not_picked":["Sever Soul+1","Anger+1"],"picked":"Power Through","floor":5.0},{"not_picked":["Juggernaut","Entrench"],"picked":"Reckless Charge+1","floor":7.0},{"not_picked":["Havoc","Heavy Blade+1"],"picked":"Blood for Blood+1","floor":10.0},{"not_picked":["Intimidate","Clash+1","Anger+1"],"picked":"SKIP","floor":11.0},{"not_picked":["Twin Strike+1","Corruption"],"picked":"Shrug It Off","floor":12.0},{"not_picked":["Carnage+1","Armaments","Body Slam+1"],"picked":"SKIP","floor":13.0},{"not_picked":["Barricade","Feed+1"],"picked":"Reaper+1","floor":16.0},{"not_picked":["Sword Boomerang+1","Iron Wave+1"],"picked":"Shrug It Off","floor":18.0},{"not_picked":["Rampage+1","Clash+1","Anger+1"],"picked":"SKIP","floor":19.0},{"not_picked":["Combust","Corruption"],"picked":"Hemokinesis+1","floor":20.0},{"not_picked":["Pommel Strike+1","Second Wind"],"picked":"Shrug It Off","floor":23.0},{"not_picked":["Twin Strike+1","Perfected Strike+1","Warcry"],"picked":"SKIP","floor":25.0},{"not_picked":["Spot Weakness","Havoc"],"picked":"Pommel Strike+1","floor":31.0},{"not_picked":["Dark Embrace","Brutality"],"picked":"Demon Form","floor":33.0},{"not_picked":["Perfected Strike+1","Wild Strike+1","Flex+1"],"picked":"SKIP","floor":35.0},{"not_picked":["Cleave+1","Clash+1","Pommel Strike+1"],"picked":"SKIP","floor":36.0},{"not_picked":["Bludgeon+1","Sword Boomerang+1"],"picked":"Evolve","floor":44.0},{"not_picked":["Havoc","Ghostly Armor"],"picked":"Shrug It Off","floor":45.0},{"not_picked":["True Grit","Clothesline+1","Evolve+1"],"picked":"SKIP","floor":46.0},{"not_picked":["Dropkick+1","Heavy Blade+1"],"picked":"Intimidate+1","floor":47.0},{"not_picked":["Battle Trance","Brutality","Thunderclap+1"],"picked":"SKIP","floor":48},{"not_picked":["Battle Trance","Brutality","Thunderclap+1"],"picked":"SKIP","floor":48}],"player_experience":781555,"relics_obtained":[{"floor":7.0,"key":"Bird Faced Urn"},{"floor":9.0,"key":"Gremlin Horn"},{"floor":10.0,"key":"PreservedInsect"},{"floor":12.0,"key":"Happy Flower"},{"floor":23.0,"key":"Oddly Smooth Stone"},{"floor":25.0,"key":"Juzu Bracelet"},{"floor":26.0,"key":"Girya"},{"floor":31.0,"key":"Smiling Mask"},{"floor":37.0,"key":"Potion Belt"},{"floor":43.0,"key":"Mercury Hourglass"},{"floor":45.0,"key":"Bottled Tornado"},{"floor":47.0,"key":"Peace Pipe"}],"event_choices":[{"damage_healed":0.0,"max_hp_gain":0.0,"max_hp_loss":0.0,"gold_gain":0.0,"event_name":"Big Fish","player_choice":"Box","floor":2.0,"gold_loss":0.0,"damage_taken":0.0,"relics_obtained":["Ginger"],"cards_obtained":["Regret"]},{"damage_healed":0.0,"max_hp_gain":0.0,"max_hp_loss":0.0,"gold_gain":0.0,"event_name":"Scrap Ooze","player_choice":"Success","floor":3.0,"gold_loss":0.0,"damage_taken":5.0,"relics_obtained":["Molten Egg 2"]},{"damage_healed":0.0,"max_hp_gain":0.0,"max_hp_loss":0.0,"gold_gain":0.0,"event_name":"Shining Light","player_choice":"Entered Light","floor":4.0,"gold_loss":0.0,"damage_taken":23.0,"cards_upgraded":["Defend_R","Strike_R"]},{"damage_healed":0.0,"max_hp_gain":0.0,"max_hp_loss":0.0,"gold_gain":0.0,"event_name":"World of Goop","player_choice":"Left Gold","floor":8.0,"gold_loss":63.0,"damage_taken":0.0},{"damage_healed":0.0,"max_hp_gain":0.0,"max_hp_loss":0.0,"gold_gain":0.0,"event_name":"Match and Keep!","player_choice":"1 cards matched","floor":21.0,"gold_loss":0.0,"damage_taken":0.0,"cards_obtained":["Offering"]},{"damage_healed":0.0,"max_hp_gain":0.0,"max_hp_loss":0.0,"gold_gain":0.0,"event_name":"Back to Basics","player_choice":"Simplicity","floor":28.0,"gold_loss":0.0,"damage_taken":0.0,"cards_upgraded":[]},{"damage_healed":0.0,"max_hp_gain":0.0,"max_hp_loss":0.0,"gold_gain":0.0,"event_name":"N\u0027loth","player_choice":"Ignored","floor":30.0,"gold_loss":0.0,"damage_taken":0.0},{"damage_healed":0.0,"max_hp_gain":0.0,"max_hp_loss":0.0,"gold_gain":0.0,"event_name":"Duplicator","player_choice":"Copied","floor":38.0,"gold_loss":0.0,"damage_taken":0.0,"cards_obtained":["Offering"]},{"damage_healed":0.0,"max_hp_gain":0.0,"max_hp_loss":0.0,"gold_gain":0.0,"event_name":"Winding Halls","player_choice":"Embrace Madness","floor":40.0,"gold_loss":0.0,"damage_taken":14.0,"cards_obtained":["Madness","Madness"]},{"damage_healed":0.0,"max_hp_gain":0.0,"max_hp_loss":0.0,"gold_gain":0.0,"event_name":"MindBloom","player_choice":"Fight","floor":47.0,"gold_loss":0.0,"damage_taken":0.0}],"is_beta":false,"boss_relics":[{"not_picked":["Lizard Tail","Empty Cage"],"picked":"Pandora\u0027s Box"},{"not_picked":["Eternal Feather","Runic Cube"],"picked":"Runic Dome"}],"items_purged_floors":[14],"is_endless":false,"potions_floor_spawned":[7,11,12,18,19,45,46,48],"ascension_level":20}