{"gold_per_floor":[113,113,62,62,78,109,127,156,156,185,205,205,215,215,215,292,292,311,321,86,86,117,117,151,251,251,8,36,53,53,53,53,130,130,143,161,161,43,63,94,106,144,156,14,14,27,27,27,27,27,27],"floor_reached":52,"playtime":2649,"items_purged":["Strike_G","Eviscerate+1"],"score":1978,"play_id":"774b6eea-577a-4237-b60e-3d449ef8b57e","local_time":"20190505194443","is_ascension_mode":true,"campfire_choices":[{"floor":12.0,"key":"REST"},{"data":"Malaise","floor":15.0,"key":"SMITH"},{"data":"Leg Sweep","floor":23.0,"key":"SMITH"},{"floor":30.0,"key":"DIG"},{"data":"Deadly Poison","floor":32.0,"key":"SMITH"},{"floor":41,"key":"REST"},{"floor":45,"key":"DIG"},{"floor":47,"key":"DIG"},{"floor":49,"key":"DIG"}],"neow_cost":"NONE","seed_source_timestamp":385378025701801,"circlet_count":0,"master_deck":["AscendersBane","Survivor","Neutralize","Dagger Spray","Deadly Poison+1","Backstab+1","PiercingWail","Masterful Stab+1","Predator+1","Malaise+1","Deflect","Die Die Die+1","Well Laid Plans","Leg Sweep+1","PiercingWail","Backflip","Glass Knife+1","Malaise","Tools of the Trade+1","After Image+1","Wraith Form v2+1","Sucker Punch+1","Burst","Heel Hook+1","Dash+1","Noxious Fumes+1"],"special_seed":0,"relics":["Ring of the Snake","NeowsBlessing","Molten Egg 2","Calipers","Pear","Anchor","Velvet Choker","Red Mask","Shovel","FossilizedHelix","Frozen Egg 2","Art of War","Membership Card","Pantograph","The Courier","Pandora\u0027s Box","GremlinMask","Bronze Scales","MawBank","Orichalcum","Mummified Hand","Vajra","TheAbacus","Boot","StoneCalendar","Snake Skull"],"potions_floor_usage":[],"damage_taken":[{"damage":0.0,"enemies":"Jaw Worm","floor":1.0,"turns":1.0},{"damage":0.0,"enemies":"Cultist","floor":5.0,"turns":1.0},{"damage":0.0,"enemies":"Lagavulin","floor":6.0,"turns":1.0},{"damage":0.0,"enemies":"2 Louse","floor":7.0,"turns":2.0},{"damage":41.0,"enemies":"Gremlin Nob","floor":8.0,"turns":4.0},{"damage":15.0,"enemies":"Lagavulin","floor":10.0,"turns":5.0},{"damage":0.0,"enemies":"Red Slaver","floor":11.0,"turns":3.0},{"damage":0.0,"enemies":"Looter","floor":13.0,"turns":2.0},{"damage":1.0,"enemies":"The Guardian","floor":16.0,"turns":15.0},{"damage":18.0,"enemies":"Shell Parasite","floor":18.0,"turns":5.0},{"damage":0.0,"enemies":"Spheric Guardian","floor":19.0,"turns":3.0},{"damage":0.0,"enemies":"Masked Bandits","floor":22.0,"turns":2.0},{"damage":12.0,"enemies":"Gremlin Leader","floor":24.0,"turns":10.0},{"damage":4.0,"enemies":"Colosseum Slavers","floor":25.0,"turns":5.0},{"damage":3.0,"enemies":"Colosseum Nobs","floor":25.0,"turns":4.0},{"damage":1.0,"enemies":"Book of Stabbing","floor":28.0,"turns":7.0},{"damage":12.0,"enemies":"Centurion and Healer","floor":29.0,"turns":10.0},{"damage":37.0,"enemies":"Automaton","floor":33.0,"turns":16.0},{"damage":6.0,"enemies":"3 Darklings","floor":35.0,"turns":5.0},{"damage":0.0,"enemies":"3 Shapes","floor":36.0,"turns":9.0},{"damage":0.0,"enemies":"Writhing Mass","floor":39.0,"turns":8.0},{"damage":34,"enemies":"Reptomancer","floor":40,"turns":12},{"damage":3,"enemies":"Nemesis","floor":42,"turns":9},{"damage":12,"enemies":"Spire Growth","floor":46,"turns":6},{"damage":20,"enemies":"Awakened One","floor":50,"turns":20},{"damage":5,"enemies":"Time Eater","floor":51,"turns":13}],"seed_played":"8399586811211945791","potions_obtained":[{"floor":1.0,"key":"PowerPotion"},{"floor":5.0,"key":"Swift Potion"},{"floor":10.0,"key":"Explosive Potion"},{"floor":13.0,"key":"AttackPotion"},{"floor":19.0,"key":"FearPotion"},{"floor":28.0,"key":"EssenceOfSteel"},{"floor":33.0,"key":"Dexterity Potion"},{"floor":36.0,"key":"PowerPotion"}],"is_trial":false,"path_per_floor":["M","?","$","T","M","E","M","E","T","E","M","R","M","?","R","B",null,"M","M","$","?","?","R","E","?","T","$","E","M","R","?","R","B",null,"M","M","?","$","M","E","R","E","T","$","R","M","R","$","R","B","B",null],"character_chosen":"THE_SILENT","items_purchased":["Deadly Poison","Well Laid Plans","Leg Sweep","Membership Card","PowerPotion","Bronze Scales","Vajra","TheAbacus"],"campfire_rested":2,"item_purchase_floors":[3,20,20,27,27,38,44,44],"current_hp_per_floor":[59,59,59,59,59,59,59,28,28,13,13,35,35,35,35,34,66,48,48,48,48,48,48,36,29,29,29,28,16,16,16,16,4,58,52,52,52,52,52,18,40,37,37,37,37,25,25,25,25,30,50],"gold":27,"neow_bonus":"THREE_ENEMY_KILL","is_prod":false,"is_daily":false,"chose_seed":false,"campfire_upgraded":3,"win_rate":0,"timestamp":1557110683,"path_taken":["M","?","$","?","?","E","M","E","T","E","M","R","M","?","R","BOSS","M","M","$","?","?","R","E","?","T","?","E","?","R","?","R","BOSS","M","M","?","$","M","E","R","E","T","?","R","M","R","$","R","BOSS","BOSS"],"build_version":"2019-04-23","purchased_purges":2,"victory":true,"max_hp_per_floor":[66,66,66,66,66,66,66,76,76,76,76,76,76,76,76,76,76,76,76,76,76,76,76,76,76,76,76,76,76,76,76,76,76,76,76,76,76,76,76,76,76,76,76,76,76,76,76,76,76,76,76],"card_choices":[{"not_picked":["Concentrate","Dagger Throw"],"picked":"Dagger Spray","floor":1.0},{"not_picked":["Escape Plan","Reflex"],"picked":"Backstab+1","floor":5.0},{"not_picked":["Dodge and Roll","Blade Dance"],"picked":"PiercingWail","floor":6.0},{"not_picked":["Concentrate","Expertise"],"picked":"Masterful Stab+1","floor":7.0},{"not_picked":["Accuracy","Outmaneuver"],"picked":"Predator+1","floor":8.0},{"not_picked":["Prepared","Deflect"],"picked":"Malaise","floor":10.0},{"not_picked":["Poisoned Stab+1","Concentrate"],"picked":"Deflect","floor":11.0},{"not_picked":["Underhanded Strike+1","Prepared","PiercingWail"],"picked":"SKIP","floor":13.0},{"not_picked":["Phantasmal Killer","Tools of the Trade"],"picked":"Die Die Die+1","floor":16.0},{"not_picked":["Dagger Spray+1","Poisoned Stab+1","Dagger Throw+1"],"picked":"SKIP","floor":18.0},{"not_picked":["Tactician","Infinite Blades","Prepared+1"],"picked":"SKIP","floor":19.0},{"not_picked":["Flying Knee+1","PiercingWail","Endless Agony+1"],"picked":"SKIP","floor":24.0},{"not_picked":["Backstab+1","Underhanded Strike+1"],"picked":"PiercingWail","floor":28.0},{"not_picked":["Deadly Poison","Prepared"],"picked":"Backflip","floor":29.0},{"not_picked":["Bullet Time","Malaise"],"picked":"Glass Knife+1","floor":33.0},{"not_picked":["Reflex","Sucker Punch+1","Finisher+1"],"picked":"SKIP","floor":35.0},{"not_picked":["Underhanded Strike+1","Sucker Punch+1","Quick Slash+1"],"picked":"SKIP","floor":36.0},{"not_picked":["PiercingWail","Eviscerate+1","Outmaneuver"],"picked":"SKIP","floor":39.0},{"not_picked":["Sucker Punch+1","Escape Plan","Concentrate"],"picked":"SKIP","floor":40},{"not_picked":["Flechettes+1","Choke+1"],"picked":"Dash+1","floor":42},{"not_picked":["Setup","Choke+1"],"picked":"Noxious Fumes+1","floor":46}],"player_experience":1221743,"relics_obtained":[{"floor":4.0,"key":"Molten Egg 2"},{"floor":6.0,"key":"Calipers"},{"floor":8.0,"key":"Pear"},{"floor":10.0,"key":"Anchor"},{"floor":22.0,"key":"Red Mask"},{"floor":24.0,"key":"Shovel"},{"floor":25.0,"key":"FossilizedHelix"},{"floor":25.0,"key":"Frozen Egg 2"},{"floor":26.0,"key":"Art of War"},{"floor":28.0,"key":"Pantograph"},{"floor":30.0,"key":"The Courier"},{"floor":40,"key":"MawBank"},{"floor":42,"key":"Orichalcum"},{"floor":43,"key":"Mummified Hand"},{"floor":45,"key":"Boot"},{"floor":47,"key":"StoneCalendar"},{"floor":49,"key":"Snake Skull"}],"event_choices":[{"cards_removed":["Strike_G"],"damage_healed":0.0,"max_hp_gain":0.0,"max_hp_loss":0.0,"gold_gain":0.0,"event_name":"Purifier","player_choice":"Purged","floor":2.0,"gold_loss":0.0,"damage_taken":0.0},{"damage_healed":0.0,"max_hp_gain":0.0,"max_hp_loss":0.0,"gold_gain":0.0,"event_name":"Lab","player_choice":"Got Potions","floor":14.0,"gold_loss":0.0,"damage_taken":0.0},{"damage_healed":0.0,"max_hp_gain":0.0,"max_hp_loss":0.0,"gold_gain":0.0,"event_name":"Vampires","player_choice":"Ignored","floor":21.0,"gold_loss":0.0,"damage_taken":0.0},{"damage_healed":0.0,"max_hp_gain":0.0,"max_hp_loss":0.0,"gold_gain":0.0,"event_name":"Masked Bandits","player_choice":"Fought Bandits","floor":22.0,"gold_loss":0.0,"damage_taken":0.0},{"damage_healed":0.0,"max_hp_gain":0.0,"max_hp_loss":0.0,"gold_gain":0.0,"event_name":"Colosseum","player_choice":"Fight","floor":25.0,"gold_loss":0.0,"damage_taken":0.0},{"damage_healed":0.0,"max_hp_gain":0.0,"max_hp_loss":0.0,"gold_gain":0.0,"event_name":"Colosseum","player_choice":"Fought Nobs","floor":25.0,"gold_loss":0.0,"damage_taken":0.0},{"damage_healed":0.0,"max_hp_gain":0.0,"max_hp_loss":0.0,"gold_gain":0.0,"event_name":"Cursed Tome","player_choice":"Ignored","floor":31.0,"gold_loss":0.0,"damage_taken":0.0},{"damage_healed":0.0,"max_hp_gain":0.0,"max_hp_loss":0.0,"gold_gain":0.0,"event_name":"FaceTrader","player_choice":"Trade","floor":37.0,"gold_loss":0.0,"damage_taken":0.0,"relics_obtained":["GremlinMask"]}],"is_beta":true,"boss_relics":[{"not_picked":["Eternal Feather","WristBlade"],"picked":"Velvet Choker"},{"not_picked":["Snecko Eye","Sozu"],"picked":"Pandora\u0027s Box"}],"items_purged_floors":[20,38],"is_endless":false,"potions_floor_spawned":[1,5,10,13,19,22,28,33,36,46],"ascension_level":20}