{"gold_per_floor":[111,121,121,137,147,147,72,72,127,137,147,157,186,201,201,275,275,291,301,311,44,64,64,98,98,98,98,118,118,145,158,158,158],"floor_reached":33,"playtime":1229,"items_purged":["Strike_B","Strike_B"],"score":491,"play_id":"9b6f27a4-82b3-4e13-956a-6da2114fbd25","local_time":"20190406014531","is_ascension_mode":true,"campfire_choices":[{"data":"Zap","floor":6,"key":"SMITH"},{"data":"Sweeping Beam","floor":8,"key":"SMITH"},{"floor":15,"key":"REST"},{"data":"Glacier","floor":23,"key":"SMITH"},{"data":"Blizzard","floor":27,"key":"SMITH"},{"data":"Streamline","floor":29,"key":"SMITH"},{"floor":32,"key":"REST"}],"neow_cost":"NONE","seed_source_timestamp":16311184364964,"circlet_count":0,"master_deck":["AscendersBane","Strike_B","Defend_B","Defend_B","Defend_B","Defend_B","Zap+1","Dualcast","Trip","Sweeping Beam+1","Cold Snap","Coolheaded","Self Repair","Streamline+1","Rainbow","Glacier+1","Electrodynamics","Blizzard+1","Leap","Ball Lightning","Leap"],"relics":["Cracked Core","PreservedInsect","Regal Pillow","Busted Crown","Anchor","Bag of Marbles","MutagenicStrength","Ice Cream","Red Mask"],"potions_floor_usage":[16,30,33,33],"damage_taken":[{"damage":1,"enemies":"Cultist","floor":1,"turns":3},{"damage":5,"enemies":"2 Louse","floor":2,"turns":2},{"damage":7,"enemies":"Small Slimes","floor":4,"turns":2},{"damage":6,"enemies":"2 Fungi Beasts","floor":5,"turns":3},{"damage":11,"enemies":"Looter","floor":10,"turns":3},{"damage":7,"enemies":"Exordium Thugs","floor":11,"turns":4},{"damage":0,"enemies":"2 Fungi Beasts","floor":12,"turns":2},{"damage":10,"enemies":"Gremlin Nob","floor":13,"turns":3},{"damage":9,"enemies":"Blue Slaver","floor":14,"turns":3},{"damage":36,"enemies":"Slime Boss","floor":16,"turns":9},{"damage":5,"enemies":"Shell Parasite","floor":18,"turns":7},{"damage":0,"enemies":"Chosen","floor":19,"turns":6},{"damage":27,"enemies":"Sentry and Sphere","floor":20,"turns":5},{"damage":6,"enemies":"Snecko","floor":22,"turns":5},{"damage":24,"enemies":"Book of Stabbing","floor":24,"turns":5},{"damage":5,"enemies":"Shelled Parasite and Fungi","floor":28,"turns":5},{"damage":0,"enemies":"Masked Bandits","floor":30,"turns":2},{"damage":12,"enemies":"Snake Plant","floor":31,"turns":3},{"damage":71,"enemies":"Automaton","floor":33,"turns":6}],"seed_played":"7757299404444851271","potions_obtained":[{"floor":1,"key":"Ancient Potion"},{"floor":4,"key":"Strength Potion"},{"floor":18,"key":"AttackPotion"},{"floor":28,"key":"PowerPotion"},{"floor":31,"key":"AttackPotion"}],"is_trial":false,"path_per_floor":["M","M","?","M","M","R","$","R","T","M","M","M","E","M","R","B",null,"M","M","M","$","M","R","E","?","T","R","M","R","?","M","R","B"],"character_chosen":"DEFECT","items_purchased":["Anchor"],"campfire_rested":2,"item_purchase_floors":[21],"current_hp_per_floor":[63,58,58,51,45,45,45,45,45,41,34,34,31,29,65,36,62,64,71,51,51,52,52,35,35,35,35,37,37,44,32,68,0],"gold":158,"neow_bonus":"RANDOM_COLORLESS","is_prod":false,"is_daily":false,"chose_seed":false,"campfire_upgraded":5,"win_rate":0,"timestamp":1554507931,"path_taken":["M","?","?","M","M","R","$","R","T","M","M","M","E","M","R","BOSS","M","M","M","$","M","R","E","?","T","R","M","R","?","M","R","BOSS"],"build_version":"2019-01-23","purchased_purges":2,"victory":false,"max_hp_per_floor":[71,71,71,71,71,71,71,71,71,71,71,71,71,71,71,71,71,71,71,71,71,71,71,71,71,71,71,71,71,71,71,71,71],"card_choices":[{"not_picked":["Beam Cell","Melter"],"picked":"Sweeping Beam","floor":1},{"not_picked":["Redo","Rebound"],"picked":"Cold Snap","floor":2},{"not_picked":["Rip and Tear","Reinforced Body"],"picked":"Coolheaded","floor":4},{"not_picked":["Auto Shields","Sweeping Beam"],"picked":"Self Repair","floor":5},{"not_picked":["Compile Driver","Lockon"],"picked":"Streamline","floor":10},{"not_picked":["Rebound","Beam Cell","Redo"],"picked":"SKIP","floor":11},{"not_picked":["Streamline","Redo","Barrage"],"picked":"SKIP","floor":12},{"not_picked":["Lockon","Stack"],"picked":"Rainbow","floor":13},{"not_picked":["White Noise","Undo"],"picked":"Glacier","floor":14},{"not_picked":["Hyperbeam","Biased Cognition"],"picked":"Electrodynamics","floor":16},{"not_picked":["Streamline"],"picked":"SKIP","floor":18},{"not_picked":["Auto Shields"],"picked":"SKIP","floor":19},{"not_picked":[],"picked":"Blizzard","floor":20},{"not_picked":[],"picked":"Leap","floor":22},{"not_picked":["Electrodynamics"],"picked":"SKIP","floor":24},{"not_picked":["Melter"],"picked":"SKIP","floor":28},{"not_picked":[],"picked":"Ball Lightning","floor":30},{"not_picked":[],"picked":"Leap","floor":31}],"player_experience":466978,"relics_obtained":[{"floor":9,"key":"PreservedInsect"},{"floor":13,"key":"Regal Pillow"},{"floor":24,"key":"Bag of Marbles"},{"floor":26,"key":"Ice Cream"},{"floor":30,"key":"Red Mask"}],"event_choices":[{"cards_removed":["Strike_B"],"damage_healed":0,"gold_gain":0,"player_choice":"Forget","damage_taken":0,"max_hp_gain":0,"max_hp_loss":0,"event_name":"Living Wall","floor":3,"gold_loss":0},{"damage_healed":0,"gold_gain":0,"player_choice":"Inject Mutagens","damage_taken":0,"relics_obtained":["MutagenicStrength"],"max_hp_gain":0,"max_hp_loss":0,"event_name":"Drug Dealer","floor":25,"gold_loss":0},{"damage_healed":0,"gold_gain":0,"player_choice":"Fought Bandits","damage_taken":0,"max_hp_gain":0,"max_hp_loss":0,"event_name":"Masked Bandits","floor":30,"gold_loss":0}],"is_beta":false,"boss_relics":[{"not_picked":["Eternal Feather","Coffee Dripper"],"picked":"Busted Crown"}],"items_purged_floors":[7,21],"is_endless":false,"potions_floor_spawned":[1,4,13,14,18,28,31],"killed_by":"Automaton","ascension_level":16}