{"path_per_floor":["M","?","M","?","T","R","E","$","T","R","$","M","M","M","R","B",null,"M","M","?","M","?","R","M","R","T","M","$"],"character_chosen":"THE_SILENT","items_purchased":["Footwork","Flying Knee","Leg Sweep","Noxious Fumes","Mind Blast"],"gold_per_floor":[112,112,123,73,155,155,180,18,18,18,18,38,58,75,75,176,176,187,167,167,182,182,182,196,196,196,207,39],"floor_reached":29,"campfire_rested":3,"playtime":2955,"current_hp_per_floor":[70,70,66,66,66,66,42,42,42,63,63,63,63,61,61,34,70,68,63,63,21,12,44,16,48,48,36,36],"items_purged":[],"gold":39,"play_id":"7d29301e-b2b1-44ee-8e1a-8bb6d57cbbad","is_prod":false,"is_daily":false,"is_ascension_mode":false,"campfire_upgraded":2,"path_taken":["M","?","M","?","?","R","E","?","T","R","?","M","M","M","R","BOSS","M","M","?","M","?","R","M","R","T","?","?","M"],"build_version":"2018-01-25-PROD3","purchased_purges":0,"victory":false,"master_deck":["Defend_G","Defend_G","Defend_G","Defend_G","Strike_G+1","Strike_G","Strike_G","Strike_G","Strike_G","Survivor","Neutralize","Dagger Spray","Dodge and Roll+1","Eviscerate","Neutralize","Dagger Spray","Backstab","Footwork","Flying Knee","Leg Sweep","Distraction","Caltrops","Quick Slash","Phantasmal Killer","Dagger Throw+1","Sucker Punch","Bouncing Flask","Bouncing Flask+1","Deflect","Leg Sweep","Noxious Fumes","Mind Blast"],"max_hp_per_floor":[70,70,70,70,70,70,70,70,70,70,70,70,70,70,70,70,70,70,70,70,70,75,75,75,75,75,75,75],"relics":["Ring of the Snake","Darkstone Periapt","Matryoshka","Lantern","Bottled Flame","Eternal Feather","Bronze Scales","Happy Flower"],"card_choices":[{"not_picked":["Sucker Punch","Flechettes"],"picked":"Dagger Spray"},{"not_picked":["Blade Dance","Riddle With Holes"],"picked":"Dagger Spray"},{"not_picked":["Distraction","Deadly Poison"],"picked":"Backstab"},{"not_picked":["Calculated Gamble","Poisoned Stab"],"picked":"Distraction"},{"not_picked":["Heel Hook","Dagger Spray"],"picked":"Caltrops"},{"not_picked":["Eviscerate","Blur"],"picked":"Quick Slash"},{"not_picked":["Tools of the Trade","Burst"],"picked":"Phantasmal Killer"},{"not_picked":["Deflect","Leg Sweep"],"picked":"Dagger Throw"},{"not_picked":["Flechettes","Dagger Spray"],"picked":"Sucker Punch"},{"not_picked":["PiercingWail","Slice"],"picked":"Bouncing Flask"},{"not_picked":["Choke","Prepared"],"picked":"Deflect"},{"not_picked":["Infinite Blades","Riddle With Holes"],"picked":"Leg Sweep"}],"player_experience":5223,"potions_floor_usage":[7,19,21,24,27],"damage_taken":[{"damage":0,"enemies":"Jaw Worm","floor":1,"turns":6},{"damage":4,"enemies":"Cultist","floor":3,"turns":4},{"damage":24,"enemies":"3 Sentries","floor":7,"turns":7},{"damage":0,"enemies":"Small Slimes","floor":12,"turns":2},{"damage":0,"enemies":"Exordium Thugs","floor":13,"turns":6},{"damage":2,"enemies":"Looter","floor":14,"turns":2},{"damage":27,"enemies":"Hexaghost","floor":16,"turns":10},{"damage":2,"enemies":"Shell Parasite","floor":18,"turns":7},{"damage":5,"enemies":"2 Thieves","floor":19,"turns":4},{"damage":42,"enemies":"Centurion and Healer","floor":21,"turns":12},{"damage":28,"enemies":"Sentry and Sphere","floor":24,"turns":7},{"damage":12,"enemies":"3 Cultists","floor":27,"turns":5},{"damage":37,"enemies":"Chosen and Byrds","floor":29,"turns":5}],"event_choices":[{"event_name":"Match and Keep!","player_choice":"3 cards matched","floor":2,"damage_taken":0},{"event_name":"Match and Keep!","player_choice":"3 cards matched","floor":2,"damage_taken":0},{"event_name":"The Cleric","player_choice":"Card Removal","floor":4,"damage_taken":0},{"event_name":"The Library","player_choice":"Read","floor":20,"damage_taken":0},{"event_name":"Forgotten Altar","player_choice":"Shed Blood","floor":22,"damage_taken":0}],"boss_relics":[{"not_picked":["Orrery","White Beast Statue"],"picked":"Eternal Feather"}],"potions_floor_spawned":[3,12,14,16,19,24,27],"seed_played":"-1958809644182090849","killed_by":"Chosen and Byrds","ascension_level":0,"is_trial":false}