{"gold_per_floor":[113,113,123,135,135,135,161,161,208,219,219,219,245,256,256,330,330,345,329,340,14,14,14,31,31,31,46,46,63,63,63],"floor_reached":31,"playtime":1734,"items_purged":["Strike_G"],"score":432,"play_id":"deb4331a-2aef-4931-bab3-f4514a45e0bf","local_time":"20190316003748","is_ascension_mode":true,"campfire_choices":[{"data":"Neutralize","floor":6,"key":"SMITH"},{"floor":8,"key":"REST"},{"data":"Dash","floor":12,"key":"SMITH"},{"floor":15,"key":"REST"},{"data":"Footwork","floor":23,"key":"SMITH"},{"floor":28,"key":"REST"}],"neow_cost":"NONE","seed_source_timestamp":23777855362291360,"circlet_count":0,"master_deck":["AscendersBane","Defend_G","Defend_G","Defend_G","Defend_G","Defend_G","Strike_G","Strike_G","Strike_G","Strike_G","Survivor","Neutralize+1","Quick Slash","Cloak And Dagger","Backflip","Dash+1","Caltrops","A Thousand Cuts","Infinite Blades","Envenom","All Out Attack","Heel Hook","Footwork+1","Dagger Throw","Corpse Explosion","Leg Sweep","Escape Plan","Well Laid Plans"],"relics":["Ring of the Snake","NeowsBlessing","Regal Pillow","Snake Skull","NlothsMask","Smiling Mask","Sozu","Lee\u0027s Waffle"],"potions_floor_usage":[7,31],"damage_taken":[{"damage":0,"enemies":"Cultist","floor":1,"turns":1},{"damage":0,"enemies":"Small Slimes","floor":3,"turns":1},{"damage":0,"enemies":"Jaw Worm","floor":4,"turns":1},{"damage":39,"enemies":"Lagavulin","floor":7,"turns":9},{"damage":6,"enemies":"Lots of Slimes","floor":10,"turns":6},{"damage":12,"enemies":"Gremlin Nob","floor":13,"turns":5},{"damage":0,"enemies":"Looter","floor":14,"turns":4},{"damage":45,"enemies":"Slime Boss","floor":16,"turns":13},{"damage":12,"enemies":"Spheric Guardian","floor":18,"turns":5},{"damage":20,"enemies":"2 Thieves","floor":19,"turns":4},{"damage":21,"enemies":"Snecko","floor":20,"turns":5},{"damage":15,"enemies":"Centurion and Healer","floor":24,"turns":6},{"damage":39,"enemies":"Shelled Parasite and Fungi","floor":27,"turns":8},{"damage":17,"enemies":"Cultist and Chosen","floor":29,"turns":5},{"damage":31,"enemies":"Colosseum Slavers","floor":30,"turns":4},{"damage":11,"enemies":"Snake Plant","floor":31,"turns":1}],"seed_played":"5940569885765061426","potions_obtained":[{"floor":1,"key":"Energy Potion"},{"floor":3,"key":"Block Potion"},{"floor":4,"key":"LiquidBronze"}],"is_trial":false,"path_per_floor":["M","?","M","M","?","R","E","R","T","M","?","R","E","M","R","B",null,"M","M","M","$","?","R","M","$","T","M","R","M","?","M"],"character_chosen":"THE_SILENT","items_purchased":["Lee\u0027s Waffle","Footwork"],"campfire_rested":3,"item_purchase_floors":[21,21],"current_hp_per_floor":[59,50,50,50,50,50,11,45,45,39,39,39,27,27,61,16,54,42,22,1,73,73,73,58,58,58,19,55,38,7,0],"gold":63,"neow_bonus":"THREE_ENEMY_KILL","is_prod":false,"is_daily":false,"chose_seed":false,"campfire_upgraded":3,"win_rate":0,"timestamp":1552693068,"path_taken":["M","?","M","?","?","R","E","R","T","M","?","R","E","?","R","BOSS","M","M","M","$","?","R","M","?","T","M","R","M","?","M"],"build_version":"2019-01-23","purchased_purges":1,"victory":false,"max_hp_per_floor":[66,66,66,66,66,66,66,66,66,66,66,66,66,66,66,66,66,66,66,66,73,73,73,73,73,73,73,73,73,73,73],"card_choices":[{"not_picked":["Crippling Poison","Blade Dance"],"picked":"Quick Slash","floor":1},{"not_picked":["Masterful Stab","Deflect"],"picked":"Cloak And Dagger","floor":3},{"not_picked":["Quick Slash","Dagger Throw"],"picked":"Backflip","floor":4},{"not_picked":["Flying Knee","Dodge and Roll"],"picked":"Dash","floor":7},{"not_picked":["Blade Dance","Prepared"],"picked":"Caltrops","floor":10},{"not_picked":["Masterful Stab","Distraction"],"picked":"A Thousand Cuts","floor":13},{"not_picked":["Skewer","Masterful Stab"],"picked":"Infinite Blades","floor":14},{"not_picked":["After Image","Glass Knife"],"picked":"Envenom","floor":16},{"not_picked":["Finisher","Deflect"],"picked":"All Out Attack","floor":18},{"not_picked":["Dagger Spray","Quick Slash"],"picked":"Heel Hook","floor":19},{"not_picked":["Quick Slash","Slice","Heel Hook"],"picked":"SKIP","floor":20},{"not_picked":["Blade Dance","Dodge and Roll"],"picked":"Leg Sweep","floor":24},{"not_picked":["Infinite Blades","Deflect"],"picked":"Escape Plan","floor":27},{"not_picked":["PiercingWail","Bane"],"picked":"Well Laid Plans","floor":29}],"player_experience":426452,"relics_obtained":[{"floor":7,"key":"Regal Pillow"},{"floor":9,"key":"Snake Skull"},{"floor":13,"key":"Smiling Mask"}],"event_choices":[{"damage_healed":0,"gold_gain":0,"player_choice":"Damaged","damage_taken":9,"max_hp_gain":0,"max_hp_loss":0,"event_name":"Wheel of Change","floor":2,"gold_loss":0},{"damage_healed":0,"gold_gain":0,"player_choice":"Ignored","damage_taken":0,"max_hp_gain":0,"max_hp_loss":0,"event_name":"Liars Game","floor":5,"gold_loss":0},{"damage_healed":0,"gold_gain":0,"player_choice":"Trade","damage_taken":0,"relics_obtained":["NlothsMask"],"max_hp_gain":0,"max_hp_loss":0,"event_name":"FaceTrader","floor":11,"gold_loss":0},{"damage_healed":0,"gold_gain":0,"player_choice":"2 cards matched","damage_taken":0,"max_hp_gain":0,"max_hp_loss":0,"event_name":"Match and Keep!","floor":22,"gold_loss":0,"cards_obtained":["Dagger Throw","Corpse Explosion"]},{"damage_healed":0,"gold_gain":0,"player_choice":"Fight","damage_taken":0,"max_hp_gain":0,"max_hp_loss":0,"event_name":"Colosseum","floor":30,"gold_loss":0},{"damage_healed":0,"gold_gain":0,"player_choice":"Fled From Nobs","damage_taken":0,"max_hp_gain":0,"max_hp_loss":0,"event_name":"Colosseum","floor":30,"gold_loss":0}],"is_beta":false,"boss_relics":[{"not_picked":["Ectoplasm","Velvet Choker"],"picked":"Sozu"}],"items_purged_floors":[21],"is_endless":false,"potions_floor_spawned":[1,3,4,24,27,30],"killed_by":"Snake Plant","ascension_level":15}