{"gold_per_floor":[111,129,145,220,220,264,264,299,325,325,325],"floor_reached":11,"playtime":195,"items_purged":[],"score":162,"play_id":"89a09ca7-935a-4662-8737-90ba1cea7472","local_time":"20190506205821","is_ascension_mode":true,"campfire_choices":[{"data":"Bash","floor":7,"key":"SMITH"}],"neow_cost":"NONE","seed_source_timestamp":478730542690880,"circlet_count":0,"master_deck":["AscendersBane","Strike_R","Strike_R","Strike_R","Strike_R","Strike_R","Defend_R","Defend_R","Defend_R","Defend_R","Bash+1","Pommel Strike","Spot Weakness","Shockwave","Offering","Feel No Pain"],"relics":["Burning Blood","NeowsBlessing","Golden Idol","Ancient Tea Set","Boot","Vajra","FaceOfCleric"],"potions_floor_usage":[6,11],"damage_taken":[{"damage":0,"enemies":"Cultist","floor":1,"turns":1},{"damage":0,"enemies":"Jaw Worm","floor":2,"turns":1},{"damage":0,"enemies":"Small Slimes","floor":3,"turns":1},{"damage":25,"enemies":"3 Sentries","floor":6,"turns":6},{"damage":43,"enemies":"Lagavulin","floor":8,"turns":7},{"damage":15,"enemies":"Gremlin Gang","floor":11,"turns":4}],"seed_played":"1212439194167352416","potions_obtained":[{"floor":1,"key":"Explosive Potion"},{"floor":6,"key":"FearPotion"}],"is_trial":false,"path_per_floor":["M","M","M","?","?","E","R","E","T","?","M"],"character_chosen":"IRONCLAD","items_purchased":[],"campfire_rested":0,"item_purchase_floors":[],"current_hp_per_floor":[74,75,75,64,64,45,45,8,8,8,0],"gold":325,"neow_bonus":"THREE_ENEMY_KILL","is_prod":false,"is_daily":false,"chose_seed":false,"campfire_upgraded":1,"win_rate":0,"timestamp":1557201501,"path_taken":["M","M","M","?","?","E","R","E","T","?","M"],"build_version":"2019-04-23","purchased_purges":0,"victory":false,"max_hp_per_floor":[75,75,75,75,68,68,68,68,68,68,68],"card_choices":[{"not_picked":["Infernal Blade","True Grit"],"picked":"Pommel Strike","floor":1},{"not_picked":["Sword Boomerang","Infernal Blade"],"picked":"Spot Weakness","floor":2},{"not_picked":["Whirlwind","Body Slam"],"picked":"Shockwave","floor":3},{"not_picked":["Exhume","Headbutt"],"picked":"Offering","floor":6},{"not_picked":["Shockwave","Carnage"],"picked":"Feel No Pain","floor":8}],"player_experience":1229792,"relics_obtained":[{"floor":6,"key":"Ancient Tea Set"},{"floor":8,"key":"Boot"},{"floor":9,"key":"Vajra"}],"event_choices":[{"damage_healed":0,"gold_gain":75,"player_choice":"Gather Gold","damage_taken":11,"max_hp_gain":0,"max_hp_loss":0,"event_name":"World of Goop","floor":4,"gold_loss":0},{"damage_healed":0,"gold_gain":0,"player_choice":"Lose Max HP","damage_taken":0,"relics_obtained":["Golden Idol"],"max_hp_gain":0,"max_hp_loss":7,"event_name":"Golden Idol","floor":5,"gold_loss":0},{"damage_healed":0,"gold_gain":0,"player_choice":"Trade","damage_taken":0,"relics_obtained":["FaceOfCleric"],"max_hp_gain":0,"max_hp_loss":0,"event_name":"FaceTrader","floor":10,"gold_loss":0}],"is_beta":true,"boss_relics":[],"items_purged_floors":[],"is_endless":false,"potions_floor_spawned":[1,6],"killed_by":"Gremlin Gang","ascension_level":20}