{"gold_per_floor":[119,136,4,4,4,4,14,45,127,127,143,143,43,74,86,169,181,203,231,243,273,160,160,179,179,206,240,165,191,191,210,210,289,289,307,307,318,168,187,213,213],"floor_reached":41,"playtime":2099,"items_purged":["Strike_B","Strike_B","Strike_B","Pain"],"score":844,"play_id":"393ab4db-0de0-400b-b609-c77b754fc4f9","local_time":"20190324194508","is_ascension_mode":true,"campfire_choices":[{"data":"Streamline","floor":6,"key":"SMITH"},{"data":"Glacier","floor":10,"key":"SMITH"},{"data":"Go for the Eyes","floor":12,"key":"SMITH"},{"data":"Conserve Battery","floor":15,"key":"SMITH"},{"floor":23,"key":"REST"},{"floor":25,"key":"REST"},{"floor":30,"key":"REST"},{"floor":32,"key":"REST"}],"neow_cost":"NONE","seed_source_timestamp":24537599992701632,"circlet_count":0,"master_deck":["AscendersBane","Defend_B","Defend_B","Defend_B","Zap+1","Dualcast","Streamline+1","Conserve Battery+1","Ball Lightning+1","Glacier+1","Go for the Eyes+1","Machine Learning","BootSequence","Creative AI","Steam","Cold Snap","Echo Form","Chrysalis","Coolheaded+1","Self Repair+1"],"relics":["Cracked Core","Pen Nib","Mummified Hand","MawBank","Fusion Hammer","Omamori","Whetstone","Incense Burner","Calling Bell","Bag of Preparation","Letter Opener","Ginger","Dead Branch"],"potions_floor_usage":[16,27,29,33,41,41],"damage_taken":[{"damage":1,"enemies":"Cultist","floor":1,"turns":3},{"damage":0,"enemies":"2 Louse","floor":2,"turns":3},{"damage":0,"enemies":"Small Slimes","floor":7,"turns":3},{"damage":16,"enemies":"Lagavulin","floor":8,"turns":5},{"damage":0,"enemies":"2 Fungi Beasts","floor":11,"turns":3},{"damage":5,"enemies":"Gremlin Nob","floor":14,"turns":4},{"damage":12,"enemies":"Hexaghost","floor":16,"turns":11},{"damage":4,"enemies":"3 Byrds","floor":18,"turns":5},{"damage":29,"enemies":"2 Thieves","floor":19,"turns":4},{"damage":0,"enemies":"Snake Plant","floor":21,"turns":4},{"damage":1,"enemies":"Snecko","floor":24,"turns":5},{"damage":1,"enemies":"Book of Stabbing","floor":27,"turns":6},{"damage":33,"enemies":"Slavers","floor":29,"turns":6},{"damage":0,"enemies":"Centurion and Healer","floor":31,"turns":8},{"damage":19,"enemies":"Champ","floor":33,"turns":15},{"damage":6,"enemies":"3 Darklings","floor":35,"turns":7},{"damage":12,"enemies":"3 Shapes","floor":37,"turns":3},{"damage":0,"enemies":"Writhing Mass","floor":39,"turns":9},{"damage":53,"enemies":"Reptomancer","floor":40,"turns":9},{"damage":4,"enemies":"Jaw Worm Horde","floor":41,"turns":2}],"seed_played":"3038082545639588819","potions_obtained":[{"floor":2,"key":"Swift Potion"},{"floor":8,"key":"PowerPotion"},{"floor":16,"key":"FearPotion"},{"floor":21,"key":"SkillPotion"},{"floor":27,"key":"FocusPotion"},{"floor":31,"key":"Strength Potion"},{"floor":33,"key":"Fire Potion"},{"floor":39,"key":"Dexterity Potion"}],"is_trial":false,"path_per_floor":["M","M","$","?","?","R","M","E","T","R","M","R","$","E","R","B",null,"M","M","?","M","$","R","M","R","T","E","?","E","R","M","R","B",null,"M","?","M","$","M","E","M"],"character_chosen":"DEFECT","items_purchased":["Conserve Battery"],"campfire_rested":4,"item_purchase_floors":[3],"current_hp_per_floor":[70,70,70,63,63,63,63,47,47,47,47,47,47,42,42,30,66,62,33,33,33,33,56,55,78,78,77,77,44,67,67,78,59,73,67,67,55,55,55,2,0],"gold":213,"neow_bonus":"TEN_PERCENT_HP_BONUS","is_prod":false,"is_daily":false,"chose_seed":false,"campfire_upgraded":4,"win_rate":0,"timestamp":1553453108,"path_taken":["M","M","$","?","?","R","M","E","T","R","M","R","$","E","R","BOSS","M","M","?","M","$","R","M","R","T","E","?","E","R","M","R","BOSS","M","?","M","$","M","E","M"],"build_version":"2019-01-23","purchased_purges":4,"victory":false,"max_hp_per_floor":[78,78,78,78,78,78,78,78,78,78,78,78,78,78,78,78,78,78,78,78,78,78,78,78,78,78,78,78,78,78,78,78,78,78,78,78,78,78,78,78,78],"card_choices":[{"not_picked":["Hologram","Barrage"],"picked":"Streamline","floor":1},{"not_picked":["Compile Driver","Darkness","Streamline"],"picked":"SKIP","floor":2},{"not_picked":["Rebound","Redo"],"picked":"Ball Lightning","floor":7},{"not_picked":["Core Surge","Streamline"],"picked":"Glacier","floor":8},{"not_picked":["Chaos","Conserve Battery"],"picked":"Go for the Eyes","floor":11},{"not_picked":["Tempest","Gash","Stack"],"picked":"SKIP","floor":14},{"not_picked":["Meteor Strike","Buffer"],"picked":"Machine Learning","floor":16},{"not_picked":["Scrape","Undo","Fusion"],"picked":"SKIP","floor":18},{"not_picked":["Streamline","Heatsinks","Barrage"],"picked":"SKIP","floor":19},{"not_picked":["Self Repair","Gash"],"picked":"BootSequence","floor":21},{"not_picked":["Rebound","Gash","Force Field+1"],"picked":"SKIP","floor":24},{"not_picked":["Beam Cell","Static Discharge"],"picked":"Creative AI","floor":27},{"not_picked":["Turbo","Lockon"],"picked":"Steam","floor":29},{"not_picked":["Ball Lightning","Sunder+1"],"picked":"Cold Snap","floor":31},{"not_picked":["Buffer","Reboot"],"picked":"Echo Form","floor":33},{"not_picked":["Conserve Battery","Streamline","Compile Driver"],"picked":"SKIP","floor":35},{"not_picked":["HandOfGreed","Violence"],"picked":"Chrysalis","floor":36},{"not_picked":["Static Discharge+1","Undo"],"picked":"Coolheaded+1","floor":37},{"not_picked":["Barrage","Stack","Streamline+1"],"picked":"SKIP","floor":39},{"not_picked":["Sweeping Beam","Turbo"],"picked":"Self Repair+1","floor":40}],"player_experience":461827,"relics_obtained":[{"floor":8,"key":"Pen Nib"},{"floor":9,"key":"Mummified Hand"},{"floor":14,"key":"MawBank"},{"floor":26,"key":"Omamori"},{"floor":27,"key":"Whetstone"},{"floor":29,"key":"Incense Burner"},{"floor":34,"key":"Bag of Preparation"},{"floor":34,"key":"Letter Opener"},{"floor":34,"key":"Ginger"},{"floor":40,"key":"Dead Branch"}],"event_choices":[{"cards_removed":["Strike_B"],"damage_healed":0,"gold_gain":0,"player_choice":"Card Removal","damage_taken":7,"max_hp_gain":0,"max_hp_loss":0,"event_name":"Golden Wing","floor":4,"gold_loss":0},{"damage_healed":0,"gold_gain":0,"player_choice":"Forge","damage_taken":0,"max_hp_gain":0,"max_hp_loss":0,"event_name":"Accursed Blacksmith","floor":5,"gold_loss":0,"cards_upgraded":["Zap"]},{"damage_healed":0,"gold_gain":0,"player_choice":"Ignored","damage_taken":0,"max_hp_gain":0,"max_hp_loss":0,"event_name":"Ghosts","floor":20,"gold_loss":0},{"cards_removed":["Defend_B"],"damage_healed":0,"gold_gain":0,"player_choice":"Gave Gold","damage_taken":0,"max_hp_gain":0,"max_hp_loss":0,"event_name":"Beggar","floor":28,"gold_loss":75},{"damage_healed":0,"gold_gain":0,"player_choice":"Memory 1","damage_taken":0,"max_hp_gain":0,"max_hp_loss":0,"event_name":"SensoryStone","floor":36,"gold_loss":0}],"is_beta":false,"boss_relics":[{"not_picked":["Empty Cage","Eternal Feather"],"picked":"Fusion Hammer"},{"not_picked":["Velvet Choker","Astrolabe"],"picked":"Calling Bell"}],"items_purged_floors":[3,13,22,38],"is_endless":false,"potions_floor_spawned":[2,8,14,16,21,24,27,31,33,35,37,39],"killed_by":"Jaw Worm Horde","ascension_level":16}