{"gold_per_floor":[109,121,121,396,409,409,442,442,442,442],"floor_reached":10,"playtime":205,"items_purged":[],"score":132,"play_id":"14d50f20-0af1-4c9b-a199-01cb0fef38a4","local_time":"20190601222549","is_ascension_mode":true,"campfire_choices":[{"data":"Bash","floor":6,"key":"SMITH"},{"data":"Battle Trance","floor":8,"key":"SMITH"}],"neow_cost":"TEN_PERCENT_HP_LOSS","seed_source_timestamp":1380973826035178,"circlet_count":0,"master_deck":["AscendersBane","Strike_R","Strike_R","Strike_R","Defend_R","Defend_R","Defend_R","Bash+1","Anger","Shrug It Off","Regret","Battle Trance+1","Impervious+1"],"relics":["Burning Blood","Toxic Egg 2","Pear"],"potions_floor_usage":[7],"damage_taken":[{"damage":2,"enemies":"Cultist","floor":1,"turns":4},{"damage":6,"enemies":"Small Slimes","floor":2,"turns":3},{"damage":9,"enemies":"2 Louse","floor":5,"turns":4},{"damage":37,"enemies":"Lagavulin","floor":7,"turns":4},{"damage":46,"enemies":"3 Sentries","floor":10,"turns":4}],"seed_played":"8144878724943489299","potions_obtained":[{"floor":2,"key":"Poison Potion"}],"is_trial":false,"path_per_floor":["M","M","?","?","M","R","E","R","T","E"],"character_chosen":"IRONCLAD","items_purchased":[],"campfire_rested":0,"item_purchase_floors":[],"current_hp_per_floor":[68,68,68,68,65,65,34,34,44,0],"gold":442,"neow_bonus":"REMOVE_TWO","is_prod":false,"is_daily":false,"chose_seed":false,"campfire_upgraded":2,"win_rate":0,"timestamp":1559453149,"path_taken":["M","?","?","?","?","R","E","R","T","E"],"build_version":"2019-05-31","purchased_purges":0,"victory":false,"max_hp_per_floor":[68,68,68,68,68,68,68,68,78,78],"card_choices":[{"not_picked":["Sentinel","Flex"],"picked":"Anger","floor":1},{"not_picked":["Anger","Clash"],"picked":"Shrug It Off","floor":2},{"not_picked":["Uppercut","Shrug It Off"],"picked":"Battle Trance","floor":5},{"not_picked":["Sentinel","Sword Boomerang"],"picked":"Impervious","floor":7}],"player_experience":1294879,"relics_obtained":[{"floor":7,"key":"Toxic Egg 2"},{"floor":9,"key":"Pear"}],"event_choices":[{"cards_removed":["Strike_R"],"damage_healed":0,"gold_gain":0,"player_choice":"Forget","damage_taken":0,"max_hp_gain":0,"max_hp_loss":0,"event_name":"Living Wall","floor":3,"gold_loss":0},{"damage_healed":0,"gold_gain":275,"player_choice":"Desecrate","damage_taken":0,"max_hp_gain":0,"max_hp_loss":0,"event_name":"Golden Shrine","floor":4,"gold_loss":0,"cards_obtained":["Regret"]}],"is_beta":true,"boss_relics":[],"items_purged_floors":[],"is_endless":false,"potions_floor_spawned":[2],"killed_by":"3 Sentries","ascension_level":20}