{"path_per_floor":["M","?","?","M","$","E","R","M","T","E","R","M","R","$","R","B",null,"M","$","M","$","?","R"],"character_chosen":"THE_SILENT","items_purchased":["Caltrops","Apotheosis"],"gold_per_floor":[114,114,114,128,53,85,85,103,103,132,132,150,150,78,78,173,173,184,9,22,22,22,22],"floor_reached":24,"campfire_rested":0,"playtime":1928,"current_hp_per_floor":[66,66,66,66,66,59,59,59,59,49,49,49,49,49,49,66,70,62,62,42,42,42,42],"items_purged":["Strike_G"],"gold":22,"score":248,"play_id":"d387adaa-4623-4515-98fd-dd2dcf0239e5","is_prod":false,"is_daily":false,"is_ascension_mode":true,"campfire_upgraded":5,"path_taken":["M","?","?","?","$","E","R","M","T","E","R","?","R","$","R","BOSS","M","$","M","$","?","R","?"],"build_version":"2018-02-08-PROD1","purchased_purges":1,"victory":false,"master_deck":["Defend_G","Defend_G","Defend_G","Defend_G","Defend_G","Survivor","Neutralize+1","Blur+1","Endless Agony+1","Noxious Fumes+1","Malaise","Outmaneuver","Escape Plan","Caltrops+1","Bane","Flying Knee","Footwork","Apotheosis+1","Bite","Bite","Bite","Bite","Bite"],"max_hp_per_floor":[70,70,70,70,70,70,70,70,70,70,70,70,70,70,70,70,70,70,70,70,70,49,49],"relics":["Ring of the Snake","Pantograph","Torii","Vajra","Orrery"],"card_choices":[{"not_picked":["Malaise","PiercingWail"],"picked":"Blur"},{"not_picked":["Flechettes","Expertise"],"picked":"Endless Agony"},{"not_picked":["Predator","Slice"],"picked":"Noxious Fumes"},{"not_picked":["Skewer","Night Terror"],"picked":"Malaise"},{"not_picked":["Blur","Dagger Throw"],"picked":"Outmaneuver"},{"not_picked":["PiercingWail","Backflip"],"picked":"Escape Plan"},{"not_picked":["Slice","Prepared"],"picked":"Bane"},{"not_picked":["Outmaneuver","Dagger Spray"],"picked":"Flying Knee"},{"not_picked":["Escape Plan","Slice"],"picked":"Footwork"}],"player_experience":59168,"potions_floor_usage":[6,6,18,20,20],"damage_taken":[{"damage":4,"enemies":"Jaw Worm","floor":1,"turns":8},{"damage":0,"enemies":"Blue Slaver","floor":4,"turns":6},{"damage":16,"enemies":"Gremlin Nob","floor":6,"turns":5},{"damage":0,"enemies":"Cultist","floor":8,"turns":5},{"damage":10,"enemies":"Lagavulin","floor":10,"turns":7},{"damage":0,"enemies":"Large Slime","floor":12,"turns":5},{"damage":4,"enemies":"The Guardian","floor":16,"turns":11},{"damage":8,"enemies":"3 Byrds","floor":18,"turns":4},{"damage":20,"enemies":"2 Thieves","floor":20,"turns":4},{"damage":59,"enemies":"Cultist and Chosen","floor":24,"turns":4}],"event_choices":[{"event_name":"The Lab","player_choice":"Got Potions","floor":2,"damage_taken":0},{"event_name":"Accursed Blacksmith","player_choice":"Forge","floor":3,"damage_taken":0},{"event_name":"Vampires","player_choice":"Became a vampire","floor":22,"damage_taken":0}],"boss_relics":[{"not_picked":["Philosopher\u0027s Stone","Tiny House"],"picked":"Orrery"}],"potions_floor_spawned":[4,6,8,10],"seed_played":"-7685854065581459835","killed_by":"Cultist and Chosen","ascension_level":2,"is_trial":false}