{"path_per_floor":["M","?","M","$","M","R","M","E","T","M","M","M","M","M","R","B",null,"M","M","?","M","$","R","M","M","T","?","$","$","M","M","R"],"character_chosen":"THE_SILENT","items_purchased":["Backflip","Footwork"],"gold_per_floor":[117,117,132,34,45,45,65,91,91,101,113,126,137,149,149,249,249,266,281,281,298,118,118,133,148,148,148,23,23,33,49,49],"floor_reached":33,"campfire_rested":2,"playtime":3167,"current_hp_per_floor":[57,57,57,57,56,56,46,25,25,24,23,21,21,19,39,28,57,47,28,50,22,22,22,15,15,15,15,15,15,15,7,27],"items_purged":["Parasite","Strike_G","Strike_G"],"gold":49,"score":398,"play_id":"a7492d0d-e46e-4bd1-ac61-d9958d04c428","local_time":"20180303174248","is_prod":false,"is_daily":false,"is_ascension_mode":true,"campfire_upgraded":2,"timestamp":1520095368,"path_taken":["M","?","?","$","?","R","M","E","T","M","M","M","M","M","R","BOSS","M","M","?","?","$","R","M","M","T","?","?","$","?","M","R","BOSS"],"build_version":"2018-03-01-PROD1","purchased_purges":3,"victory":false,"master_deck":["Defend_G","Defend_G","Defend_G","Defend_G","Defend_G","Strike_G","Strike_G","Strike_G","Survivor","Neutralize+1","Neutralize","Dagger Throw","Backflip","Dagger Throw","Noxious Fumes","Noxious Fumes","PiercingWail","Caltrops","Backflip","Footwork+1","PiercingWail+1","Backflip+1","Parasite","Footwork","Slice+1"],"max_hp_per_floor":[70,70,70,67,67,67,67,67,67,67,67,67,67,67,67,67,67,67,67,67,67,67,67,67,67,67,67,67,67,67,67,67],"relics":["Ring of the Snake","Ninja Scroll","Matryoshka","Cursed Key","Oddly Smooth Stone","Tough Bandages"],"card_choices":[{"not_picked":["Prepared","Bane"],"picked":"Dagger Throw"},{"not_picked":["Underhanded Strike","Acrobatics"],"picked":"Noxious Fumes"},{"not_picked":["Escape Plan","Well Laid Plans"],"picked":"Noxious Fumes"},{"not_picked":["Bane","Cloak And Dagger"],"picked":"PiercingWail"},{"not_picked":["Flechettes","Deadly Poison"],"picked":"Caltrops"},{"not_picked":["Cloak And Dagger","Distraction"],"picked":"Backflip"},{"not_picked":["Deflect","Outmaneuver"],"picked":"PiercingWail"},{"not_picked":["Sucker Punch","Cloak And Dagger"],"picked":"Backflip"},{"not_picked":["Underhanded Strike","Riddle With Holes"],"picked":"Footwork"},{"not_picked":["Acrobatics","Heel Hook"],"picked":"Slice"}],"player_experience":209438,"potions_floor_usage":[16,19,25,33,33],"damage_taken":[{"damage":6,"enemies":"Cultist","floor":1,"turns":5},{"damage":0,"enemies":"Small Slimes","floor":3,"turns":3},{"damage":1,"enemies":"Jaw Worm","floor":5,"turns":3},{"damage":10,"enemies":"Large Slime","floor":7,"turns":7},{"damage":21,"enemies":"3 Sentries","floor":8,"turns":8},{"damage":1,"enemies":"Gremlin Gang","floor":10,"turns":4},{"damage":1,"enemies":"2 Fungi Beasts","floor":11,"turns":3},{"damage":2,"enemies":"Blue Slaver","floor":12,"turns":3},{"damage":0,"enemies":"Gremlin Gang","floor":13,"turns":7},{"damage":2,"enemies":"Exordium Wildlife","floor":14,"turns":3},{"damage":11,"enemies":"The Guardian","floor":16,"turns":10},{"damage":10,"enemies":"Spheric Guardian","floor":18,"turns":4},{"damage":19,"enemies":"2 Thieves","floor":19,"turns":5},{"damage":28,"enemies":"Snecko","floor":21,"turns":6},{"damage":7,"enemies":"3 Cultists","floor":24,"turns":5},{"damage":0,"enemies":"Sentry and Sphere","floor":25,"turns":7},{"damage":0,"enemies":"Snecko","floor":30,"turns":8},{"damage":8,"enemies":"Centurion and Healer","floor":31,"turns":7},{"damage":27,"enemies":"Champ","floor":33,"turns":18}],"event_choices":[{"event_name":"Match and Keep!","player_choice":"2 cards matched","floor":2,"damage_taken":0},{"event_name":"The Library","player_choice":"Heal","floor":20,"damage_taken":0},{"event_name":"Cursed Tome","player_choice":"Ignored","floor":27,"damage_taken":0}],"boss_relics":[{"not_picked":["Runic Pyramid","Eternal Feather"],"picked":"Cursed Key"}],"potions_floor_spawned":[3,10,11,13,14,16,19,24,25],"seed_played":"6139105454532146183","killed_by":"Champ","ascension_level":11,"is_trial":false}