{"gold_per_floor":[114,9,23,33,33,33,49,74,74,74,107,120,120,120,120,196,196,167,167,183,3,15,15,28,41,41,41],"floor_reached":27,"playtime":1019,"items_purged":["Strike_B"],"score":450,"play_id":"c5f167d0-2d6d-4cc5-a372-9ff196684d76","local_time":"20190609124714","is_ascension_mode":true,"campfire_choices":[{"data":"Sunder","floor":6.0,"key":"SMITH"},{"data":"Zap","floor":10.0,"key":"SMITH"},{"data":"Self Repair","floor":13.0,"key":"SMITH"},{"data":"Hologram","floor":15.0,"key":"SMITH"},{"data":"Buffer","floor":23,"key":"SMITH"}],"neow_cost":"NONE","seed_source_timestamp":48678283915700,"circlet_count":0,"master_deck":["AscendersBane","Strike_B","Strike_B","Defend_B","Defend_B","Defend_B","Defend_B","Zap+1","Dualcast","Sunder+1","Self Repair+1","Turbo","Go for the Eyes","Sweeping Beam","Cold Snap","Hologram+1","Melter","Ball Lightning","Buffer+1","Rebound+1","Hologram","Panacea","Glacier"],"special_seed":0,"relics":["Cracked Core","Happy Flower","Ancient Tea Set","DataDisk","Bottled Tornado","Coffee Dripper","Emotion Chip"],"potions_floor_usage":[20,25],"damage_taken":[{"damage":4.0,"enemies":"Jaw Worm","floor":1.0,"turns":4.0},{"damage":10.0,"enemies":"2 Louse","floor":3.0,"turns":2.0},{"damage":1.0,"enemies":"Cultist","floor":4.0,"turns":3.0},{"damage":0.0,"enemies":"Blue Slaver","floor":7.0,"turns":1.0},{"damage":24.0,"enemies":"Gremlin Nob","floor":8.0,"turns":4.0},{"damage":17.0,"enemies":"Lagavulin","floor":11.0,"turns":3.0},{"damage":0.0,"enemies":"Exordium Wildlife","floor":12.0,"turns":2.0},{"damage":44.0,"enemies":"The Guardian","floor":16.0,"turns":10.0},{"damage":18.0,"enemies":"2 Thieves","floor":18.0,"turns":4.0},{"damage":10,"enemies":"3 Byrds","floor":20,"turns":4},{"damage":13,"enemies":"Snecko","floor":22,"turns":4},{"damage":30,"enemies":"Centurion and Healer","floor":24,"turns":7},{"damage":17,"enemies":"Shelled Parasite and Fungi","floor":25,"turns":4},{"damage":13,"enemies":"Colosseum Slavers","floor":27,"turns":3}],"seed_played":"6416032100089865154","potions_obtained":[{"floor":1.0,"key":"Block Potion"},{"floor":3.0,"key":"Explosive Potion"},{"floor":8.0,"key":"AttackPotion"},{"floor":18.0,"key":"Poison Potion"},{"floor":24,"key":"EssenceOfSteel"},{"floor":25,"key":"SkillPotion"}],"is_trial":false,"path_per_floor":["M","$","M","M","$","R","M","E","T","R","E","M","R","?","R","B",null,"M","?","M","$","M","R","M","M","T","?"],"character_chosen":"DEFECT","items_purchased":["Self Repair","Turbo","Panacea"],"campfire_rested":0,"item_purchase_floors":[2,2,21],"current_hp_per_floor":[60,60,57,63,63,63,63,46,46,46,36,43,43,48,48,14,61,53,53,53,53,50,50,30,13,13,0],"gold":41,"neow_bonus":"RANDOM_COMMON_RELIC","is_prod":false,"is_daily":false,"chose_seed":false,"campfire_upgraded":5,"win_rate":0,"timestamp":1560098834,"path_taken":["M","$","M","M","$","R","M","E","T","R","E","M","R","?","R","BOSS","M","?","M","$","?","R","M","M","T","?"],"build_version":"2019-01-23","purchased_purges":1,"victory":false,"max_hp_per_floor":[71,71,71,71,71,71,71,71,71,71,71,71,71,76,76,76,76,76,76,76,76,76,76,76,76,76,76],"card_choices":[{"not_picked":["Reprogram","Compile Driver"],"picked":"Sunder","floor":1.0},{"not_picked":["Redo","Force Field"],"picked":"Go for the Eyes","floor":3.0},{"not_picked":["Hologram","Hello World"],"picked":"Sweeping Beam","floor":4.0},{"not_picked":["Go for the Eyes","Reprogram"],"picked":"Cold Snap","floor":7.0},{"not_picked":["Compile Driver","Beam Cell"],"picked":"Hologram","floor":8.0},{"not_picked":["Self Repair","Amplify"],"picked":"Melter","floor":11.0},{"not_picked":["Leap","Steam"],"picked":"Ball Lightning","floor":12.0},{"not_picked":["Electrodynamics","Amplify"],"picked":"Buffer","floor":16.0},{"not_picked":["Streamline+1","Lockon"],"picked":"Rebound+1","floor":18.0},{"not_picked":["Storm","Melter"],"picked":"Hologram","floor":20},{"not_picked":["Go for the Eyes","Turbo","Steam Power"],"picked":"SKIP","floor":22},{"not_picked":["Compile Driver","Consume+1","Go for the Eyes"],"picked":"SKIP","floor":24},{"not_picked":["Melter","Streamline"],"picked":"Glacier","floor":25}],"player_experience":777017,"relics_obtained":[{"floor":8.0,"key":"Ancient Tea Set"},{"floor":9.0,"key":"DataDisk"},{"floor":11.0,"key":"Bottled Tornado"},{"floor":26,"key":"Emotion Chip"}],"event_choices":[{"damage_healed":0.0,"max_hp_gain":5.0,"max_hp_loss":0.0,"gold_gain":0.0,"event_name":"Big Fish","player_choice":"Donut","floor":14.0,"gold_loss":0.0,"damage_taken":0.0},{"cards_removed":["Strike_B"],"damage_healed":0.0,"max_hp_gain":0.0,"max_hp_loss":0.0,"gold_gain":0.0,"event_name":"Purifier","player_choice":"Purged","floor":19.0,"gold_loss":0.0,"damage_taken":0.0},{"damage_healed":0,"gold_gain":0,"player_choice":"Fight","damage_taken":0,"max_hp_gain":0,"max_hp_loss":0,"event_name":"Colosseum","floor":27,"gold_loss":0}],"is_beta":false,"boss_relics":[{"not_picked":["Sozu","Inserter"],"picked":"Coffee Dripper"}],"items_purged_floors":[21],"is_endless":false,"potions_floor_spawned":[1,3,8,18,24,25],"killed_by":"Colosseum Slavers","ascension_level":20}