{"gold_per_floor":[115,115,40,50,60,60,93,105,153,153,172,197,209,223,223,223],"floor_reached":16,"playtime":547,"items_purged":["Strike_B"],"score":271,"play_id":"2d469637-c3bd-4a71-aff8-0744ff899bf9","local_time":"20190428232124","is_ascension_mode":true,"campfire_choices":[{"data":"Zap","floor":6,"key":"SMITH"},{"data":"Sunder","floor":10,"key":"SMITH"},{"data":"Go for the Eyes","floor":15,"key":"SMITH"}],"neow_cost":"NONE","seed_source_timestamp":1476756572865860,"circlet_count":0,"master_deck":["AscendersBane","Strike_B","Strike_B","Strike_B","Defend_B","Defend_B","Defend_B","Defend_B","Zap+1","Dualcast","Compile Driver","Conserve Battery","FTL","Biased Cognition","Sunder+1","Go for the Eyes+1","Undo+1"],"relics":["Cracked Core","NeowsBlessing","Meat on the Bone","Boot","Bag of Preparation","Toxic Egg 2"],"potions_floor_usage":[7,16,16],"damage_taken":[{"damage":0,"enemies":"Jaw Worm","floor":1,"turns":1},{"damage":0,"enemies":"Cultist","floor":4,"turns":1},{"damage":0,"enemies":"2 Louse","floor":5,"turns":1},{"damage":28,"enemies":"Lagavulin","floor":7,"turns":5},{"damage":11,"enemies":"Large Slime","floor":8,"turns":4},{"damage":6,"enemies":"Exordium Wildlife","floor":11,"turns":3},{"damage":0,"enemies":"3 Sentries","floor":12,"turns":6},{"damage":0,"enemies":"Looter","floor":13,"turns":2},{"damage":7,"enemies":"Lots of Slimes","floor":14,"turns":3},{"damage":46,"enemies":"Hexaghost","floor":16,"turns":9}],"seed_played":"2246038238707740133","potions_obtained":[{"floor":1,"key":"GamblersBrew"},{"floor":5,"key":"Fire Potion"},{"floor":11,"key":"LiquidBronze"},{"floor":13,"key":"SkillPotion"}],"is_trial":false,"path_per_floor":["M","?","$","M","M","R","E","M","T","R","M","E","M","M","R","B"],"character_chosen":"DEFECT","items_purchased":[],"campfire_rested":0,"item_purchase_floors":[],"current_hp_per_floor":[64,59,59,59,59,59,43,44,44,44,38,38,38,43,43,0],"gold":223,"neow_bonus":"THREE_ENEMY_KILL","is_prod":false,"is_daily":false,"chose_seed":false,"campfire_upgraded":3,"win_rate":0,"timestamp":1556486484,"path_taken":["M","?","$","M","M","R","E","M","T","R","M","E","M","M","R","BOSS"],"build_version":"2019-01-23","purchased_purges":1,"victory":false,"max_hp_per_floor":[71,71,71,71,71,71,71,71,71,71,71,71,71,71,71,71],"card_choices":[{"not_picked":["Chaos","Steam"],"picked":"Compile Driver","floor":1},{"not_picked":["Static Discharge","Hologram"],"picked":"Conserve Battery","floor":4},{"not_picked":["Reinforced Body","Stack"],"picked":"FTL","floor":5},{"not_picked":["Compile Driver","Recycle"],"picked":"Biased Cognition","floor":7},{"not_picked":["Steam","Compile Driver"],"picked":"Sunder","floor":8},{"not_picked":["Fusion","Storm","Blizzard"],"picked":"SKIP","floor":11},{"not_picked":["Ball Lightning","Force Field"],"picked":"Go for the Eyes","floor":12},{"not_picked":["Skim+1","Gash"],"picked":"Undo+1","floor":13},{"not_picked":["Barrage","Turbo+1","Sweeping Beam"],"picked":"SKIP","floor":14}],"player_experience":526403,"relics_obtained":[{"floor":7,"key":"Boot"},{"floor":9,"key":"Bag of Preparation"},{"floor":12,"key":"Toxic Egg 2"}],"event_choices":[{"damage_healed":0,"gold_gain":0,"player_choice":"Success","damage_taken":5,"relics_obtained":["Meat on the Bone"],"max_hp_gain":0,"max_hp_loss":0,"event_name":"Scrap Ooze","floor":2,"gold_loss":0}],"is_beta":false,"boss_relics":[],"items_purged_floors":[3],"is_endless":false,"potions_floor_spawned":[1,5,11,13],"killed_by":"Hexaghost","ascension_level":19}