{"gold_per_floor":[111,125,139,139,157,157,157,157,157,192,207,207],"floor_reached":12,"playtime":419,"items_purged":[],"score":152,"play_id":"1a518e88-abfb-4d5c-b6e3-0f8b373bd163","local_time":"20190428232833","is_ascension_mode":true,"campfire_choices":[{"data":"Demon Form","floor":6,"key":"SMITH"},{"floor":8,"key":"REST"}],"neow_cost":"NONE","seed_source_timestamp":1477313265627234,"circlet_count":0,"master_deck":["AscendersBane","Strike_R","Strike_R","Strike_R","Defend_R","Defend_R","Defend_R","Defend_R","Bash","Finesse","Thunderclap","Demon Form+1","Headbutt","Shockwave","Twin Strike"],"relics":["Burning Blood","StoneCalendar","Peace Pipe"],"potions_floor_usage":[],"damage_taken":[{"damage":9,"enemies":"Jaw Worm","floor":1,"turns":5},{"damage":4,"enemies":"Cultist","floor":2,"turns":3},{"damage":0,"enemies":"2 Louse","floor":3,"turns":4},{"damage":56,"enemies":"Exordium Wildlife","floor":5,"turns":9},{"damage":33,"enemies":"Lagavulin","floor":10,"turns":6},{"damage":7,"enemies":"Blue Slaver","floor":11,"turns":7},{"damage":18,"enemies":"Large Slime","floor":12,"turns":5}],"seed_played":"-5692380250212864342","potions_obtained":[{"floor":1,"key":"FearPotion"},{"floor":10,"key":"SteroidPotion"}],"is_trial":false,"path_per_floor":["M","M","M","?","M","R","?","R","T","E","M","M"],"character_chosen":"IRONCLAD","items_purchased":[],"campfire_rested":1,"item_purchase_floors":[],"current_hp_per_floor":[65,67,73,66,16,16,16,38,38,11,10,0],"gold":207,"neow_bonus":"RANDOM_COLORLESS","is_prod":false,"is_daily":false,"chose_seed":false,"campfire_upgraded":1,"win_rate":0,"timestamp":1556486913,"path_taken":["M","M","M","?","M","R","?","R","T","E","M","?"],"build_version":"2019-01-23","purchased_purges":0,"victory":false,"max_hp_per_floor":[75,75,75,75,75,75,75,75,75,75,75,75],"card_choices":[{"not_picked":["Carnage","Iron Wave"],"picked":"Thunderclap","floor":1},{"not_picked":["True Grit","Thunderclap"],"picked":"Demon Form","floor":2},{"not_picked":["Warcry","Entrench","Clash"],"picked":"SKIP","floor":3},{"not_picked":["Anger","Seeing Red"],"picked":"Headbutt","floor":5},{"not_picked":["Sword Boomerang","Limit Break"],"picked":"Shockwave","floor":10},{"not_picked":["Seeing Red","Clothesline"],"picked":"Twin Strike","floor":11}],"player_experience":526950,"relics_obtained":[{"floor":9,"key":"StoneCalendar"},{"floor":10,"key":"Peace Pipe"}],"event_choices":[{"cards_removed":["Strike_R"],"damage_healed":0,"gold_gain":0,"player_choice":"Card Removal","damage_taken":7,"max_hp_gain":0,"max_hp_loss":0,"event_name":"Golden Wing","floor":4,"gold_loss":0},{"cards_removed":["Strike_R"],"damage_healed":0,"gold_gain":0,"player_choice":"Purged","damage_taken":0,"max_hp_gain":0,"max_hp_loss":0,"event_name":"Purifier","floor":7,"gold_loss":0}],"is_beta":false,"boss_relics":[],"items_purged_floors":[],"is_endless":false,"potions_floor_spawned":[1,10],"killed_by":"Large Slime","ascension_level":18}