{"gold_per_floor":[117,117,135,135,150,150,164,164],"floor_reached":8,"playtime":168,"items_purged":[],"score":94,"play_id":"31ae736b-be29-456a-aa9e-d1efc3e4b25d","local_time":"20190526155202","is_ascension_mode":true,"campfire_choices":[{"data":"1","floor":6,"key":"LIFT"}],"neow_cost":"PERCENT_DAMAGE","seed_source_timestamp":677890088916973,"circlet_count":0,"master_deck":["AscendersBane","Strike_R","Strike_R","Strike_R","Strike_R","Strike_R+1","Defend_R+1","Defend_R","Defend_R","Defend_R","Bash","Pommel Strike","Thunderclap","Shrug It Off","Flame Barrier"],"relics":["Burning Blood","Girya","Happy Flower"],"potions_floor_usage":[],"damage_taken":[{"damage":14,"enemies":"Jaw Worm","floor":1,"turns":4},{"damage":12,"enemies":"Small Slimes","floor":3,"turns":3},{"damage":0,"enemies":"Cultist","floor":5,"turns":3},{"damage":11,"enemies":"Looter","floor":7,"turns":3},{"damage":14,"enemies":"Blue Slaver","floor":8,"turns":2}],"seed_played":"-7802750186934618725","potions_obtained":[{"floor":1,"key":"Strength Potion"},{"floor":7,"key":"Fire Potion"}],"is_trial":false,"path_per_floor":["M","?","M","?","M","R","M","M"],"character_chosen":"IRONCLAD","items_purchased":[],"campfire_rested":0,"item_purchase_floors":[],"current_hp_per_floor":[42,19,13,13,19,19,14,0],"gold":164,"neow_bonus":"ONE_RARE_RELIC","is_prod":false,"is_daily":false,"chose_seed":false,"campfire_upgraded":0,"win_rate":0,"timestamp":1558878722,"path_taken":["M","?","M","?","M","R","M","M"],"build_version":"2019-01-23","purchased_purges":0,"victory":false,"max_hp_per_floor":[75,75,75,75,75,75,75,75],"card_choices":[{"not_picked":["Spot Weakness","Iron Wave"],"picked":"Pommel Strike","floor":1},{"not_picked":["Clash","Flex"],"picked":"Thunderclap","floor":3},{"not_picked":["Wild Strike","Second Wind"],"picked":"Shrug It Off","floor":5},{"not_picked":["Sword Boomerang","Cleave"],"picked":"Flame Barrier","floor":7}],"player_experience":582142,"relics_obtained":[],"event_choices":[{"damage_healed":0,"gold_gain":0,"player_choice":"Entered Light","damage_taken":23,"max_hp_gain":0,"max_hp_loss":0,"event_name":"Shining Light","floor":2,"gold_loss":0,"cards_upgraded":["Strike_R","Defend_R"]},{"damage_healed":0,"gold_gain":0,"player_choice":"Gave Potion","damage_taken":0,"relics_obtained":["Happy Flower"],"max_hp_gain":0,"max_hp_loss":0,"event_name":"WeMeetAgain","floor":4,"gold_loss":0}],"is_beta":false,"boss_relics":[],"items_purged_floors":[],"is_endless":false,"potions_floor_spawned":[1,7],"killed_by":"Blue Slaver","ascension_level":19}