{"gold_per_floor":[112,127,138,138,138,169,185,185,211,211,225,237,224,241,241,337,337,356,356,356,356,356,356,371,446,469,488,488,516,516,196,196,300,300,314,329,382,130,150,150,161,161,161,180,200,200,211,231,231,231,231,231,106,134,134],"floor_reached":55,"playtime":4366,"items_purged":["Strike_B+1","Strike_B+1","Strike_B+1"],"score":643,"play_id":"89cee96f-f6c1-4a24-b62a-fe07ac880eeb","local_time":"20190214224624","is_ascension_mode":false,"campfire_choices":[{"data":"Leap","floor":8.0,"key":"SMITH"},{"data":"Conserve Battery","floor":15.0,"key":"SMITH"},{"data":"Sunder","floor":23.0,"key":"SMITH"},{"data":"Dualcast","floor":28.0,"key":"SMITH"},{"data":"Rainbow","floor":30.0,"key":"SMITH"},{"floor":32.0,"key":"REST"},{"floor":40.0,"key":"RECALL"},{"floor":42,"key":"REST"},{"floor":49,"key":"REST"},{"data":"Meteor Strike","floor":52,"key":"SMITH"}],"neow_cost":"NONE","seed_source_timestamp":0,"circlet_count":0,"master_deck":["Defend_B+1","Defend_B+1","Defend_B+1","Defend_B+1","Zap+1","Dualcast+1","Loop+1","Self Repair","Leap+1","Echo Form","Sunder+1","Conserve Battery+1","Rainbow+1","Ball Lightning+1","Conserve Battery+1","Doom and Gloom+1","Finesse","Meteor Strike+1","Tempest+1","Madness","Madness"],"special_seed":0,"relics":["FrozenCore","NeowsBlessing","Art of War","MutagenicStrength","Centennial Puzzle","Orichalcum","DataDisk","Busted Crown","Thread and Needle","Anchor","StoneCalendar","Pen Nib"],"potions_floor_usage":[55,55],"damage_taken":[{"damage":0.0,"enemies":"Cultist","floor":1.0,"turns":1.0},{"damage":0.0,"enemies":"Jaw Worm","floor":2.0,"turns":1.0},{"damage":0.0,"enemies":"2 Louse","floor":3.0,"turns":1.0},{"damage":49.0,"enemies":"Gremlin Nob","floor":6.0,"turns":5.0},{"damage":5.0,"enemies":"Looter","floor":7.0,"turns":3.0},{"damage":0.0,"enemies":"2 Fungi Beasts","floor":11.0,"turns":4.0},{"damage":16.0,"enemies":"3 Louse","floor":12.0,"turns":4.0},{"damage":0.0,"enemies":"Exordium Thugs","floor":13.0,"turns":4.0},{"damage":0.0,"enemies":"Exordium Wildlife","floor":14.0,"turns":4.0},{"damage":14.0,"enemies":"The Guardian","floor":16.0,"turns":11.0},{"damage":0.0,"enemies":"Spheric Guardian","floor":18.0,"turns":5.0},{"damage":8.0,"enemies":"3 Byrds","floor":24.0,"turns":6.0},{"damage":8.0,"enemies":"Cultist and Chosen","floor":27.0,"turns":6.0},{"damage":18.0,"enemies":"Gremlin Leader","floor":29.0,"turns":7.0},{"damage":9.0,"enemies":"Collector","floor":33.0,"turns":9.0},{"damage":4.0,"enemies":"Orb Walker","floor":35.0,"turns":3.0},{"damage":0.0,"enemies":"3 Darklings","floor":36.0,"turns":4.0},{"damage":40.0,"enemies":"2 Orb Walkers","floor":37.0,"turns":4.0},{"damage":22.0,"enemies":"Jaw Worm Horde","floor":39.0,"turns":4.0},{"damage":0.0,"enemies":"Writhing Mass","floor":41.0,"turns":6.0},{"damage":0,"enemies":"Maw","floor":44,"turns":6},{"damage":0,"enemies":"4 Shapes","floor":45,"turns":5},{"damage":19,"enemies":"3 Darklings","floor":47,"turns":4},{"damage":0,"enemies":"Maw","floor":48,"turns":7},{"damage":58,"enemies":"Awakened One","floor":50,"turns":13},{"damage":74,"enemies":"Shield and Spear","floor":54,"turns":7},{"damage":47,"enemies":"The Heart","floor":55,"turns":2}],"seed_played":"-3092375705125283878","potions_obtained":[{"floor":11.0,"key":"PowerPotion"},{"floor":13.0,"key":"Explosive Potion"},{"floor":14.0,"key":"SkillPotion"},{"floor":18.0,"key":"EssenceOfSteel"},{"floor":24.0,"key":"Block Potion"},{"floor":29.0,"key":"SteroidPotion"},{"floor":35.0,"key":"SteroidPotion"},{"floor":36.0,"key":"Ancient Potion"},{"floor":45,"key":"FearPotion"},{"floor":48,"key":"EssenceOfSteel"}],"is_trial":false,"path_per_floor":["M","M","M","?","?","E","M","R","T","?","M","M","M","M","R","B",null,"M","?","?","?","?","R","M","?","T","M","R","E","R","$","R","B",null,"M","M","?","$","M","R","M","R","T","M","M","?","M","M","R","B",null,"R","$","E","B"],"character_chosen":"DEFECT","items_purchased":["DataDisk","Finesse","Anchor"],"campfire_rested":3,"item_purchase_floors":[31,31,38],"current_hp_per_floor":[75,75,75,60,53,11,13,13,13,13,20,11,18,25,25,18,75,75,75,75,75,61,61,67,59,59,58,58,54,54,54,78,69,80,76,80,47,47,32,32,39,63,63,70,80,70,58,65,80,22,80,80,80,13,0],"gold":134,"neow_bonus":"THREE_ENEMY_KILL","is_prod":false,"is_daily":false,"chose_seed":false,"campfire_upgraded":6,"win_rate":0,"timestamp":1550180784,"path_taken":["M","M","?","?","?","E","M","R","T","?","M","M","M","M","R","BOSS","M","?","?","?","?","R","M","?","T","M","R","E","R","$","R","BOSS","M","M","?","$","M","R","M","R","T","M","M","?","M","M","R","BOSS","R","$","E","BOSS"],"build_version":"2019-01-23","purchased_purges":3,"victory":false,"max_hp_per_floor":[75,75,75,75,75,75,75,75,75,75,75,75,75,75,75,75,75,75,75,75,75,80,80,80,80,80,80,80,80,80,80,80,80,80,80,80,80,80,80,80,80,80,80,80,80,80,80,80,80,80,80,80,80,80,80],"card_choices":[{"not_picked":["Beam Cell","Gash","Barrage"],"picked":"SKIP","floor":1.0},{"not_picked":["Lockon","Coolheaded"],"picked":"Loop","floor":2.0},{"not_picked":["Compile Driver","Fusion"],"picked":"Self Repair","floor":3.0},{"not_picked":["Self Repair","Compile Driver","Consume"],"picked":"SKIP","floor":6.0},{"not_picked":["Go for the Eyes","Streamline"],"picked":"Leap","floor":7.0},{"not_picked":["Static Discharge","Stack"],"picked":"Echo Form","floor":11.0},{"not_picked":["Reprogram","Coolheaded","Scrape"],"picked":"SKIP","floor":12.0},{"not_picked":["Glacier","Streamline"],"picked":"Sunder","floor":13.0},{"not_picked":["Tempest","Turbo"],"picked":"Conserve Battery","floor":14.0},{"not_picked":["Fission","Buffer"],"picked":"Rainbow","floor":16.0},{"not_picked":["Recycle","Static Discharge"],"picked":"Ball Lightning+1","floor":18.0},{"not_picked":["Gash","Barrage"],"picked":"Conserve Battery+1","floor":24.0},{"not_picked":["Stack","Barrage+1"],"picked":"Doom and Gloom+1","floor":27.0},{"not_picked":["Blizzard","Double Energy","Coolheaded"],"picked":"SKIP","floor":29.0},{"not_picked":["All For One","Fission"],"picked":"Meteor Strike","floor":33.0},{"not_picked":[],"picked":"Tempest+1","floor":35.0},{"not_picked":["Compile Driver+1"],"picked":"SKIP","floor":36.0},{"not_picked":["Stack"],"picked":"SKIP","floor":39.0},{"not_picked":["Undo"],"picked":"SKIP","floor":41},{"not_picked":["Streamline"],"picked":"SKIP","floor":44},{"not_picked":["Sunder"],"picked":"SKIP","floor":45},{"not_picked":["Rebound"],"picked":"SKIP","floor":47},{"not_picked":["Coolheaded"],"picked":"SKIP","floor":48},{"not_picked":["Hologram"],"picked":"SKIP","floor":54}],"player_experience":321589,"relics_obtained":[{"floor":6.0,"key":"Art of War"},{"floor":26.0,"key":"Centennial Puzzle"},{"floor":29.0,"key":"Orichalcum"},{"floor":37.0,"key":"Thread and Needle"},{"floor":43,"key":"StoneCalendar"},{"floor":54,"key":"Pen Nib"}],"event_choices":[{"damage_healed":0.0,"max_hp_gain":0.0,"max_hp_loss":0.0,"gold_gain":0.0,"event_name":"Shining Light","player_choice":"Entered Light","floor":4.0,"gold_loss":0.0,"damage_taken":15.0,"cards_upgraded":["Zap","Loop"]},{"cards_removed":["Strike_B"],"damage_healed":0.0,"max_hp_gain":0.0,"max_hp_loss":0.0,"gold_gain":0.0,"event_name":"Golden Wing","player_choice":"Card Removal","floor":5.0,"gold_loss":0.0,"damage_taken":7.0},{"damage_healed":0.0,"max_hp_gain":0.0,"max_hp_loss":0.0,"gold_gain":0.0,"event_name":"Liars Game","player_choice":"Ignored","floor":10.0,"gold_loss":0.0,"damage_taken":0.0},{"damage_healed":0.0,"max_hp_gain":0.0,"max_hp_loss":0.0,"gold_gain":0.0,"event_name":"Back to Basics","player_choice":"Simplicity","floor":19.0,"gold_loss":0.0,"damage_taken":0.0,"cards_upgraded":["Strike_B","Strike_B","Strike_B","Defend_B","Defend_B","Defend_B","Defend_B"]},{"damage_healed":0.0,"max_hp_gain":0.0,"max_hp_loss":0.0,"gold_gain":0.0,"event_name":"Vampires","player_choice":"Ignored","floor":20.0,"gold_loss":0.0,"damage_taken":0.0},{"damage_healed":0.0,"max_hp_gain":0.0,"max_hp_loss":0.0,"gold_gain":0.0,"event_name":"Drug Dealer","player_choice":"Inject Mutagens","floor":21.0,"gold_loss":0.0,"damage_taken":0.0,"relics_obtained":["MutagenicStrength"]},{"damage_healed":0.0,"max_hp_gain":5.0,"max_hp_loss":0.0,"gold_gain":0.0,"event_name":"Forgotten Altar","player_choice":"Shed Blood","floor":22.0,"gold_loss":0.0,"damage_taken":19.0},{"damage_healed":0.0,"max_hp_gain":0.0,"max_hp_loss":0.0,"gold_gain":75.0,"event_name":"FaceTrader","player_choice":"Touch","floor":25.0,"gold_loss":0.0,"damage_taken":8.0},{"damage_healed":0.0,"max_hp_gain":0.0,"max_hp_loss":0.0,"gold_gain":0.0,"event_name":"Mysterious Sphere","player_choice":"Fight","floor":37.0,"gold_loss":0.0,"damage_taken":0.0},{"damage_healed":0,"gold_gain":0,"player_choice":"Embrace Madness","damage_taken":10,"max_hp_gain":0,"max_hp_loss":0,"event_name":"Winding Halls","floor":46,"gold_loss":0,"cards_obtained":["Madness","Madness"]}],"is_beta":false,"boss_relics":[{"not_picked":["Coffee Dripper","Runic Dome"],"picked":"FrozenCore"},{"not_picked":["Lizard Tail","Cursed Key"],"picked":"Busted Crown"}],"items_purged_floors":[31,38,53],"is_endless":false,"potions_floor_spawned":[11,13,14,18,24,29,35,36,45,48],"killed_by":"The Heart","ascension_level":0}