{"gold_per_floor":[113,113,113,188,113,113,147,147,147,178,189,217,217,251,251,326,326,336,354,63,73,73],"floor_reached":22,"playtime":629,"items_purged":[],"score":520,"play_id":"f62f6579-add5-4c5b-b790-f9fa15c1beaf","local_time":"20190525211725","is_ascension_mode":true,"campfire_choices":[{"data":"Neutralize","floor":6.0,"key":"SMITH"},{"data":"Sucker Punch","floor":8.0,"key":"SMITH"},{"floor":13.0,"key":"REST"},{"data":"Envenom","floor":15.0,"key":"SMITH"}],"neow_cost":"NONE","seed_source_timestamp":771514490805206,"circlet_count":0,"master_deck":["AscendersBane","Strike_G","Strike_G","Strike_G+1","Strike_G","Defend_G","Defend_G","Defend_G+1","Defend_G","Defend_G+1","Survivor","Neutralize+1","Sucker Punch+1","Caltrops","Poisoned Stab+1","Cloak And Dagger","All Out Attack","Envenom+1","Wraith Form v2","Crippling Poison+1","Infinite Blades","Dash","PiercingWail"],"special_seed":0,"relics":["Ring of the Snake","NeowsBlessing","Centennial Puzzle","Gremlin Horn","Whetstone","Happy Flower","Bottled Lightning","Runic Pyramid","Medical Kit"],"potions_floor_usage":[],"damage_taken":[{"damage":0.0,"enemies":"Cultist","floor":1.0,"turns":1.0},{"damage":0.0,"enemies":"Lagavulin","floor":7.0,"turns":1.0},{"damage":0.0,"enemies":"3 Sentries","floor":10.0,"turns":1.0},{"damage":1.0,"enemies":"Small Slimes","floor":11.0,"turns":3.0},{"damage":24.0,"enemies":"Gremlin Nob","floor":12.0,"turns":4.0},{"damage":16.0,"enemies":"3 Sentries","floor":14.0,"turns":9.0},{"damage":17.0,"enemies":"Slime Boss","floor":16.0,"turns":10.0},{"damage":10.0,"enemies":"Spheric Guardian","floor":18.0,"turns":7.0},{"damage":0.0,"enemies":"Chosen","floor":19.0,"turns":6.0},{"damage":21.0,"enemies":"3 Cultists","floor":21.0,"turns":7.0},{"damage":28,"enemies":"Masked Bandits","floor":22,"turns":3}],"seed_played":"-42926127563395697","potions_obtained":[{"floor":10.0,"key":"Regen Potion"},{"floor":14.0,"key":"Block Potion"},{"floor":16.0,"key":"SteroidPotion"},{"floor":21.0,"key":"Poison Potion"}],"is_trial":false,"path_per_floor":["M","?","?","?","?","R","E","R","T","E","M","E","R","E","R","B",null,"M","M","$","M","?"],"character_chosen":"THE_SILENT","items_purchased":["Medical Kit","Dash"],"campfire_rested":1,"item_purchase_floors":[20,20],"current_hp_per_floor":[59,39,61,50,50,50,50,50,50,50,49,25,44,28,28,26,56,46,46,46,25,0],"gold":73,"neow_bonus":"THREE_ENEMY_KILL","is_prod":false,"is_daily":false,"chose_seed":false,"campfire_upgraded":3,"win_rate":0,"timestamp":1558844245,"path_taken":["M","?","?","?","?","R","E","R","T","E","M","E","R","E","R","BOSS","M","M","$","M","?"],"build_version":"2019-05-24v2","purchased_purges":0,"victory":false,"max_hp_per_floor":[66,66,66,66,66,66,66,66,66,66,66,66,66,66,66,66,66,66,66,66,66,66],"card_choices":[{"not_picked":["PiercingWail","Flying Knee"],"picked":"Sucker Punch","floor":1.0},{"not_picked":["Underhanded Strike","Eviscerate"],"picked":"Caltrops","floor":7.0},{"not_picked":["Tools of the Trade","Dodge and Roll"],"picked":"Poisoned Stab","floor":10.0},{"not_picked":["Sucker Punch","Tactician"],"picked":"Cloak And Dagger","floor":11.0},{"not_picked":["Poisoned Stab","Concentrate"],"picked":"All Out Attack","floor":12.0},{"not_picked":["Acrobatics","Flying Knee"],"picked":"Envenom","floor":14.0},{"not_picked":["Die Die Die","Phantasmal Killer"],"picked":"Wraith Form v2","floor":16.0},{"not_picked":["Dagger Spray+1","Backflip"],"picked":"Crippling Poison+1","floor":18.0},{"not_picked":["PiercingWail","Dagger Spray"],"picked":"Infinite Blades","floor":19.0},{"not_picked":["Sucker Punch","Heel Hook"],"picked":"PiercingWail","floor":21.0}],"player_experience":1278195,"relics_obtained":[{"floor":7.0,"key":"Centennial Puzzle"},{"floor":9.0,"key":"Gremlin Horn"},{"floor":10.0,"key":"Whetstone"},{"floor":12.0,"key":"Happy Flower"},{"floor":14.0,"key":"Bottled Lightning"}],"event_choices":[{"damage_healed":0.0,"max_hp_gain":0.0,"max_hp_loss":0.0,"gold_gain":0.0,"event_name":"Shining Light","player_choice":"Entered Light","floor":2.0,"gold_loss":0.0,"damage_taken":20.0,"cards_upgraded":["Defend_G","Defend_G"]},{"damage_healed":22.0,"max_hp_gain":0.0,"max_hp_loss":0.0,"gold_gain":0.0,"event_name":"Big Fish","player_choice":"Banana","floor":3.0,"gold_loss":0.0,"damage_taken":0.0},{"damage_healed":0.0,"max_hp_gain":0.0,"max_hp_loss":0.0,"gold_gain":75.0,"event_name":"World of Goop","player_choice":"Gather Gold","floor":4.0,"gold_loss":0.0,"damage_taken":11.0},{"cards_removed":["Strike_G"],"damage_healed":0.0,"max_hp_gain":0.0,"max_hp_loss":0.0,"gold_gain":0.0,"event_name":"The Cleric","player_choice":"Card Removal","floor":5.0,"gold_loss":75.0,"damage_taken":0.0},{"damage_healed":0,"gold_gain":0,"player_choice":"Fought Bandits","damage_taken":0,"max_hp_gain":0,"max_hp_loss":0,"event_name":"Masked Bandits","floor":22,"gold_loss":0}],"is_beta":true,"boss_relics":[{"not_picked":["Tiny House","Philosopher\u0027s Stone"],"picked":"Runic Pyramid"}],"items_purged_floors":[],"is_endless":false,"potions_floor_spawned":[10,14,16,21],"killed_by":"Masked Bandits","ascension_level":20}