{"gold_per_floor":[115,31,31,43,62,62,96,21,96,113,113,35,35,53,53,53],"floor_reached":16,"playtime":335,"items_purged":["Strike_B"],"score":200,"play_id":"d884274d-f328-46ca-b464-2f9a1d14937a","local_time":"20190511224624","is_ascension_mode":true,"campfire_choices":[{"data":"Zap","floor":6,"key":"SMITH"},{"floor":11,"key":"REST"},{"data":"Loop","floor":13,"key":"SMITH"},{"data":"Undo","floor":15,"key":"SMITH"}],"neow_cost":"NONE","seed_source_timestamp":917099111778926,"circlet_count":0,"master_deck":["AscendersBane","Strike_B","Strike_B","Strike_B","Defend_B","Defend_B","Defend_B","Defend_B","Zap+1","Dualcast","Chill","Doom and Gloom","Undo+1","Compile Driver","Loop+1"],"relics":["Sozu","Boot","Letter Opener"],"potions_floor_usage":[],"damage_taken":[{"damage":5,"enemies":"2 Louse","floor":1,"turns":4},{"damage":0,"enemies":"Cultist","floor":4,"turns":3},{"damage":5,"enemies":"Jaw Worm","floor":5,"turns":5},{"damage":48,"enemies":"Gremlin Nob","floor":7,"turns":5},{"damage":0,"enemies":"Lots of Slimes","floor":10,"turns":3},{"damage":0,"enemies":"Exordium Thugs","floor":14,"turns":2},{"damage":31,"enemies":"Hexaghost","floor":16,"turns":9}],"seed_played":"5691346727393152023","potions_obtained":[],"is_trial":false,"path_per_floor":["M","$","?","M","M","R","E","$","T","M","R","$","R","M","R","B"],"character_chosen":"DEFECT","items_purchased":["Doom and Gloom","Loop"],"campfire_rested":1,"item_purchase_floors":[2,12],"current_hp_per_floor":[59,59,59,59,54,54,6,6,6,6,27,27,27,27,27,0],"gold":53,"neow_bonus":"BOSS_RELIC","is_prod":false,"is_daily":false,"chose_seed":false,"campfire_upgraded":3,"win_rate":0,"timestamp":1557639984,"path_taken":["M","$","?","M","M","R","E","$","T","M","R","?","R","M","R","BOSS"],"build_version":"2019-05-07","purchased_purges":1,"victory":false,"max_hp_per_floor":[71,71,71,71,71,71,71,71,71,71,71,71,71,71,71,71],"card_choices":[{"not_picked":["Tempest","Hologram"],"picked":"Chill","floor":1},{"not_picked":["Sweeping Beam","Blizzard"],"picked":"Undo","floor":4},{"not_picked":["Darkness","Steam","Chaos"],"picked":"SKIP","floor":5},{"not_picked":["Gash","Turbo","Force Field"],"picked":"SKIP","floor":7},{"not_picked":["Stack","Streamline"],"picked":"Compile Driver","floor":10},{"not_picked":["Sweeping Beam","Force Field","Double Energy"],"picked":"SKIP","floor":14}],"player_experience":1253390,"relics_obtained":[{"floor":7,"key":"Boot"},{"floor":9,"key":"Letter Opener"}],"event_choices":[{"damage_healed":0,"gold_gain":0,"player_choice":"Got Potions","damage_taken":0,"max_hp_gain":0,"max_hp_loss":0,"event_name":"Lab","floor":3,"gold_loss":0}],"is_beta":true,"boss_relics":[],"items_purged_floors":[8],"is_endless":false,"potions_floor_spawned":[1,7,10,14],"killed_by":"Hexaghost","ascension_level":20}