{"gold_per_floor":[118,118,130,45,62,62,76,76,125,125,125,137,137,162,162,236,236,256,10,10,20,35,35,69,69,122,159,171,83,83],"floor_reached":30,"playtime":815,"items_purged":["Strike_G","Strike_G"],"score":632,"play_id":"44bdb707-6990-4b0b-a5f2-26dad6301f53","local_time":"20190507213119","is_ascension_mode":true,"campfire_choices":[{"data":"Neutralize","floor":6,"key":"SMITH"},{"data":"Crippling Poison","floor":8,"key":"SMITH"},{"data":"Noxious Fumes","floor":10,"key":"SMITH"},{"data":"Backstab","floor":15,"key":"SMITH"},{"floor":23,"key":"REST"},{"floor":25,"key":"REST"}],"neow_cost":"NONE","seed_source_timestamp":566490588924808,"circlet_count":0,"master_deck":["AscendersBane","Defend_G","Defend_G","Defend_G","Defend_G","Defend_G","Strike_G","Strike_G","Strike_G","Survivor","Neutralize+1","Crippling Poison+1","Cloak And Dagger","Backstab+1","Noxious Fumes+1","Poisoned Stab","Corpse Explosion","Dash","Cloak And Dagger"],"relics":["Ring of the Snake","Art of War","Bag of Preparation","Omamori","Philosopher\u0027s Stone","Lantern","Potion Belt","MawBank","Shuriken"],"potions_floor_usage":[14,18,28],"damage_taken":[{"damage":1,"enemies":"2 Louse","floor":1,"turns":3},{"damage":6,"enemies":"Cultist","floor":3,"turns":6},{"damage":3,"enemies":"Small Slimes","floor":5,"turns":4},{"damage":6,"enemies":"Looter","floor":7,"turns":4},{"damage":5,"enemies":"Lots of Slimes","floor":12,"turns":3},{"damage":0,"enemies":"3 Sentries","floor":14,"turns":7},{"damage":11,"enemies":"The Guardian","floor":16,"turns":10},{"damage":9,"enemies":"2 Thieves","floor":18,"turns":3},{"damage":16,"enemies":"Chosen","floor":21,"turns":4},{"damage":9,"enemies":"3 Cultists","floor":22,"turns":3},{"damage":14,"enemies":"Gremlin Leader","floor":24,"turns":6},{"damage":37,"enemies":"Book of Stabbing","floor":27,"turns":6},{"damage":0,"enemies":"Colosseum Slavers","floor":28,"turns":2},{"damage":14,"enemies":"Chosen and Byrds","floor":30,"turns":3}],"seed_played":"-3048782542739568748","potions_obtained":[{"floor":1,"key":"Weak Potion"},{"floor":5,"key":"AttackPotion"},{"floor":7,"key":"Block Potion"},{"floor":16,"key":"PowerPotion"},{"floor":21,"key":"GamblersBrew"},{"floor":22,"key":"Dexterity Potion"}],"is_trial":false,"path_per_floor":["M","?","M","$","M","R","M","R","T","R","?","M","?","E","R","B",null,"M","$","?","M","M","R","E","R","T","E","?","$","M"],"character_chosen":"THE_SILENT","items_purchased":["Backstab","Lantern"],"campfire_rested":2,"item_purchase_floors":[4,19],"current_hp_per_floor":[58,54,48,48,45,45,39,39,39,39,39,34,34,34,34,23,55,46,46,46,30,21,40,26,45,45,8,8,8,0],"gold":83,"neow_bonus":"THREE_CARDS","is_prod":false,"is_daily":false,"chose_seed":false,"campfire_upgraded":4,"win_rate":0,"timestamp":1557289879,"path_taken":["M","?","M","$","?","R","M","R","T","R","?","M","?","E","R","BOSS","M","$","?","M","?","R","E","R","T","E","?","?","M"],"build_version":"2019-04-23","purchased_purges":2,"victory":false,"max_hp_per_floor":[66,66,66,66,66,66,66,66,66,66,66,66,66,66,66,66,66,66,66,66,66,66,66,66,66,66,66,66,66,66],"card_choices":[{"not_picked":["Expertise","Masterful Stab"],"picked":"Crippling Poison","floor":0},{"not_picked":["Escape Plan","Expertise","Slice"],"picked":"SKIP","floor":1},{"not_picked":["Bane","Dagger Throw"],"picked":"Cloak And Dagger","floor":3},{"not_picked":["Crippling Poison","Dagger Throw"],"picked":"Noxious Fumes","floor":5},{"not_picked":["Calculated Gamble","Bane","Underhanded Strike"],"picked":"SKIP","floor":7},{"not_picked":["Concentrate","Underhanded Strike"],"picked":"Poisoned Stab","floor":12},{"not_picked":["Slice","Sucker Punch","Infinite Blades"],"picked":"SKIP","floor":14},{"not_picked":["Phantasmal Killer","Tools of the Trade"],"picked":"Corpse Explosion","floor":16},{"not_picked":["Acrobatics","Blade Dance+1","Flying Knee"],"picked":"SKIP","floor":18},{"not_picked":["Outmaneuver","Prepared+1"],"picked":"Dash","floor":21},{"not_picked":["Blade Dance+1","Slice"],"picked":"Cloak And Dagger","floor":22},{"not_picked":["All Out Attack","Underhanded Strike","Deadly Poison+1"],"picked":"SKIP","floor":24},{"not_picked":["Envenom","Predator+1","Choke"],"picked":"SKIP","floor":27}],"player_experience":1236176,"relics_obtained":[{"floor":9,"key":"Art of War"},{"floor":14,"key":"Omamori"},{"floor":24,"key":"Potion Belt"},{"floor":26,"key":"MawBank"},{"floor":27,"key":"Shuriken"}],"event_choices":[{"damage_healed":0,"gold_gain":0,"player_choice":"Bought 0 Potions","damage_taken":0,"max_hp_gain":0,"max_hp_loss":0,"event_name":"The Woman in Blue","floor":2,"gold_loss":0},{"damage_healed":0,"gold_gain":0,"player_choice":"Ignored","damage_taken":0,"max_hp_gain":0,"max_hp_loss":0,"event_name":"Liars Game","floor":11,"gold_loss":0},{"damage_healed":0,"gold_gain":0,"player_choice":"Searched \u00271\u0027 times","damage_taken":0,"relics_obtained":["Bag of Preparation"],"max_hp_gain":0,"max_hp_loss":0,"event_name":"Dead Adventurer","floor":13,"gold_loss":0},{"damage_healed":0,"gold_gain":0,"player_choice":"0 cards matched","damage_taken":0,"max_hp_gain":0,"max_hp_loss":0,"event_name":"Match and Keep!","floor":20,"gold_loss":0,"cards_obtained":[]},{"damage_healed":0,"gold_gain":0,"player_choice":"Fight","damage_taken":0,"max_hp_gain":0,"max_hp_loss":0,"event_name":"Colosseum","floor":28,"gold_loss":0},{"damage_healed":0,"gold_gain":0,"player_choice":"Fled From Nobs","damage_taken":0,"max_hp_gain":0,"max_hp_loss":0,"event_name":"Colosseum","floor":28,"gold_loss":0}],"is_beta":true,"boss_relics":[{"not_picked":["Orrery","Runic Dome"],"picked":"Philosopher\u0027s Stone"}],"items_purged_floors":[19,29],"is_endless":false,"potions_floor_spawned":[1,5,7,16,21,22],"killed_by":"Chosen and Byrds","ascension_level":20}