{"gold_per_floor":[112,132,132,132,149,175,194,194,248,309,327,327,0,11,11,89,89,100,25,25,37,66,66,66],"floor_reached":24,"playtime":698,"items_purged":["Corruption"],"score":412,"play_id":"4153a756-968d-4f91-bd7a-1c9a9d58fa72","local_time":"20190607213916","is_ascension_mode":true,"campfire_choices":[{"data":"Bash","floor":8,"key":"SMITH"},{"data":"Whirlwind","floor":12,"key":"SMITH"},{"data":"Fire Breathing","floor":15,"key":"SMITH"},{"data":"Feel No Pain","floor":23,"key":"SMITH"}],"neow_cost":"NONE","seed_source_timestamp":36502709556045,"circlet_count":0,"master_deck":["AscendersBane","Bash+1","Whirlwind+1","Anger","Fire Breathing+1","Bludgeon","Feel No Pain+1","Spot Weakness","Feed","Fiend Fire","Bloodletting","Pummel","Pummel","Power Through","Seeing Red","Armaments","Reckless Charge","Corruption","Shrug It Off"],"relics":["Burning Blood","Shuriken","Red Skull","Tiny Chest","Oddly Smooth Stone","Pandora\u0027s Box","Red Mask"],"potions_floor_usage":[11,18,22,24],"damage_taken":[{"damage":9,"enemies":"Jaw Worm","floor":1,"turns":4},{"damage":0,"enemies":"Small Slimes","floor":2,"turns":3},{"damage":7,"enemies":"Cultist","floor":5,"turns":4},{"damage":32,"enemies":"Gremlin Nob","floor":6,"turns":4},{"damage":3,"enemies":"Blue Slaver","floor":7,"turns":2},{"damage":25,"enemies":"3 Sentries","floor":10,"turns":4},{"damage":0,"enemies":"Looter","floor":11,"turns":1},{"damage":6,"enemies":"Exordium Wildlife","floor":14,"turns":3},{"damage":33,"enemies":"Slime Boss","floor":16,"turns":7},{"damage":12,"enemies":"Chosen","floor":18,"turns":3},{"damage":26,"enemies":"Shell Parasite","floor":21,"turns":4},{"damage":35,"enemies":"Masked Bandits","floor":22,"turns":5},{"damage":40,"enemies":"Book of Stabbing","floor":24,"turns":4}],"seed_played":"2816036016772192335","potions_obtained":[{"floor":2,"key":"Fire Potion"},{"floor":7,"key":"Swift Potion"},{"floor":10,"key":"BloodPotion"},{"floor":14,"key":"Ancient Potion"},{"floor":18,"key":"FearPotion"},{"floor":22,"key":"PowerPotion"}],"is_trial":false,"path_per_floor":["M","M","?","?","M","E","M","R","T","E","M","R","$","M","R","B",null,"M","$","$","M","?","R","E"],"character_chosen":"IRONCLAD","items_purchased":["Feed","Oddly Smooth Stone"],"campfire_rested":0,"item_purchase_floors":[13,13],"current_hp_per_floor":[65,71,71,71,70,44,47,47,47,28,34,34,34,37,37,13,64,78,78,78,61,35,35,0],"gold":66,"neow_bonus":"THREE_CARDS","is_prod":false,"is_daily":false,"chose_seed":false,"campfire_upgraded":4,"win_rate":0,"timestamp":1559968756,"path_taken":["M","M","?","?","M","E","M","R","T","E","M","R","$","M","R","BOSS","M","?","$","M","?","R","E"],"build_version":"2019-06-05","purchased_purges":1,"victory":false,"max_hp_per_floor":[75,75,75,75,75,75,75,75,75,75,75,75,75,78,78,81,81,81,81,81,84,87,87,87],"card_choices":[{"not_picked":["Infernal Blade","Flex"],"picked":"Whirlwind","floor":0},{"not_picked":["Iron Wave","Sword Boomerang"],"picked":"Anger","floor":1},{"not_picked":["Intimidate","Thunderclap"],"picked":"Fire Breathing","floor":2},{"not_picked":["Wild Strike","Rampage","Flex"],"picked":"SKIP","floor":5},{"not_picked":["Twin Strike","Carnage"],"picked":"Bludgeon","floor":6},{"not_picked":["Seeing Red","Headbutt"],"picked":"Feel No Pain","floor":7},{"not_picked":["Anger","Flex","Heavy Blade"],"picked":"SKIP","floor":10},{"not_picked":["Clash","Sword Boomerang"],"picked":"Spot Weakness","floor":11},{"not_picked":["Body Slam","Berserk"],"picked":"Corruption","floor":14},{"not_picked":["Brutality","Berserk"],"picked":"Fiend Fire","floor":16},{"not_picked":["Metallicize","Flex"],"picked":"Shrug It Off","floor":18},{"not_picked":["Pummel","Second Wind","Sword Boomerang"],"picked":"SKIP","floor":21}],"player_experience":1309172,"relics_obtained":[{"floor":6,"key":"Shuriken"},{"floor":9,"key":"Red Skull"},{"floor":10,"key":"Tiny Chest"},{"floor":22,"key":"Red Mask"}],"event_choices":[{"damage_healed":0,"gold_gain":0,"player_choice":"Ignored","damage_taken":0,"max_hp_gain":0,"max_hp_loss":0,"event_name":"Liars Game","floor":3,"gold_loss":0},{"cards_removed":["Strike_R"],"damage_healed":0,"gold_gain":0,"player_choice":"Offered Basic","damage_taken":0,"max_hp_gain":0,"max_hp_loss":0,"event_name":"Bonfire Elementals","floor":4,"gold_loss":0},{"damage_healed":0,"gold_gain":0,"player_choice":"Fought Bandits","damage_taken":0,"max_hp_gain":0,"max_hp_loss":0,"event_name":"Masked Bandits","floor":22,"gold_loss":0}],"is_beta":true,"boss_relics":[{"not_picked":["Black Blood","Philosopher\u0027s Stone"],"picked":"Pandora\u0027s Box"}],"items_purged_floors":[19],"is_endless":false,"potions_floor_spawned":[2,7,10,14,18,21,22],"killed_by":"Book of Stabbing","ascension_level":20}