{"gold_per_floor":[113,113,263,64,80,80,106,125,170,170,170],"floor_reached":11,"playtime":433,"items_purged":["Doubt"],"score":142,"play_id":"94e66831-b846-4a29-9403-ee15b09d6c9a","local_time":"20190507115408","is_ascension_mode":true,"campfire_choices":[{"data":"Dagger Spray","floor":6,"key":"SMITH"}],"neow_cost":"NONE","seed_source_timestamp":532245869582913,"circlet_count":0,"master_deck":["AscendersBane","Defend_G","Defend_G","Defend_G+1","Defend_G","Defend_G+1","Strike_G","Strike_G","Strike_G","Strike_G","Strike_G","Survivor","Neutralize","Dagger Throw","Dagger Spray+1","After Image","Dagger Throw","Backflip"],"relics":["Ring of the Snake","Smiling Mask","War Paint","Lantern","CultistMask"],"potions_floor_usage":[7,11],"damage_taken":[{"damage":1,"enemies":"Cultist","floor":1,"turns":3},{"damage":0,"enemies":"Small Slimes","floor":5,"turns":4},{"damage":23,"enemies":"Lagavulin","floor":7,"turns":6},{"damage":0,"enemies":"2 Louse","floor":8,"turns":2},{"damage":26,"enemies":"Gremlin Nob","floor":11,"turns":4}],"seed_played":"8473301037482528554","potions_obtained":[{"floor":5,"key":"SkillPotion"},{"floor":8,"key":"Block Potion"}],"is_trial":false,"path_per_floor":["M","?","?","$","M","R","E","M","T","?","E"],"character_chosen":"THE_SILENT","items_purchased":["After Image"],"campfire_rested":0,"item_purchase_floors":[4],"current_hp_per_floor":[58,40,40,40,40,40,17,17,17,17,0],"gold":170,"neow_bonus":"THREE_CARDS","is_prod":false,"is_daily":false,"chose_seed":false,"campfire_upgraded":1,"win_rate":0,"timestamp":1557255248,"path_taken":["M","?","?","$","M","R","E","M","T","?","E"],"build_version":"2019-04-23","purchased_purges":1,"victory":false,"max_hp_per_floor":[66,66,66,66,66,66,66,66,66,66,66],"card_choices":[{"not_picked":["Flying Knee","Sucker Punch"],"picked":"Dagger Throw","floor":0},{"not_picked":["All Out Attack","Outmaneuver"],"picked":"Dagger Spray","floor":1},{"not_picked":["Sucker Punch","Outmaneuver"],"picked":"Dagger Throw","floor":5},{"not_picked":["Slice","Tools of the Trade","Deflect"],"picked":"SKIP","floor":7},{"not_picked":["Prepared","Dagger Throw"],"picked":"Backflip","floor":8}],"player_experience":1232165,"relics_obtained":[{"floor":7,"key":"War Paint"},{"floor":9,"key":"Lantern"}],"event_choices":[{"damage_healed":0,"gold_gain":0,"player_choice":"Success","damage_taken":18,"relics_obtained":["Smiling Mask"],"max_hp_gain":0,"max_hp_loss":0,"event_name":"Scrap Ooze","floor":2,"gold_loss":0},{"damage_healed":0,"gold_gain":150,"player_choice":"AGREE","damage_taken":0,"max_hp_gain":0,"max_hp_loss":0,"event_name":"Liars Game","floor":3,"gold_loss":0,"cards_obtained":["Doubt"]},{"damage_healed":0,"gold_gain":0,"player_choice":"Trade","damage_taken":0,"relics_obtained":["CultistMask"],"max_hp_gain":0,"max_hp_loss":0,"event_name":"FaceTrader","floor":10,"gold_loss":0}],"is_beta":true,"boss_relics":[],"items_purged_floors":[4],"is_endless":false,"potions_floor_spawned":[5,8],"killed_by":"Gremlin Nob","ascension_level":20}