{"gold_per_floor":[365,365,385,142,242,242,254,254,278,278,312,331,349,368,368,442,472,489,502,517,517],"floor_reached":21,"playtime":982,"items_purged":["Strike_B"],"score":320,"play_id":"fc76ebd9-ae3f-4c99-90d6-3630d381e7ff","local_time":"20190316210859","is_ascension_mode":true,"campfire_choices":[{"data":"Apotheosis","floor":6,"key":"SMITH"},{"data":"Loop","floor":8,"key":"SMITH"},{"data":"Zap","floor":10,"key":"SMITH"},{"floor":15,"key":"REST"}],"neow_cost":"TEN_PERCENT_HP_LOSS","seed_source_timestamp":23852485957311604,"circlet_count":0,"master_deck":["AscendersBane","Strike_B","Strike_B","Strike_B","Defend_B","Defend_B","Defend_B","Defend_B","Zap+1","Dualcast","Sunder","Conserve Battery","Cold Snap","Apotheosis+1","Loop+1","Sweeping Beam","Doom and Gloom","Chill","Steam","Creative AI","Injury","Chill+1","Ball Lightning+1"],"relics":["Cracked Core","Pen Nib","Omamori","Calling Bell","Tiny Chest","Symbiotic Virus","Pocketwatch"],"potions_floor_usage":[18],"damage_taken":[{"damage":1,"enemies":"Cultist","floor":1,"turns":3},{"damage":0,"enemies":"Jaw Worm","floor":3,"turns":3},{"damage":0,"enemies":"2 Louse","floor":7,"turns":2},{"damage":20,"enemies":"Gremlin Nob","floor":11,"turns":4},{"damage":0,"enemies":"2 Fungi Beasts","floor":12,"turns":2},{"damage":0,"enemies":"Large Slime","floor":13,"turns":4},{"damage":0,"enemies":"Lots of Slimes","floor":14,"turns":2},{"damage":13,"enemies":"Slime Boss","floor":16,"turns":8},{"damage":19,"enemies":"2 Thieves","floor":18,"turns":3},{"damage":20,"enemies":"Chosen","floor":19,"turns":5},{"damage":0,"enemies":"Snecko","floor":20,"turns":4},{"damage":35,"enemies":"Shelled Parasite and Fungi","floor":21,"turns":2}],"seed_played":"8091102733578108612","potions_obtained":[{"floor":3,"key":"SteroidPotion"},{"floor":7,"key":"SteroidPotion"},{"floor":13,"key":"Explosive Potion"},{"floor":14,"key":"LiquidBronze"},{"floor":16,"key":"Dexterity Potion"},{"floor":18,"key":"SpeedPotion"}],"is_trial":false,"path_per_floor":["M","?","M","$","?","R","M","R","T","R","E","M","M","M","R","B",null,"M","M","M","M"],"character_chosen":"DEFECT","items_purchased":["Apotheosis"],"campfire_rested":1,"item_purchase_floors":[4],"current_hp_per_floor":[63,63,63,63,63,63,63,63,63,63,43,43,43,43,62,49,60,41,21,21,0],"gold":517,"neow_bonus":"TWO_FIFTY_GOLD","is_prod":false,"is_daily":false,"chose_seed":false,"campfire_upgraded":3,"win_rate":0,"timestamp":1552766939,"path_taken":["M","?","?","$","?","R","M","R","T","R","E","?","M","M","R","BOSS","M","?","M","M"],"build_version":"2019-01-23","purchased_purges":1,"victory":false,"max_hp_per_floor":[64,64,64,64,64,64,64,64,64,64,64,64,64,64,64,64,64,64,64,64,64],"card_choices":[{"not_picked":["Redo","Hologram"],"picked":"Sunder","floor":1},{"not_picked":["Redo","White Noise"],"picked":"Cold Snap","floor":3},{"not_picked":["Force Field","Gash"],"picked":"Loop","floor":7},{"not_picked":["Genetic Algorithm","Skim"],"picked":"Sweeping Beam","floor":11},{"not_picked":["Blizzard","Sweeping Beam"],"picked":"Doom and Gloom","floor":12},{"not_picked":["Steam Power","Turbo"],"picked":"Chill","floor":13},{"not_picked":["Blizzard","Streamline"],"picked":"Steam","floor":14},{"not_picked":["Reboot","Fission"],"picked":"Creative AI","floor":16},{"not_picked":["Leap","Storm"],"picked":"Chill+1","floor":18},{"not_picked":["Cold Snap","Redo"],"picked":"Ball Lightning+1","floor":19},{"not_picked":["Ball Lightning","Turbo","Sweeping Beam"],"picked":"SKIP","floor":20}],"player_experience":432477,"relics_obtained":[{"floor":9,"key":"Pen Nib"},{"floor":11,"key":"Omamori"},{"floor":17,"key":"Tiny Chest"},{"floor":17,"key":"Symbiotic Virus"},{"floor":17,"key":"Pocketwatch"}],"event_choices":[{"damage_healed":0,"gold_gain":0,"player_choice":"1 cards matched","damage_taken":0,"max_hp_gain":0,"max_hp_loss":0,"event_name":"Match and Keep!","floor":2,"gold_loss":0,"cards_obtained":["Conserve Battery"]},{"damage_healed":0,"gold_gain":100,"player_choice":"Gold","damage_taken":0,"max_hp_gain":0,"max_hp_loss":0,"event_name":"Wheel of Change","floor":5,"gold_loss":0}],"is_beta":false,"boss_relics":[{"not_picked":["Lizard Tail","Runic Pyramid"],"picked":"Calling Bell"}],"items_purged_floors":[4],"is_endless":false,"potions_floor_spawned":[3,7,13,14,16,18,19],"killed_by":"Shelled Parasite and Fungi","ascension_level":15}