{"gold_per_floor":[110,126,144,164,178,203,203,203,203,217,217,217,246,261,261,358,358,372,471,396,22,22,48,48,48,48,68,68,68,88,103,103,103],"floor_reached":33,"playtime":5092,"items_purged":[],"score":302,"play_id":"40689a2c-a7e7-4e88-aafb-20a648389c2d","local_time":"20190610233120","is_ascension_mode":false,"campfire_choices":[{"floor":8,"key":"REST"},{"floor":11,"key":"REST"},{"floor":15,"key":"REST"},{"floor":24,"key":"REST"},{"floor":28,"key":"REST"},{"floor":32,"key":"REST"}],"neow_cost":"NONE","seed_source_timestamp":4887071033600,"circlet_count":0,"master_deck":["Strike_B","Strike_B","Strike_B","Defend_B","Defend_B","Defend_B","Defend_B","Zap","Dualcast","Conserve Battery","Tempest","Buffer+1","Self Repair","Darkness","Go for the Eyes","Hologram","Barrage+1","Stack","Amplify","Reinforced Body","Capacitor","Flash of Steel+1","Doom and Gloom+1","Barrage+1","Ball Lightning+1"],"relics":["Cracked Core","PreservedInsect","Pocketwatch","Molten Egg 2","Runic Pyramid","Lee\u0027s Waffle","MutagenicStrength","Peace Pipe","Bag of Marbles"],"potions_floor_usage":[16,16,16,31,31],"damage_taken":[{"damage":0,"enemies":"Cultist","floor":1,"turns":4},{"damage":0,"enemies":"Jaw Worm","floor":2,"turns":3},{"damage":8,"enemies":"2 Louse","floor":3,"turns":2},{"damage":2,"enemies":"Large Slime","floor":4,"turns":5},{"damage":10,"enemies":"Looter","floor":5,"turns":3},{"damage":14,"enemies":"Gremlin Nob","floor":6,"turns":5},{"damage":7,"enemies":"Blue Slaver","floor":10,"turns":4},{"damage":19,"enemies":"3 Sentries","floor":13,"turns":6},{"damage":7,"enemies":"3 Louse","floor":14,"turns":3},{"damage":40,"enemies":"Hexaghost","floor":16,"turns":9},{"damage":20,"enemies":"Spheric Guardian","floor":18,"turns":6},{"damage":82,"enemies":"Gremlin Leader","floor":23,"turns":8},{"damage":10,"enemies":"Chosen","floor":27,"turns":5},{"damage":26,"enemies":"Centurion and Healer","floor":30,"turns":7},{"damage":30,"enemies":"Shelled Parasite and Fungi","floor":31,"turns":7},{"damage":38,"enemies":"Champ","floor":33,"turns":11}],"seed_played":"5420899776392272355","potions_obtained":[{"floor":3,"key":"Ancient Potion"},{"floor":6,"key":"SpeedPotion"},{"floor":10,"key":"Dexterity Potion"},{"floor":14,"key":"Ancient Potion"},{"floor":16,"key":"Poison Potion"},{"floor":18,"key":"AttackPotion"},{"floor":27,"key":"SmokeBomb"}],"is_trial":false,"path_per_floor":["M","M","M","M","M","E","?","R","T","M","R","?","E","M","R","B",null,"M","?","?","$","?","E","R","$","T","M","R","?","M","M","R","B"],"character_chosen":"DEFECT","items_purchased":["Lee\u0027s Waffle","Capacitor","Flash of Steel+1"],"campfire_rested":6,"item_purchase_floors":[21,21,21],"current_hp_per_floor":[82,82,74,72,69,62,62,82,82,75,82,87,75,75,87,54,87,74,74,74,94,94,26,54,54,54,44,72,54,35,5,33,0],"gold":103,"neow_bonus":"TEN_PERCENT_HP_BONUS","is_prod":false,"is_daily":false,"chose_seed":false,"campfire_upgraded":0,"win_rate":0.0,"timestamp":1560234680,"path_taken":["M","M","?","M","M","E","?","R","T","?","R","?","E","M","R","BOSS","M","?","?","$","?","E","R","?","T","M","R","?","M","M","R","BOSS"],"build_version":"2019-01-23","purchased_purges":0,"victory":false,"max_hp_per_floor":[82,82,82,82,82,82,82,82,82,82,82,87,87,87,87,87,87,87,87,87,94,94,94,94,94,94,94,94,94,94,94,94,94],"card_choices":[{"not_picked":["Stack","Gash"],"picked":"Conserve Battery","floor":1},{"not_picked":["Steam","Sweeping Beam"],"picked":"Tempest","floor":2},{"not_picked":["Barrage","Steam"],"picked":"Buffer","floor":3},{"not_picked":["Streamline","Gash"],"picked":"Self Repair","floor":4},{"not_picked":["Force Field","Cold Snap"],"picked":"Darkness","floor":5},{"not_picked":["Ball Lightning","Reboot"],"picked":"Go for the Eyes","floor":6},{"not_picked":["Loop","Rip and Tear"],"picked":"Hologram","floor":10},{"not_picked":["Stack","Cold Snap"],"picked":"Barrage","floor":13},{"not_picked":["Hologram","Steam"],"picked":"Stack","floor":14},{"not_picked":["Rainbow","Machine Learning"],"picked":"Amplify","floor":16},{"not_picked":["Auto Shields","Coolheaded"],"picked":"Reinforced Body","floor":18},{"not_picked":["Go for the Eyes+1","Rainbow"],"picked":"Doom and Gloom+1","floor":23},{"not_picked":["Chaos","Static Discharge+1"],"picked":"Barrage+1","floor":27},{"not_picked":["Sweeping Beam+1","Hello World"],"picked":"Ball Lightning+1","floor":30},{"not_picked":["Static Discharge+1","Chaos","Rip and Tear+1"],"picked":"SKIP","floor":31}],"player_experience":3126,"relics_obtained":[{"floor":6,"key":"PreservedInsect"},{"floor":9,"key":"Pocketwatch"},{"floor":13,"key":"Molten Egg 2"},{"floor":23,"key":"Peace Pipe"},{"floor":26,"key":"Bag of Marbles"}],"event_choices":[{"damage_healed":0,"gold_gain":0,"player_choice":"Upgraded","damage_taken":0,"max_hp_gain":0,"max_hp_loss":0,"event_name":"Upgrade Shrine","floor":7,"gold_loss":0,"cards_upgraded":["Buffer"]},{"damage_healed":0,"gold_gain":0,"player_choice":"Donut","damage_taken":0,"max_hp_gain":5,"max_hp_loss":0,"event_name":"Big Fish","floor":12,"gold_loss":0},{"damage_healed":0,"gold_gain":99,"player_choice":"Stole From Cult","damage_taken":0,"max_hp_gain":0,"max_hp_loss":0,"event_name":"Nest","floor":19,"gold_loss":0},{"cards_removed":["Strike_B"],"damage_healed":0,"gold_gain":0,"player_choice":"Gave Gold","damage_taken":0,"max_hp_gain":0,"max_hp_loss":0,"event_name":"Beggar","floor":20,"gold_loss":75},{"damage_healed":0,"gold_gain":0,"player_choice":"Inject Mutagens","damage_taken":0,"relics_obtained":["MutagenicStrength"],"max_hp_gain":0,"max_hp_loss":0,"event_name":"Drug Dealer","floor":22,"gold_loss":0},{"damage_healed":0,"gold_gain":0,"player_choice":"POTION ","damage_taken":18,"max_hp_gain":0,"max_hp_loss":0,"event_name":"Knowing Skull","floor":29,"potions_obtained":["SneckoOil"],"gold_loss":0,"cards_obtained":[]}],"is_beta":false,"boss_relics":[{"not_picked":["Ectoplasm","Philosopher\u0027s Stone"],"picked":"Runic Pyramid"}],"items_purged_floors":[],"is_endless":false,"potions_floor_spawned":[3,6,10,14,16,18,27,30],"killed_by":"Champ","ascension_level":0}