{"gold_per_floor":[117,136,149,149,149,149,180,180,180,180,180,180,193,208,208,284,284,303,313,64,114,114,114,130,163,187,205,205],"floor_reached":28,"playtime":835,"items_purged":["Strike_G"],"score":476,"play_id":"d0932137-6cad-4789-a9d4-f42e3cdfd591","local_time":"20190503165352","is_ascension_mode":true,"campfire_choices":[{"data":"Deadly Poison","floor":6,"key":"SMITH"},{"data":"Neutralize","floor":8,"key":"SMITH"},{"data":"Caltrops","floor":10,"key":"SMITH"},{"data":"Cloak And Dagger","floor":12,"key":"SMITH"},{"floor":15,"key":"REST"},{"data":"After Image","floor":23,"key":"SMITH"}],"neow_cost":"NONE","seed_source_timestamp":204203470022262,"circlet_count":0,"master_deck":["AscendersBane","Defend_G+1","Defend_G+1","Defend_G+1","Defend_G+1","Defend_G+1","Strike_G+1","Survivor","Neutralize+1","Caltrops+1","Deadly Poison+1","PiercingWail","Cloak And Dagger+1","Cloak And Dagger+1","Dagger Spray+1","After Image+1","Doppelganger","PiercingWail"],"relics":["Ring of the Snake","NeowsBlessing","Calipers","Tough Bandages","Empty Cage","Juzu Bracelet","Anchor"],"potions_floor_usage":[25,25],"damage_taken":[{"damage":0,"enemies":"Small Slimes","floor":1,"turns":1},{"damage":0,"enemies":"2 Louse","floor":2,"turns":1},{"damage":0,"enemies":"Cultist","floor":3,"turns":1},{"damage":26,"enemies":"Lagavulin","floor":7,"turns":9},{"damage":13,"enemies":"Large Slime","floor":13,"turns":7},{"damage":2,"enemies":"Exordium Wildlife","floor":14,"turns":4},{"damage":26,"enemies":"The Guardian","floor":16,"turns":12},{"damage":2,"enemies":"3 Byrds","floor":18,"turns":2},{"damage":21,"enemies":"Chosen","floor":19,"turns":7},{"damage":2,"enemies":"Shelled Parasite and Fungi","floor":24,"turns":8},{"damage":36,"enemies":"Gremlin Leader","floor":25,"turns":11},{"damage":0,"enemies":"Centurion and Healer","floor":27,"turns":9},{"damage":9,"enemies":"Sentry and Sphere","floor":28,"turns":7}],"seed_played":"4204826958804950922","potions_obtained":[{"floor":3,"key":"Dexterity Potion"},{"floor":14,"key":"Explosive Potion"},{"floor":24,"key":"Regen Potion"},{"floor":27,"key":"LiquidBronze"}],"is_trial":false,"path_per_floor":["M","M","M","?","?","R","E","R","T","R","?","R","M","M","R","B",null,"M","M","$","?","?","R","M","E","T","M","M"],"character_chosen":"THE_SILENT","items_purchased":["After Image"],"campfire_rested":1,"item_purchase_floors":[20],"current_hp_per_floor":[59,59,59,59,64,64,38,38,38,38,27,27,14,12,33,7,55,53,32,32,32,32,32,30,9,9,9,0],"gold":205,"neow_bonus":"THREE_ENEMY_KILL","is_prod":false,"is_daily":false,"chose_seed":false,"campfire_upgraded":5,"win_rate":0,"timestamp":1556927632,"path_taken":["M","M","M","?","?","R","E","R","T","R","?","R","M","M","R","BOSS","M","M","$","?","?","R","M","E","T","M","M"],"build_version":"2019-04-23","purchased_purges":1,"victory":false,"max_hp_per_floor":[66,66,66,66,71,71,71,71,71,71,71,71,71,71,71,71,71,71,71,71,71,71,71,71,71,71,71,71],"card_choices":[{"not_picked":["Dodge and Roll","Reflex"],"picked":"Caltrops","floor":1},{"not_picked":["Outmaneuver","Sucker Punch"],"picked":"Deadly Poison","floor":2},{"not_picked":["All Out Attack","Setup"],"picked":"PiercingWail","floor":3},{"not_picked":["Blade Dance","Envenom"],"picked":"Cloak And Dagger","floor":7},{"not_picked":["Slice","Prepared","Outmaneuver"],"picked":"SKIP","floor":13},{"not_picked":["Flying Knee","Deadly Poison","Sucker Punch"],"picked":"SKIP","floor":14},{"not_picked":["Finisher","Flying Knee"],"picked":"Cloak And Dagger+1","floor":18},{"not_picked":["Dagger Throw","Slice"],"picked":"Dagger Spray+1","floor":19},{"not_picked":["Acrobatics","Deflect"],"picked":"Doppelganger","floor":24},{"not_picked":["Setup","Distraction","Grand Finale"],"picked":"SKIP","floor":25},{"not_picked":["Bane","Poisoned Stab"],"picked":"PiercingWail","floor":27}],"player_experience":1209503,"relics_obtained":[{"floor":7,"key":"Calipers"},{"floor":25,"key":"Juzu Bracelet"},{"floor":26,"key":"Anchor"}],"event_choices":[{"cards_removed":["Strike_G"],"damage_healed":0,"gold_gain":0,"player_choice":"Forget","damage_taken":0,"max_hp_gain":0,"max_hp_loss":0,"event_name":"Living Wall","floor":4,"gold_loss":0},{"damage_healed":0,"gold_gain":0,"player_choice":"Donut","damage_taken":0,"max_hp_gain":5,"max_hp_loss":0,"event_name":"Big Fish","floor":5,"gold_loss":0},{"damage_healed":0,"gold_gain":0,"player_choice":"Success","damage_taken":11,"relics_obtained":["Tough Bandages"],"max_hp_gain":0,"max_hp_loss":0,"event_name":"Scrap Ooze","floor":11,"gold_loss":0},{"damage_healed":0,"gold_gain":50,"player_choice":"Stole From Cult","damage_taken":0,"max_hp_gain":0,"max_hp_loss":0,"event_name":"Nest","floor":21,"gold_loss":0},{"damage_healed":0,"gold_gain":0,"player_choice":"Simplicity","damage_taken":0,"max_hp_gain":0,"max_hp_loss":0,"event_name":"Back to Basics","floor":22,"gold_loss":0,"cards_upgraded":["Defend_G","Defend_G","Defend_G","Defend_G","Defend_G","Strike_G"]}],"is_beta":true,"boss_relics":[{"not_picked":["Eternal Feather","Runic Dome"],"picked":"Empty Cage"}],"items_purged_floors":[20],"is_endless":false,"potions_floor_spawned":[3,14,19,24,27],"killed_by":"Sentry and Sphere","ascension_level":20}