{"gold_per_floor":[113,38,50,50,50,79,90,120,168,168,168],"floor_reached":11,"playtime":269,"items_purged":["Strike_R"],"score":207,"play_id":"57cdc22d-d3ae-4c7e-a5d0-210fb57ca800","local_time":"20190508221513","is_ascension_mode":true,"campfire_choices":[{"floor":10,"key":"REST"}],"neow_cost":"NONE","seed_source_timestamp":2337115166735934,"circlet_count":0,"master_deck":["AscendersBane","Strike_R","Strike_R","Strike_R","Defend_R","Defend_R","Defend_R","Defend_R","Bash","Seeing Red","Blood for Blood","Pommel Strike","Shrug It Off","Corruption"],"relics":["Burning Blood","NeowsBlessing","Singing Bowl","Smiling Mask","Anchor"],"potions_floor_usage":[],"damage_taken":[{"damage":0,"enemies":"Cultist","floor":1,"turns":1},{"damage":0,"enemies":"2 Louse","floor":3,"turns":1},{"damage":0,"enemies":"Gremlin Nob","floor":6,"turns":1},{"damage":9,"enemies":"Small Slimes","floor":7,"turns":4},{"damage":59,"enemies":"Lagavulin","floor":8,"turns":7},{"damage":45,"enemies":"3 Sentries","floor":11,"turns":10}],"seed_played":"-3527288664998836025","potions_obtained":[{"floor":7,"key":"SteroidPotion"}],"is_trial":false,"path_per_floor":["M","$","M","?","$","E","M","E","T","R","E"],"character_chosen":"IRONCLAD","items_purchased":[],"campfire_rested":1,"item_purchase_floors":[],"current_hp_per_floor":[74,74,75,75,75,75,72,19,19,41,0],"gold":168,"neow_bonus":"THREE_ENEMY_KILL","is_prod":false,"is_daily":false,"chose_seed":false,"campfire_upgraded":0,"win_rate":0,"timestamp":1557346513,"path_taken":["M","$","?","?","$","E","M","E","T","R","E"],"build_version":"2019-01-23","purchased_purges":1,"victory":false,"max_hp_per_floor":[75,75,75,75,75,75,75,75,75,75,75],"card_choices":[{"not_picked":["Wild Strike","Flex"],"picked":"Seeing Red","floor":1},{"not_picked":["Pummel","Intimidate"],"picked":"Blood for Blood","floor":3},{"not_picked":["Twin Strike","Sword Boomerang"],"picked":"Pommel Strike","floor":6},{"not_picked":["Thunderclap","Carnage"],"picked":"Shrug It Off","floor":7},{"not_picked":["Iron Wave","Intimidate"],"picked":"Corruption","floor":8}],"player_experience":556546,"relics_obtained":[{"floor":6,"key":"Singing Bowl"},{"floor":8,"key":"Smiling Mask"},{"floor":9,"key":"Anchor"}],"event_choices":[{"cards_removed":["Strike_R"],"damage_healed":0,"gold_gain":0,"player_choice":"Purged","damage_taken":0,"max_hp_gain":0,"max_hp_loss":0,"event_name":"Purifier","floor":4,"gold_loss":0}],"is_beta":false,"boss_relics":[],"items_purged_floors":[2],"is_endless":false,"potions_floor_spawned":[7],"killed_by":"3 Sentries","ascension_level":19}