{"path_per_floor":["M","M","?","?","?","R","?","$","T","M","M","$","R","M","R","B",null,"M","?","$","M","?","R","E","R","T","R","$","M","M","M","R","B",null,"M","?","$","M","?","R","$","?","T","T","?","R","M","M","R","B"],"character_chosen":"THE_SILENT","items_purchased":["Flying Knee","Well Laid Plans","Noxious Fumes","Dagger Spray","Caltrops"],"gold_per_floor":[113,125,125,125,125,125,150,50,50,61,81,46,46,66,66,166,166,182,182,10,24,24,24,53,53,80,80,34,48,61,75,75,176,176,190,190,65,82,182,182,148,148,148,174,174,174,191,206,206,206],"floor_reached":51,"campfire_rested":3,"playtime":3367,"current_hp_per_floor":[61,59,46,39,39,39,21,21,21,21,21,21,21,18,38,1,51,44,44,44,44,44,44,23,23,23,58,58,55,55,55,55,21,56,56,56,56,56,56,56,56,56,56,56,56,56,48,28,63,24],"items_purged":["Defend_G","Strike_G","Defend_G"],"gold":206,"score":730,"play_id":"d8c1926d-2fe4-40ab-bfa2-ac634607d95a","local_time":"20180303003643","is_prod":false,"is_daily":false,"is_ascension_mode":true,"campfire_upgraded":4,"timestamp":1520033803,"path_taken":["M","M","?","?","?","R","?","?","T","M","?","$","R","M","R","BOSS","M","?","$","?","?","R","E","R","T","R","$","M","?","M","R","BOSS","M","?","$","?","?","R","?","?","T","?","?","R","M","M","R","BOSS"],"build_version":"2018-03-01-PROD1","purchased_purges":3,"victory":true,"master_deck":["Defend_G+1","Strike_G+1","Survivor","Neutralize+1","Sucker Punch","Flying Knee","Sucker Punch+1","Flying Knee","PiercingWail","Dagger Spray+1","Well Laid Plans","Storm of Steel","Backflip+1","Noxious Fumes+1","Prepared+1","Dagger Spray","Cloak And Dagger+1","Backflip","Escape Plan+1","Die Die Die+1","Outmaneuver+1","Blur+1","Malaise+1","Caltrops","Escape Plan","Accuracy+1"],"max_hp_per_floor":[67,67,67,67,67,67,67,67,67,67,67,67,67,67,67,67,67,67,67,67,67,67,67,67,67,67,67,67,67,67,67,67,67,67,67,67,67,67,67,67,67,67,67,67,67,67,67,67,67,67],"relics":["Ring of the Snake","Odd Mushroom","Tough Bandages","Sozu","Girya","Regal Pillow","Astrolabe","Frozen Eye","Art of War"],"card_choices":[{"not_picked":["Outmaneuver","Acrobatics"],"picked":"Sucker Punch"},{"not_picked":["Backflip","Cloak And Dagger"],"picked":"Flying Knee"},{"not_picked":["Prepared","Concentrate"],"picked":"Sucker Punch"},{"not_picked":["Deadly Poison","Backstab"],"picked":"PiercingWail"},{"not_picked":["Backstab","Outmaneuver"],"picked":"Dagger Spray"},{"not_picked":["Glass Knife","Tactician"],"picked":"Storm of Steel"},{"not_picked":["Quick Slash","Deflect"],"picked":"Backflip"},{"not_picked":["Underhanded Strike","Riddle With Holes"],"picked":"Prepared"},{"not_picked":["Escape Plan","Underhanded Strike"],"picked":"Cloak And Dagger"},{"not_picked":["Acrobatics","Reflex"],"picked":"Backflip"},{"not_picked":["Eviscerate","Dagger Throw"],"picked":"Escape Plan"},{"not_picked":["Poisoned Stab","Acrobatics"],"picked":"Blur"},{"not_picked":["Acrobatics","PiercingWail"],"picked":"Malaise"},{"not_picked":["Underhanded Strike","Predator"],"picked":"Escape Plan"},{"not_picked":["Deadly Poison","Quick Slash"],"picked":"Accuracy"}],"player_experience":203070,"potions_floor_usage":[16,50,50,50],"damage_taken":[{"damage":2,"enemies":"2 Louse","floor":1,"turns":3},{"damage":2,"enemies":"Jaw Worm","floor":2,"turns":5},{"damage":18,"enemies":"The Mushroom Lair","floor":7,"turns":5},{"damage":0,"enemies":"Small Slimes","floor":10,"turns":2},{"damage":0,"enemies":"Blue Slaver","floor":11,"turns":5},{"damage":3,"enemies":"2 Fungi Beasts","floor":14,"turns":3},{"damage":37,"enemies":"Hexaghost","floor":16,"turns":16},{"damage":7,"enemies":"Chosen","floor":18,"turns":6},{"damage":0,"enemies":"2 Thieves","floor":21,"turns":4},{"damage":21,"enemies":"Gremlin Leader","floor":24,"turns":8},{"damage":3,"enemies":"3 Cultists","floor":29,"turns":4},{"damage":0,"enemies":"Chosen and Byrds","floor":30,"turns":4},{"damage":0,"enemies":"Snake Plant","floor":31,"turns":6},{"damage":34,"enemies":"Collector","floor":33,"turns":12},{"damage":0,"enemies":"Orb Walker","floor":35,"turns":3},{"damage":0,"enemies":"3 Shapes","floor":38,"turns":4},{"damage":8,"enemies":"3 Darklings","floor":47,"turns":2},{"damage":20,"enemies":"Maw","floor":48,"turns":8},{"damage":39,"enemies":"Donu and Deca","floor":50,"turns":11}],"event_choices":[{"event_name":"Shining Light","player_choice":"Entered Light","floor":3,"damage_taken":0},{"event_name":"Golden Wing","player_choice":"Card Removal","floor":4,"damage_taken":0},{"event_name":"Living Wall","player_choice":"Forget","floor":5,"damage_taken":0},{"event_name":"Mushrooms","player_choice":"Fought Mushrooms","floor":7,"damage_taken":0},{"event_name":"N\u0027loth","player_choice":"Ignored","floor":19,"damage_taken":0},{"event_name":"Cursed Tome","player_choice":"Ignored","floor":22,"damage_taken":0},{"event_name":"The Woman in Blue","player_choice":"Bought 0 Potions","floor":36,"damage_taken":0},{"event_name":"Golden Shrine","player_choice":"Pray","floor":39,"damage_taken":0},{"event_name":"Mysterious Sphere","player_choice":"Ignore","floor":45,"damage_taken":0}],"boss_relics":[{"not_picked":["Eternal Feather","Orrery"],"picked":"Sozu"},{"not_picked":["Snecko Eye","Runic Dome"],"picked":"Astrolabe"}],"potions_floor_spawned":[7,10,14,16,21,24,31,35,47],"seed_played":"-1962553424790496571","ascension_level":10,"is_trial":false}