{"gold_per_floor":[114,16,91,21,38,73,73,99,126,126,146,164,164,10,10,85,85,75,95,95,95,95,126,126,138,210,210],"floor_reached":27,"playtime":1006,"items_purged":["Strike_R","Strike_R"],"score":449,"play_id":"198124ae-4d7d-41ab-b9b0-a5a8d81acf34","local_time":"20190323204314","is_ascension_mode":true,"campfire_choices":[{"data":"Flame Barrier","floor":7,"key":"SMITH"},{"data":"Limit Break","floor":10,"key":"SMITH"},{"data":"Shrug It Off","floor":13,"key":"SMITH"},{"data":"Armaments","floor":15,"key":"SMITH"},{"floor":24,"key":"REST"}],"neow_cost":"NONE","seed_source_timestamp":24455773618379456,"circlet_count":0,"master_deck":["AscendersBane","Strike_R","Strike_R","Strike_R","Defend_R","Defend_R","Defend_R","Defend_R","Bash","Disarm","Shrug It Off+1","Feed","Flame Barrier+1","Limit Break+1","Cleave","Clothesline","Armaments+1","Exhume","True Grit","Heavy Blade"],"relics":["Burning Blood","NeowsBlessing","Red Skull","Mummified Hand","Boot","Philosopher\u0027s Stone","MutagenicStrength","Regal Pillow","The Courier","Singing Bowl"],"potions_floor_usage":[],"damage_taken":[{"damage":0,"enemies":"2 Louse","floor":1,"turns":1},{"damage":0,"enemies":"Jaw Worm","floor":5,"turns":1},{"damage":0,"enemies":"Gremlin Nob","floor":6,"turns":1},{"damage":61,"enemies":"3 Sentries","floor":8,"turns":10},{"damage":0,"enemies":"Small Slimes","floor":11,"turns":3},{"damage":7,"enemies":"Red Slaver","floor":12,"turns":6},{"damage":15,"enemies":"Hexaghost","floor":16,"turns":10},{"damage":26,"enemies":"2 Thieves","floor":18,"turns":4},{"damage":3,"enemies":"Shell Parasite","floor":19,"turns":12},{"damage":34,"enemies":"Slavers","floor":23,"turns":6},{"damage":33,"enemies":"Snecko","floor":25,"turns":10},{"damage":47,"enemies":"Gremlin Leader","floor":27,"turns":4}],"seed_played":"9025966726122715595","potions_obtained":[{"floor":8,"key":"GamblersBrew"},{"floor":16,"key":"Explosive Potion"},{"floor":23,"key":"Poison Potion"}],"is_trial":false,"path_per_floor":["M","$","?","$","M","E","R","E","T","R","M","M","R","$","R","B",null,"M","M","?","?","$","E","R","M","T","E"],"character_chosen":"IRONCLAD","items_purchased":["Shrug It Off","Feed","Armaments"],"campfire_rested":1,"item_purchase_floors":[2,4,14],"current_hp_per_floor":[74,74,63,63,69,75,75,23,23,23,32,34,34,34,34,25,69,53,56,56,56,56,31,73,46,46,0],"gold":210,"neow_bonus":"THREE_ENEMY_KILL","is_prod":false,"is_daily":false,"chose_seed":false,"campfire_upgraded":4,"win_rate":0,"timestamp":1553370194,"path_taken":["M","$","?","?","?","E","R","E","T","R","M","M","R","$","R","BOSS","M","M","?","?","$","E","R","?","T","E"],"build_version":"2019-01-23","purchased_purges":2,"victory":false,"max_hp_per_floor":[75,75,75,75,75,75,75,78,78,78,81,84,84,84,84,84,84,88,88,88,88,88,91,91,91,91,91],"card_choices":[{"not_picked":["Flex","Headbutt"],"picked":"Disarm","floor":1},{"not_picked":["Headbutt","Warcry"],"picked":"Flame Barrier","floor":5},{"not_picked":["Twin Strike","Corruption"],"picked":"Limit Break","floor":6},{"not_picked":["Ghostly Armor","Pommel Strike"],"picked":"Cleave","floor":8},{"not_picked":["Flame Barrier","Body Slam"],"picked":"Clothesline","floor":11},{"not_picked":["Blood for Blood","Clothesline","Wild Strike"],"picked":"SKIP","floor":12},{"not_picked":["Dark Embrace","Offering"],"picked":"Exhume","floor":16},{"not_picked":["Combust","Infernal Blade+1"],"picked":"True Grit","floor":18},{"not_picked":["Blood for Blood","Reckless Charge"],"picked":"Heavy Blade","floor":19},{"not_picked":["Heavy Blade","Second Wind+1","Pommel Strike"],"picked":"SKIP","floor":23},{"not_picked":["Power Through","Clash","Evolve"],"picked":"SKIP","floor":25}],"player_experience":453577,"relics_obtained":[{"floor":6,"key":"Red Skull"},{"floor":8,"key":"Mummified Hand"},{"floor":9,"key":"Boot"},{"floor":23,"key":"The Courier"},{"floor":26,"key":"Singing Bowl"}],"event_choices":[{"damage_healed":0,"gold_gain":75,"player_choice":"Gather Gold","damage_taken":11,"max_hp_gain":0,"max_hp_loss":0,"event_name":"World of Goop","floor":3,"gold_loss":0},{"damage_healed":0,"gold_gain":0,"player_choice":"Inject Mutagens","damage_taken":0,"relics_obtained":["MutagenicStrength"],"max_hp_gain":0,"max_hp_loss":0,"event_name":"Drug Dealer","floor":20,"gold_loss":0},{"damage_healed":0,"gold_gain":0,"player_choice":"Gave Potion","damage_taken":0,"relics_obtained":["Regal Pillow"],"max_hp_gain":0,"max_hp_loss":0,"event_name":"WeMeetAgain","floor":21,"gold_loss":0}],"is_beta":false,"boss_relics":[{"not_picked":["Eternal Feather","Black Star"],"picked":"Philosopher\u0027s Stone"}],"items_purged_floors":[2,14],"is_endless":false,"potions_floor_spawned":[8,16,23],"killed_by":"Gremlin Leader","ascension_level":14}