{"gold_per_floor":[116,129,129,144,156,156,181,29,29,41,70,70,80,90,90,163,163,177,177,15,15,25,25,25],"floor_reached":24,"playtime":786,"items_purged":["Strike_G"],"score":416,"play_id":"90ecaedd-9bf6-4740-ab8f-54ddb20f9c66","local_time":"20190609122629","is_ascension_mode":true,"campfire_choices":[{"data":"Envenom","floor":6,"key":"SMITH"},{"data":"Neutralize","floor":12,"key":"SMITH"},{"data":"Bouncing Flask","floor":15,"key":"SMITH"},{"data":"Well Laid Plans","floor":23,"key":"SMITH"}],"neow_cost":"NONE","seed_source_timestamp":4702296203056,"circlet_count":0,"master_deck":["AscendersBane","Strike_G","Strike_G","Strike_G","Strike_G","Defend_G","Defend_G","Defend_G","Defend_G","Defend_G","Survivor","Neutralize+1","Bouncing Flask+1","Crippling Poison","Envenom+1","Backstab","Dodge and Roll","PiercingWail","Well Laid Plans+1","Dagger Spray","Malaise+1","Cloak And Dagger+1","Doppelganger+1","Ghostly+1","Ghostly+1","Ghostly+1","Prepared+1"],"relics":["Coffee Dripper","Matryoshka","Centennial Puzzle","Blue Candle","Toxic Egg 2","Eternal Feather","Strawberry"],"potions_floor_usage":[11,24],"damage_taken":[{"damage":2,"enemies":"Jaw Worm","floor":1,"turns":5},{"damage":1,"enemies":"Cultist","floor":2,"turns":4},{"damage":1,"enemies":"Small Slimes","floor":4,"turns":3},{"damage":0,"enemies":"Looter","floor":5,"turns":4},{"damage":27,"enemies":"Gremlin Nob","floor":7,"turns":4},{"damage":4,"enemies":"Blue Slaver","floor":10,"turns":3},{"damage":4,"enemies":"Lagavulin","floor":11,"turns":7},{"damage":2,"enemies":"Red Slaver","floor":13,"turns":3},{"damage":1,"enemies":"2 Fungi Beasts","floor":14,"turns":3},{"damage":2,"enemies":"Hexaghost","floor":16,"turns":9},{"damage":8,"enemies":"Spheric Guardian","floor":18,"turns":5},{"damage":11,"enemies":"Shell Parasite","floor":22,"turns":8},{"damage":40,"enemies":"Gremlin Leader","floor":24,"turns":3}],"seed_played":"4273750691009237858","potions_obtained":[{"floor":1,"key":"EssenceOfSteel"},{"floor":5,"key":"Fire Potion"},{"floor":7,"key":"AttackPotion"},{"floor":11,"key":"PowerPotion"},{"floor":14,"key":"SteroidPotion"}],"is_trial":false,"path_per_floor":["M","M","?","M","M","R","E","$","T","M","E","R","M","M","R","B",null,"M","?","$","?","M","R","E"],"character_chosen":"THE_SILENT","items_purchased":["Well Laid Plans","Strawberry"],"campfire_rested":0,"item_purchase_floors":[8,20],"current_hp_per_floor":[57,56,56,55,55,55,28,28,28,24,20,20,18,17,17,15,53,45,33,40,40,29,40,0],"gold":25,"neow_bonus":"BOSS_RELIC","is_prod":false,"is_daily":false,"chose_seed":false,"campfire_upgraded":4,"win_rate":0,"timestamp":1560108389,"path_taken":["M","M","?","?","M","R","E","$","T","M","E","R","M","M","R","BOSS","M","?","$","?","?","R","E"],"build_version":"2019-06-07","purchased_purges":1,"victory":false,"max_hp_per_floor":[66,66,66,66,66,66,66,66,66,66,66,66,66,66,66,66,66,66,33,40,40,40,40,40],"card_choices":[{"not_picked":["Concentrate","Flechettes"],"picked":"Bouncing Flask","floor":1},{"not_picked":["Cloak And Dagger","Infinite Blades"],"picked":"Crippling Poison","floor":2},{"not_picked":["Accuracy","Bane"],"picked":"Backstab","floor":4},{"not_picked":["Riddle With Holes","Choke"],"picked":"Dodge and Roll","floor":5},{"not_picked":["Deflect","Outmaneuver"],"picked":"PiercingWail","floor":7},{"not_picked":["Crippling Poison","Dodge and Roll"],"picked":"Dagger Spray","floor":10},{"not_picked":["Dagger Throw","Setup","Poisoned Stab"],"picked":"SKIP","floor":11},{"not_picked":["Eviscerate","Quick Slash"],"picked":"Malaise+1","floor":13},{"not_picked":["Underhanded Strike","Outmaneuver+1"],"picked":"Cloak And Dagger+1","floor":14},{"not_picked":["Envenom","A Thousand Cuts"],"picked":"Doppelganger+1","floor":16},{"not_picked":["All Out Attack","Poisoned Stab","Prepared+1"],"picked":"SKIP","floor":18},{"not_picked":["Blade Dance+1","Acrobatics+1","Tactician+1"],"picked":"SKIP","floor":22}],"player_experience":1312903,"relics_obtained":[{"floor":7,"key":"Matryoshka"},{"floor":9,"key":"Centennial Puzzle"},{"floor":9,"key":"Blue Candle"},{"floor":11,"key":"Toxic Egg 2"}],"event_choices":[{"damage_healed":0,"gold_gain":0,"player_choice":"1 cards matched","damage_taken":0,"max_hp_gain":0,"max_hp_loss":0,"event_name":"Match and Keep!","floor":3,"gold_loss":0,"cards_obtained":["Envenom"]},{"damage_healed":0,"gold_gain":0,"player_choice":"Became a Ghost","damage_taken":0,"max_hp_gain":0,"max_hp_loss":33,"event_name":"Ghosts","floor":19,"gold_loss":0,"cards_obtained":["Ghostly","Ghostly","Ghostly"]},{"damage_healed":0,"gold_gain":0,"player_choice":"1 cards matched","damage_taken":0,"max_hp_gain":0,"max_hp_loss":0,"event_name":"Match and Keep!","floor":21,"gold_loss":0,"cards_obtained":["Prepared"]}],"is_beta":true,"boss_relics":[{"not_picked":["Tiny House","Empty Cage"],"picked":"Eternal Feather"}],"items_purged_floors":[8],"is_endless":false,"potions_floor_spawned":[1,5,7,11,14],"killed_by":"Gremlin Leader","ascension_level":20}