{"gold_per_floor":[110,125,125,136,136,136,155,186,198,56,56,90,51,76,76,148,148,162,121,21,21,21,21,21],"floor_reached":24,"playtime":682,"items_purged":["Pain","Strike_G"],"score":424,"play_id":"f966c06b-88cd-4a73-a626-c7846c318f7a","local_time":"20190506122227","is_ascension_mode":true,"campfire_choices":[{"data":"Deadly Poison","floor":6.0,"key":"SMITH"},{"floor":11.0,"key":"REST"},{"floor":15.0,"key":"REST"},{"data":"Footwork","floor":23.0,"key":"SMITH"}],"neow_cost":"NONE","seed_source_timestamp":447242429721370,"circlet_count":0,"master_deck":["AscendersBane","Defend_G","Defend_G","Defend_G","Defend_G","Defend_G","Strike_G","Strike_G","Strike_G","Strike_G","Survivor","Neutralize","Deadly Poison+1","Poisoned Stab","Infinite Blades","Cloak And Dagger","Dagger Spray","Noxious Fumes","Caltrops","Footwork+1","Escape Plan","After Image","Backflip","Backflip"],"special_seed":0,"relics":["Cursed Key","WarpedTongs","MawBank","Anchor","Happy Flower","Eternal Feather"],"potions_floor_usage":[24],"damage_taken":[{"damage":2.0,"enemies":"Small Slimes","floor":1.0,"turns":5.0},{"damage":0.0,"enemies":"Cultist","floor":2.0,"turns":4.0},{"damage":1.0,"enemies":"2 Louse","floor":4.0,"turns":2.0},{"damage":31.0,"enemies":"Exordium Wildlife","floor":7.0,"turns":6.0},{"damage":27.0,"enemies":"Lagavulin","floor":8.0,"turns":7.0},{"damage":9.0,"enemies":"3 Sentries","floor":12.0,"turns":5.0},{"damage":27.0,"enemies":"Gremlin Nob","floor":14.0,"turns":4.0},{"damage":13.0,"enemies":"The Guardian","floor":16.0,"turns":9.0},{"damage":16.0,"enemies":"Shell Parasite","floor":18.0,"turns":5.0},{"damage":14.0,"enemies":"2 Thieves","floor":19.0,"turns":5.0},{"damage":26,"enemies":"Snecko","floor":24,"turns":5}],"seed_played":"2770435251500208296","potions_obtained":[{"floor":2.0,"key":"Regen Potion"},{"floor":7.0,"key":"EntropicBrew"},{"floor":18.0,"key":"Energy Potion"}],"is_trial":false,"path_per_floor":["M","M","?","M","?","R","M","E","T","$","R","E","$","E","R","B",null,"M","M","$","?","$","R","M"],"character_chosen":"THE_SILENT","items_purchased":["Noxious Fumes","Footwork"],"campfire_rested":2,"item_purchase_floors":[10,13],"current_hp_per_floor":[57,57,57,56,61,61,30,18,18,18,39,30,30,3,24,11,56,40,26,26,6,6,18,0],"gold":21,"neow_bonus":"BOSS_RELIC","is_prod":false,"is_daily":false,"chose_seed":false,"campfire_upgraded":2,"win_rate":0,"timestamp":1557170547,"path_taken":["M","M","?","?","?","R","M","E","T","?","R","E","$","E","R","BOSS","M","M","$","?","$","R","M"],"build_version":"2019-04-23","purchased_purges":2,"victory":false,"max_hp_per_floor":[66,66,66,66,71,71,71,71,71,71,71,71,71,71,71,71,71,71,71,71,76,76,76,76],"card_choices":[{"not_picked":["Deflect","Distraction"],"picked":"Deadly Poison","floor":1.0},{"not_picked":["All Out Attack","Choke"],"picked":"Poisoned Stab","floor":2.0},{"not_picked":["Eviscerate","Poisoned Stab"],"picked":"Infinite Blades","floor":4.0},{"not_picked":["Flying Knee","Acrobatics"],"picked":"Cloak And Dagger","floor":7.0},{"not_picked":["Catalyst","Acrobatics"],"picked":"Dagger Spray","floor":8.0},{"not_picked":["Slice","Setup"],"picked":"Caltrops","floor":12.0},{"not_picked":["Eviscerate","Accuracy"],"picked":"Escape Plan","floor":14.0},{"not_picked":["Bullet Time","Burst"],"picked":"After Image","floor":16.0},{"not_picked":["Blur","Dodge and Roll"],"picked":"Backflip","floor":18.0},{"not_picked":["Prepared","Skewer"],"picked":"Backflip","floor":19.0}],"player_experience":1225217,"relics_obtained":[{"floor":8.0,"key":"MawBank"},{"floor":12.0,"key":"Anchor"},{"floor":14.0,"key":"Happy Flower"}],"event_choices":[{"damage_healed":0.0,"max_hp_gain":0.0,"max_hp_loss":0.0,"gold_gain":0.0,"event_name":"Accursed Blacksmith","player_choice":"Rummage","floor":3.0,"gold_loss":0.0,"damage_taken":0.0,"relics_obtained":["WarpedTongs"],"cards_obtained":["Pain"]},{"damage_healed":0.0,"max_hp_gain":5.0,"max_hp_loss":0.0,"gold_gain":0.0,"event_name":"Big Fish","player_choice":"Donut","floor":5.0,"gold_loss":0.0,"damage_taken":0.0},{"damage_healed":0.0,"max_hp_gain":5.0,"max_hp_loss":0.0,"gold_gain":0.0,"event_name":"Forgotten Altar","player_choice":"Shed Blood","floor":21.0,"gold_loss":0.0,"damage_taken":25.0}],"is_beta":true,"boss_relics":[{"not_picked":["Lizard Tail","Sozu"],"picked":"Eternal Feather"}],"items_purged_floors":[10,20],"is_endless":false,"potions_floor_spawned":[2,7,18],"killed_by":"Snecko","ascension_level":20}