{"gold_per_floor":[112,112,37,60,60,60,17,27,103,118,118,135,135],"floor_reached":13,"playtime":329,"items_purged":["Strike_G"],"score":146,"play_id":"3957dd6a-7a43-4c94-a782-f2a40861420c","local_time":"20190507223225","is_ascension_mode":true,"campfire_choices":[{"data":"Neutralize","floor":6,"key":"SMITH"},{"data":"Dash","floor":11,"key":"SMITH"}],"neow_cost":"NONE","seed_source_timestamp":2251680930144110,"circlet_count":0,"master_deck":["AscendersBane","Defend_G","Defend_G","Defend_G","Defend_G","Defend_G","Strike_G","Strike_G","Strike_G","Survivor","Neutralize+1","Tactician","Dagger Throw","Wraith Form v2","Blade Dance","All Out Attack","Caltrops","Dash+1","Backflip"],"relics":["Ring of the Snake","FaceOfCleric","Blood Vial","Letter Opener"],"potions_floor_usage":[13],"damage_taken":[{"damage":1,"enemies":"Small Slimes","floor":1,"turns":4},{"damage":8,"enemies":"Cultist","floor":8,"turns":6},{"damage":3,"enemies":"2 Louse","floor":10,"turns":3},{"damage":9,"enemies":"Blue Slaver","floor":12,"turns":4},{"damage":50,"enemies":"Gremlin Nob","floor":13,"turns":4}],"seed_played":"568425715008869809","potions_obtained":[{"floor":12,"key":"Dexterity Potion"}],"is_trial":false,"path_per_floor":["M","?","$","T","?","R","$","M","T","M","R","M","E"],"character_chosen":"THE_SILENT","items_purchased":["All Out Attack"],"campfire_rested":0,"item_purchase_floors":[7],"current_hp_per_floor":[58,58,58,58,58,58,58,53,53,53,53,47,0],"gold":135,"neow_bonus":"TRANSFORM_CARD","is_prod":false,"is_daily":false,"chose_seed":false,"campfire_upgraded":2,"win_rate":0,"timestamp":1557261145,"path_taken":["M","?","$","?","?","R","$","M","T","M","R","M","E"],"build_version":"2019-01-23","purchased_purges":1,"victory":false,"max_hp_per_floor":[66,66,66,66,66,66,66,67,67,68,68,69,69],"card_choices":[{"not_picked":["Reflex","Concentrate"],"picked":"Dagger Throw","floor":1},{"not_picked":["Skewer","Crippling Poison"],"picked":"Caltrops","floor":8},{"not_picked":["Prepared","Acrobatics"],"picked":"Dash","floor":10},{"not_picked":["Quick Slash","Choke"],"picked":"Backflip","floor":12}],"player_experience":550872,"relics_obtained":[{"floor":4,"key":"Blood Vial"},{"floor":9,"key":"Letter Opener"}],"event_choices":[{"damage_healed":0,"gold_gain":0,"player_choice":"Trade","damage_taken":0,"relics_obtained":["FaceOfCleric"],"max_hp_gain":0,"max_hp_loss":0,"event_name":"FaceTrader","floor":2,"gold_loss":0},{"damage_healed":0,"gold_gain":0,"player_choice":"2 cards matched","damage_taken":0,"max_hp_gain":0,"max_hp_loss":0,"event_name":"Match and Keep!","floor":5,"gold_loss":0,"cards_obtained":["Wraith Form v2","Blade Dance"]}],"is_beta":false,"boss_relics":[],"items_purged_floors":[3],"is_endless":false,"potions_floor_spawned":[12],"killed_by":"Gremlin Nob","ascension_level":20}