{"gold_per_floor":[119,137,137,137,137,163,175,175,200,219,239,239,12,42,42,121,121,132,146,51,71,71,71],"floor_reached":23,"playtime":568,"items_purged":[],"score":452,"play_id":"bd8e816b-d6a3-41da-a530-6fd343ee6dfb","local_time":"20190520120103","is_ascension_mode":true,"campfire_choices":[{"data":"Neutralize","floor":8.0,"key":"SMITH"},{"data":"Backflip","floor":15.0,"key":"SMITH"}],"neow_cost":"NONE","seed_source_timestamp":306204510355869,"circlet_count":0,"master_deck":["AscendersBane","Defend_G","Defend_G","Defend_G+1","Defend_G","Defend_G","Strike_G","Strike_G+1","Survivor","Neutralize+1","Infinite Blades","Poisoned Stab","PiercingWail","Backflip+1","Backstab","Glass Knife","Unload+1","Finisher+1","Blade Dance+1","Cloak And Dagger","Flash of Steel"],"special_seed":0,"relics":["Ring of the Snake","NeowsBlessing","StoneCalendar","Tingsha","Ancient Tea Set","ClockworkSouvenir","Potion Belt","Astrolabe"],"potions_floor_usage":[23],"damage_taken":[{"damage":0.0,"enemies":"Cultist","floor":1.0,"turns":1.0},{"damage":0.0,"enemies":"Jaw Worm","floor":2.0,"turns":1.0},{"damage":0.0,"enemies":"3 Sentries","floor":6.0,"turns":1.0},{"damage":2.0,"enemies":"2 Louse","floor":7.0,"turns":3.0},{"damage":3.0,"enemies":"Blue Slaver","floor":10.0,"turns":5.0},{"damage":5.0,"enemies":"Looter","floor":11.0,"turns":4.0},{"damage":9.0,"enemies":"Lagavulin","floor":14.0,"turns":7.0},{"damage":9.0,"enemies":"The Guardian","floor":16.0,"turns":16.0},{"damage":10.0,"enemies":"Shell Parasite","floor":18.0,"turns":7.0},{"damage":11,"enemies":"2 Thieves","floor":19,"turns":3},{"damage":20,"enemies":"Sentry and Sphere","floor":21,"turns":6},{"damage":17,"enemies":"Slavers","floor":23,"turns":2}],"seed_played":"-3643865952125064394","potions_obtained":[{"floor":1.0,"key":"EssenceOfSteel"},{"floor":2.0,"key":"LiquidBronze"},{"floor":11.0,"key":"GhostInAJar"},{"floor":16.0,"key":"FearPotion"},{"floor":21,"key":"Weak Potion"}],"is_trial":false,"path_per_floor":["M","M","?","?","T","E","M","R","T","M","M","$","$","E","R","B",null,"M","M","$","M","?","E"],"character_chosen":"THE_SILENT","items_purchased":["ClockworkSouvenir","Flash of Steel"],"campfire_rested":0,"item_purchase_floors":[13,20],"current_hp_per_floor":[59,59,64,43,43,43,41,41,41,38,33,33,33,24,24,15,57,47,36,36,16,16,0],"gold":71,"neow_bonus":"THREE_ENEMY_KILL","is_prod":false,"is_daily":false,"chose_seed":false,"campfire_upgraded":2,"win_rate":0,"timestamp":1558378863,"path_taken":["M","?","?","?","?","E","M","R","T","M","M","?","$","E","R","BOSS","M","M","$","M","?","E"],"build_version":"2019-05-07","purchased_purges":0,"victory":false,"max_hp_per_floor":[66,66,71,71,71,71,71,71,71,71,71,71,71,71,71,71,71,71,71,71,71,71,71],"card_choices":[{"not_picked":["PiercingWail","Bouncing Flask"],"picked":"Infinite Blades","floor":1.0},{"not_picked":["Dodge and Roll","Deadly Poison"],"picked":"Poisoned Stab","floor":2.0},{"not_picked":["Riddle With Holes","Slice","Sucker Punch"],"picked":"SKIP","floor":6.0},{"not_picked":["Blade Dance","Eviscerate"],"picked":"PiercingWail","floor":7.0},{"not_picked":["Deflect","All Out Attack"],"picked":"Backflip","floor":10.0},{"not_picked":["Prepared","Flying Knee","Slice"],"picked":"SKIP","floor":11.0},{"not_picked":["PiercingWail","Dagger Throw"],"picked":"Backstab","floor":14.0},{"not_picked":["Bullet Time","Doppelganger"],"picked":"Glass Knife","floor":16.0},{"not_picked":["Outmaneuver+1","Deadly Poison"],"picked":"Cloak And Dagger","floor":18.0},{"not_picked":["Masterful Stab","Flying Knee","Heel Hook"],"picked":"SKIP","floor":19},{"not_picked":["Blade Dance","Prepared+1","Accuracy"],"picked":"SKIP","floor":21}],"player_experience":1269588,"relics_obtained":[{"floor":5.0,"key":"StoneCalendar"},{"floor":6.0,"key":"Tingsha"},{"floor":9.0,"key":"Ancient Tea Set"},{"floor":14.0,"key":"Potion Belt"}],"event_choices":[{"damage_healed":0.0,"max_hp_gain":5.0,"max_hp_loss":0.0,"gold_gain":0.0,"event_name":"Big Fish","player_choice":"Donut","floor":3.0,"gold_loss":0.0,"damage_taken":0.0},{"damage_healed":0.0,"max_hp_gain":0.0,"max_hp_loss":0.0,"gold_gain":0.0,"event_name":"Shining Light","player_choice":"Entered Light","floor":4.0,"gold_loss":0.0,"damage_taken":21.0,"cards_upgraded":["Strike_G","Defend_G"]},{"damage_healed":0,"gold_gain":0,"player_choice":"Ignored","damage_taken":0,"max_hp_gain":0,"max_hp_loss":0,"event_name":"Cursed Tome","floor":22,"gold_loss":0}],"is_beta":true,"boss_relics":[{"not_picked":["Ectoplasm","Runic Dome"],"picked":"Astrolabe"}],"items_purged_floors":[],"is_endless":false,"potions_floor_spawned":[1,2,11,16,21],"killed_by":"Slavers","ascension_level":20}