{"gold_per_floor":[116,128,139,119,44,44,78,78,78,78,92,127,140,40,40,113,113,132,132,56,56,66,66,66,93,93,93,109,53,53,85,85,162,162,173,173,20,0,11,43,53,53,122,122,140,173,173,63,63,63,63,63,63,23,53,53],"floor_reached":56,"playtime":2605,"items_purged":["Strike_G","Strike_G","Bite"],"score":1922,"play_id":"6992bfc4-3ebf-4452-9755-ba1d171dd5d6","local_time":"20190525220125","is_ascension_mode":true,"campfire_choices":[{"data":"Noxious Fumes","floor":6.0,"key":"SMITH"},{"floor":8.0,"key":"REST"},{"data":"Skewer","floor":10.0,"key":"SMITH"},{"data":"Dagger Spray","floor":15,"key":"SMITH"},{"data":"Neutralize","floor":23,"key":"SMITH"},{"data":"Well Laid Plans","floor":27,"key":"SMITH"},{"data":"Footwork","floor":32,"key":"SMITH"},{"floor":42,"key":"RECALL"},{"floor":44,"key":"REST"},{"floor":49,"key":"REST"},{"floor":53,"key":"REST"}],"neow_cost":"NONE","seed_source_timestamp":772228328050864,"circlet_count":0,"master_deck":["AscendersBane","Defend_G","Defend_G","Defend_G","Defend_G","Defend_G","Survivor+1","Neutralize+1","Dagger Spray+1","Dagger Throw","Noxious Fumes+1","Skewer+1","Backflip","Dodge and Roll+1","Malaise+1","Well Laid Plans+1","Bite","Bite","Bite","Footwork+1","PiercingWail+1","Dodge and Roll+1","Corpse Explosion+1","Backflip+1","Backflip+1","Backflip+1","Catalyst+1"],"special_seed":0,"relics":["Ring of the Snake","Art of War","Calipers","Turnip","Toxic Egg 2","Sozu","MutagenicStrength","Singing Bowl","Bottled Tornado","Blue Candle","Spirit Poop","Boot","Fusion Hammer","Red Mask","Sundial","Pen Nib","Potion Belt","Strawberry"],"potions_floor_usage":[16,16],"damage_taken":[{"damage":0.0,"enemies":"2 Louse","floor":1.0,"turns":3.0},{"damage":0.0,"enemies":"Cultist","floor":2.0,"turns":4.0},{"damage":1.0,"enemies":"Small Slimes","floor":3.0,"turns":3.0},{"damage":43.0,"enemies":"Gremlin Nob","floor":7.0,"turns":5.0},{"damage":0.0,"enemies":"3 Louse","floor":11.0,"turns":4.0},{"damage":2.0,"enemies":"Lagavulin","floor":12.0,"turns":5.0},{"damage":0,"enemies":"Blue Slaver","floor":13,"turns":7},{"damage":25,"enemies":"Hexaghost","floor":16,"turns":12},{"damage":0,"enemies":"Shell Parasite","floor":18,"turns":8},{"damage":6,"enemies":"Spheric Guardian","floor":22,"turns":5},{"damage":14,"enemies":"Book of Stabbing","floor":25,"turns":9},{"damage":8,"enemies":"Centurion and Healer","floor":28,"turns":9},{"damage":17,"enemies":"Gremlin Leader","floor":31,"turns":9},{"damage":36,"enemies":"Collector","floor":33,"turns":15},{"damage":0,"enemies":"3 Darklings","floor":35,"turns":2},{"damage":0,"enemies":"Orb Walker","floor":39,"turns":4},{"damage":5,"enemies":"Nemesis","floor":40,"turns":11},{"damage":7,"enemies":"Sphere and 2 Shapes","floor":41,"turns":6},{"damage":1,"enemies":"Jaw Worm Horde","floor":45,"turns":4},{"damage":7,"enemies":"Reptomancer","floor":46,"turns":8},{"damage":7,"enemies":"Awakened One","floor":50,"turns":24},{"damage":16,"enemies":"Donu and Deca","floor":51,"turns":8},{"damage":22,"enemies":"Shield and Spear","floor":55,"turns":9},{"damage":65,"enemies":"The Heart","floor":56,"turns":12}],"seed_played":"-3935830400972409142","potions_obtained":[{"floor":2.0,"key":"Swift Potion"},{"floor":4.0,"key":"SmokeBomb"},{"floor":7.0,"key":"FearPotion"},{"floor":13,"key":"Dexterity Potion"}],"is_trial":false,"path_per_floor":["M","M","M","?","$","R","E","R","T","R","M","E","M","$","R","B",null,"M","?","$","?","M","R","?","E","T","R","M","$","?","E","R","B",null,"M","?","$","?","M","E","M","R","T","R","M","E","T","?","R","B","B",null,"R","$","E","B"],"character_chosen":"THE_SILENT","items_purchased":["Well Laid Plans","PiercingWail+1","Backflip+1","Catalyst+1"],"campfire_rested":4,"item_purchase_floors":[20,29,37,54],"current_hp_per_floor":[59,59,58,58,58,58,15,34,34,34,34,32,32,32,32,7,51,51,51,51,51,47,47,47,49,49,49,49,49,49,42,42,39,47,51,51,51,51,51,53,53,53,53,53,55,56,56,56,57,57,49,55,57,57,52,0],"gold":53,"neow_bonus":"RANDOM_COMMON_RELIC","is_prod":false,"is_daily":false,"chose_seed":false,"campfire_upgraded":6,"win_rate":0,"timestamp":1558846885,"path_taken":["M","M","M","?","?","R","E","R","T","R","M","E","M","?","R","BOSS","M","?","$","?","M","R","?","E","T","R","M","?","?","E","R","BOSS","M","?","$","?","M","E","M","R","T","R","M","E","?","?","R","BOSS","BOSS","R","$","E","BOSS"],"build_version":"2019-05-24v2","purchased_purges":3,"victory":false,"max_hp_per_floor":[66,66,66,66,66,66,66,66,66,66,66,66,66,66,66,66,66,66,66,66,66,68,68,47,49,49,49,49,49,49,49,49,49,49,51,51,51,51,51,53,53,53,53,53,55,57,57,57,57,57,57,57,57,57,66,66],"card_choices":[{"not_picked":["Dagger Throw","Dodge and Roll"],"picked":"Dagger Spray","floor":1.0},{"not_picked":["Cloak And Dagger","Bullet Time"],"picked":"Dagger Throw","floor":2.0},{"not_picked":["Slice","Sucker Punch"],"picked":"Noxious Fumes","floor":3.0},{"not_picked":["Eviscerate","Slice"],"picked":"Skewer","floor":7.0},{"not_picked":["Slice","PiercingWail"],"picked":"Backflip","floor":11.0},{"not_picked":["Backflip","Prepared"],"picked":"Dodge and Roll","floor":12},{"not_picked":["Poisoned Stab","Accuracy","Skewer"],"picked":"SKIP","floor":13},{"not_picked":["Unload","Tools of the Trade"],"picked":"Malaise+1","floor":16},{"not_picked":["Accuracy","Acrobatics+1","Dagger Throw"],"picked":"SKIP","floor":18},{"not_picked":["Sucker Punch","Quick Slash","Dagger Spray+1"],"picked":"Singing Bowl","floor":22},{"not_picked":["Poisoned Stab","Accuracy","Riddle With Holes"],"picked":"Singing Bowl","floor":25},{"not_picked":["Backflip+1","Prepared+1"],"picked":"Footwork","floor":28},{"not_picked":["Endless Agony","Reflex+1"],"picked":"Dodge and Roll+1","floor":31},{"not_picked":["Night Terror+1","Die Die Die"],"picked":"Corpse Explosion+1","floor":33},{"not_picked":["Prepared+1","Escape Plan+1","Dodge and Roll+1"],"picked":"Singing Bowl","floor":35},{"not_picked":["Escape Plan+1","Deadly Poison+1"],"picked":"Backflip+1","floor":39},{"not_picked":["Dagger Throw+1","Choke","Endless Agony"],"picked":"Singing Bowl","floor":40},{"not_picked":["Bane","Expertise+1"],"picked":"Backflip+1","floor":41},{"not_picked":["Cloak And Dagger+1","Flechettes","Quick Slash"],"picked":"Singing Bowl","floor":45},{"not_picked":["Calculated Gamble+1","Prepared+1","Flying Knee"],"picked":"Singing Bowl","floor":46},{"not_picked":["Cloak And Dagger+1","Dagger Throw","Storm of Steel+1"],"picked":"Singing Bowl","floor":55}],"player_experience":1278824,"relics_obtained":[{"floor":7.0,"key":"Calipers"},{"floor":9.0,"key":"Turnip"},{"floor":12,"key":"Toxic Egg 2"},{"floor":25,"key":"Bottled Tornado"},{"floor":26,"key":"Blue Candle"},{"floor":31,"key":"Boot"},{"floor":40,"key":"Sundial"},{"floor":46,"key":"Pen Nib"},{"floor":47,"key":"Potion Belt"},{"floor":55,"key":"Strawberry"}],"event_choices":[{"damage_healed":0.0,"max_hp_gain":0.0,"max_hp_loss":0.0,"gold_gain":0.0,"event_name":"The Woman in Blue","player_choice":"Bought 1 Potion","floor":4.0,"gold_loss":0.0,"damage_taken":0.0},{"damage_healed":0,"gold_gain":0,"player_choice":"Inject Mutagens","damage_taken":0,"relics_obtained":["MutagenicStrength"],"max_hp_gain":0,"max_hp_loss":0,"event_name":"Drug Dealer","floor":19,"gold_loss":0},{"damage_healed":0,"gold_gain":0,"player_choice":"Stole Relic","damage_taken":0,"relics_obtained":["Singing Bowl"],"max_hp_gain":0,"max_hp_loss":0,"event_name":"Addict","floor":21,"gold_loss":0,"cards_obtained":["Shame"]},{"damage_healed":0,"gold_gain":0,"player_choice":"Became a vampire","damage_taken":0,"max_hp_gain":0,"max_hp_loss":21,"event_name":"Vampires","floor":24,"gold_loss":0,"cards_obtained":["Bite","Bite","Bite","Bite","Bite"]},{"cards_removed":["Shame"],"damage_healed":0,"gold_gain":0,"player_choice":"Offered Curse","damage_taken":0,"relics_obtained":["Spirit Poop"],"max_hp_gain":0,"max_hp_loss":0,"event_name":"Bonfire Elementals","floor":30,"gold_loss":0},{"damage_healed":0,"gold_gain":0,"player_choice":"Got Potions","damage_taken":0,"max_hp_gain":0,"max_hp_loss":0,"event_name":"Lab","floor":36,"gold_loss":0},{"damage_healed":0,"gold_gain":0,"player_choice":"Paid","damage_taken":0,"relics_obtained":["Red Mask"],"max_hp_gain":0,"max_hp_loss":0,"event_name":"Tomb of Lord Red Mask","floor":38,"gold_loss":20},{"cards_removed":["Bite"],"damage_healed":0,"gold_gain":0,"player_choice":"Upgrade and Remove","damage_taken":0,"max_hp_gain":0,"max_hp_loss":0,"event_name":"Designer","floor":48,"gold_loss":110,"cards_upgraded":["Survivor"]}],"is_beta":true,"boss_relics":[{"not_picked":["Lizard Tail","Empty Cage"],"picked":"Sozu"},{"not_picked":["WristBlade","Runic Pyramid"],"picked":"Fusion Hammer"}],"items_purged_floors":[5,14,37],"is_endless":false,"potions_floor_spawned":[2,7,13,22,33,35,39,46,55],"killed_by":"The Heart","ascension_level":20}