{"path_per_floor":["M","?","$","M","M","R","M","R","T","?","E","$","M","?","R","B",null,"M","?","?","?","?","R","E","M","T"],"character_chosen":"IRONCLAD","items_purchased":[],"gold_per_floor":[109,109,34,49,70,70,89,89,89,89,132,32,47,47,47,176,176,200,200,200,290,205,205,240,254,310],"floor_reached":27,"campfire_rested":2,"playtime":1679,"current_hp_per_floor":[72,52,52,51,50,50,56,56,56,56,49,49,43,27,51,15,80,66,66,66,50,50,74,41,22,22],"items_purged":["Strike_R","Strike_R"],"gold":310,"score":252,"play_id":"6f8a8320-db6d-419d-8b77-d0690f965162","is_prod":false,"is_daily":false,"is_ascension_mode":true,"campfire_upgraded":2,"path_taken":["M","?","$","M","?","R","M","R","T","?","E","$","M","?","R","BOSS","M","?","?","?","?","R","E","M","T","M"],"build_version":"2018-02-12-PROD1","purchased_purges":2,"victory":false,"master_deck":["Strike_R+1","Defend_R","Defend_R","Defend_R","Defend_R","Bash","Inflame+1","Whirlwind+1","Spot Weakness","Metallicize","Rampage","Thunderclap","Offering","Body Slam+1"],"max_hp_per_floor":[80,80,80,80,80,80,80,80,80,80,80,80,80,80,80,80,80,80,80,80,80,80,80,80,80,80],"relics":["Burning Blood","Omamori","Golden Idol","Kunai","Lantern","Velvet Choker","Bronze Scales","Charon\u0027s Ashes","Tiny Chest"],"card_choices":[{"not_picked":["Headbutt","Cleave"],"picked":"Inflame"},{"not_picked":["Perfected Strike","Intimidate"],"picked":"Whirlwind"},{"not_picked":["Berserk","True Grit"],"picked":"Spot Weakness"},{"not_picked":["Burning Pact","Thunderclap"],"picked":"Metallicize"},{"not_picked":["Spot Weakness","Combust"],"picked":"Rampage"},{"not_picked":["Clothesline","Clash"],"picked":"Thunderclap"},{"not_picked":["Dual Wield","Feel No Pain"],"picked":"Offering"},{"not_picked":["Clash","Anger"],"picked":"Body Slam"}],"player_experience":80921,"potions_floor_usage":[11,16,27,27],"damage_taken":[{"damage":14,"enemies":"Blue Slaver","floor":1,"turns":7},{"damage":7,"enemies":"Jaw Worm","floor":4,"turns":5},{"damage":7,"enemies":"2 Louse","floor":5,"turns":3},{"damage":0,"enemies":"Lots of Slimes","floor":7,"turns":1},{"damage":13,"enemies":"Gremlin Nob","floor":11,"turns":3},{"damage":12,"enemies":"Exordium Wildlife","floor":13,"turns":2},{"damage":42,"enemies":"The Guardian","floor":16,"turns":12},{"damage":20,"enemies":"Spheric Guardian","floor":18,"turns":4},{"damage":39,"enemies":"Slavers","floor":24,"turns":4},{"damage":25,"enemies":"Chosen","floor":25,"turns":5},{"damage":26,"enemies":"Centurion and Healer","floor":27,"turns":3}],"event_choices":[{"event_name":"Golden Idol","player_choice":"Take Damage","floor":2,"damage_taken":0},{"event_name":"Liars Game","player_choice":"disagreed","floor":10,"damage_taken":0},{"event_name":"Shining Light","player_choice":"Entered Light","floor":14,"damage_taken":0},{"event_name":"Bonfire Elementals","player_choice":"BASIC","floor":19,"damage_taken":0},{"event_name":"Wheel of Change","player_choice":"Card Removal","floor":20,"damage_taken":0},{"event_name":"Knowing Skull","player_choice":"GOLD ","floor":21,"damage_taken":0},{"event_name":"Addict","player_choice":"Obtained Relic","floor":22,"damage_taken":0}],"boss_relics":[{"not_picked":["Ectoplasm","White Beast Statue"],"picked":"Velvet Choker"}],"potions_floor_spawned":[5,11,13,24],"seed_played":"314130489137463049","killed_by":"Centurion and Healer","ascension_level":2,"is_trial":false}