{"gold_per_floor":[114,133,83,83,96,96,110,124,124,124,49,60,60,78,78,152,152,162,162,172,172,183,215,215,545,572,572,588,588,602,618,618,618],"floor_reached":33,"playtime":2437,"items_purged":["Strike_B"],"score":489,"play_id":"8669c56f-d2c3-483d-881f-02ff138be942","local_time":"20190310221353","is_ascension_mode":true,"campfire_choices":[{"data":"Zap","floor":6,"key":"SMITH"},{"data":"Glacier","floor":10,"key":"SMITH"},{"data":"Dualcast","floor":13,"key":"SMITH"},{"data":"Ball Lightning","floor":15,"key":"SMITH"},{"floor":24,"key":"REST"},{"floor":27,"key":"REST"},{"data":"Blizzard","floor":29,"key":"SMITH"},{"floor":32,"key":"REST"}],"neow_cost":"NONE","seed_source_timestamp":23336490755762172,"circlet_count":0,"master_deck":["AscendersBane","Defend_B","Defend_B","Defend_B","Defend_B","Zap+1","Dualcast+1","Ball Lightning+1","Coolheaded","Undo+1","Cold Snap","Glacier+1","FTL","Machine Learning","Rainbow","Ball Lightning","Sweeping Beam","Go for the Eyes","Loop","Chill","Blizzard+1","Capacitor","Self Repair+1"],"relics":["Cracked Core","Blue Candle","Black Star","Pear","Cables","Omamori","Old Coin","Oddly Smooth Stone"],"potions_floor_usage":[16,23,30,33],"damage_taken":[{"damage":12,"enemies":"Jaw Worm","floor":1,"turns":3},{"damage":3,"enemies":"Small Slimes","floor":2,"turns":2},{"damage":0,"enemies":"Cultist","floor":5,"turns":3},{"damage":15,"enemies":"3 Louse","floor":7,"turns":3},{"damage":0,"enemies":"Red Slaver","floor":8,"turns":3},{"damage":0,"enemies":"Large Slime","floor":12,"turns":6},{"damage":0,"enemies":"3 Louse","floor":14,"turns":4},{"damage":10,"enemies":"The Guardian","floor":16,"turns":12},{"damage":20,"enemies":"3 Byrds","floor":18,"turns":4},{"damage":5,"enemies":"Spheric Guardian","floor":20,"turns":4},{"damage":10,"enemies":"Cultist and Chosen","floor":22,"turns":8},{"damage":24,"enemies":"Slavers","floor":23,"turns":7},{"damage":40,"enemies":"Gremlin Leader","floor":25,"turns":8},{"damage":6,"enemies":"Centurion and Healer","floor":28,"turns":10},{"damage":20,"enemies":"Shelled Parasite and Fungi","floor":30,"turns":8},{"damage":8,"enemies":"Cultist and Chosen","floor":31,"turns":7},{"damage":36,"enemies":"Champ","floor":33,"turns":12}],"seed_played":"6317302984613901322","potions_obtained":[{"floor":1,"key":"FearPotion"},{"floor":7,"key":"EssenceOfSteel"},{"floor":12,"key":"EssenceOfSteel"},{"floor":18,"key":"SkillPotion"},{"floor":30,"key":"Fruit Juice"}],"is_trial":false,"path_per_floor":["M","M","?","?","M","R","M","M","T","R","$","M","R","M","R","B",null,"M","?","M","?","M","E","R","E","T","R","M","R","M","M","R","B"],"character_chosen":"DEFECT","items_purchased":[],"campfire_rested":3,"item_purchase_floors":[],"current_hp_per_floor":[63,60,60,53,53,53,38,38,38,38,38,38,38,38,38,28,69,49,49,44,44,34,20,47,7,7,34,28,28,13,5,34,0],"gold":618,"neow_bonus":"TEN_PERCENT_HP_BONUS","is_prod":false,"is_daily":false,"chose_seed":false,"campfire_upgraded":5,"win_rate":0,"timestamp":1552252433,"path_taken":["M","M","?","?","M","R","M","M","T","R","$","M","R","M","R","BOSS","M","?","?","?","M","E","R","E","T","R","?","R","M","M","R","BOSS"],"build_version":"2019-01-23","purchased_purges":1,"victory":false,"max_hp_per_floor":[82,82,82,82,82,82,82,82,82,82,82,82,82,82,82,82,82,82,82,82,82,82,92,92,92,92,92,92,92,97,97,97,97],"card_choices":[{"not_picked":["Gash","Conserve Battery"],"picked":"Ball Lightning","floor":1},{"not_picked":["Barrage","Sweeping Beam"],"picked":"Coolheaded","floor":2},{"not_picked":["Storm","Rip and Tear"],"picked":"Undo","floor":5},{"not_picked":["Hologram","Leap"],"picked":"Cold Snap","floor":7},{"not_picked":["Compile Driver","Leap"],"picked":"Glacier","floor":8},{"not_picked":["Beam Cell","Gash"],"picked":"FTL","floor":12},{"not_picked":["Ball Lightning","Barrage"],"picked":"Machine Learning","floor":14},{"not_picked":["Meteor Strike","Amplify"],"picked":"Rainbow","floor":16},{"not_picked":["Turbo","Steam"],"picked":"Ball Lightning","floor":18},{"not_picked":["Compile Driver","Cold Snap"],"picked":"Sweeping Beam","floor":20},{"not_picked":["Turbo","Rebound+1"],"picked":"Go for the Eyes","floor":22},{"not_picked":["Reboot","Fission"],"picked":"Loop","floor":23},{"not_picked":["Beam Cell","Streamline"],"picked":"Chill","floor":25},{"not_picked":["Barrage","Doom and Gloom"],"picked":"Blizzard","floor":28},{"not_picked":["FTL","Stack"],"picked":"Capacitor","floor":30},{"not_picked":["Compile Driver","Coolheaded"],"picked":"Self Repair+1","floor":31}],"player_experience":403650,"relics_obtained":[{"floor":9,"key":"Blue Candle"},{"floor":23,"key":"Pear"},{"floor":23,"key":"Cables"},{"floor":25,"key":"Omamori"},{"floor":25,"key":"Old Coin"},{"floor":26,"key":"Oddly Smooth Stone"}],"event_choices":[{"cards_removed":["Strike_B"],"damage_healed":0,"gold_gain":0,"player_choice":"Card Removal","damage_taken":0,"max_hp_gain":0,"max_hp_loss":0,"event_name":"The Cleric","floor":3,"gold_loss":50},{"cards_removed":["Strike_B"],"damage_healed":0,"gold_gain":0,"player_choice":"Card Removal","damage_taken":7,"max_hp_gain":0,"max_hp_loss":0,"event_name":"Golden Wing","floor":4,"gold_loss":0},{"cards_removed":["Strike_B"],"damage_healed":0,"gold_gain":0,"player_choice":"Offered Basic","damage_taken":0,"max_hp_gain":0,"max_hp_loss":0,"event_name":"Bonfire Elementals","floor":19,"gold_loss":0},{"damage_healed":0,"gold_gain":0,"player_choice":"Forge","damage_taken":0,"max_hp_gain":0,"max_hp_loss":0,"event_name":"Accursed Blacksmith","floor":21,"gold_loss":0,"cards_upgraded":["Undo"]}],"is_beta":false,"boss_relics":[{"not_picked":["Snecko Eye","Runic Dome"],"picked":"Black Star"}],"items_purged_floors":[11],"is_endless":false,"potions_floor_spawned":[1,7,8,12,14,18,30],"killed_by":"Champ","ascension_level":13}