{"gold_per_floor":[364,376,392,392,392,392,420,420,445,477,477,477],"floor_reached":12,"playtime":336,"items_purged":[],"score":168,"play_id":"b5d25e72-6341-453e-bba8-1a3c63ce1426","local_time":"20190428233418","is_ascension_mode":true,"campfire_choices":[{"floor":6,"key":"REST"},{"floor":8,"key":"REST"}],"neow_cost":"PERCENT_DAMAGE","seed_source_timestamp":1477741894493796,"circlet_count":0,"master_deck":["AscendersBane","Strike_B","Strike_B","Strike_B","Strike_B","Defend_B","Defend_B","Defend_B","Defend_B","Zap+1","Dualcast","Go for the Eyes","Coolheaded","Defragment","Undo"],"relics":["Cracked Core","PreservedInsect","Bottled Flame","Orichalcum","Blood Vial"],"potions_floor_usage":[],"damage_taken":[{"damage":1,"enemies":"Cultist","floor":1,"turns":4},{"damage":4,"enemies":"Small Slimes","floor":2,"turns":4},{"damage":6,"enemies":"2 Louse","floor":3,"turns":3},{"damage":31,"enemies":"Gremlin Nob","floor":7,"turns":4},{"damage":9,"enemies":"3 Sentries","floor":10,"turns":11},{"damage":21,"enemies":"Exordium Thugs","floor":12,"turns":3}],"seed_played":"-7750653172300953713","potions_obtained":[{"floor":1,"key":"SneckoOil"},{"floor":10,"key":"SteroidPotion"}],"is_trial":false,"path_per_floor":["M","M","M","?","?","R","E","R","T","E","?","M"],"character_chosen":"DEFECT","items_purchased":[],"campfire_rested":2,"item_purchase_floors":[],"current_hp_per_floor":[45,41,35,58,13,34,3,24,24,15,15,0],"gold":477,"neow_bonus":"TWO_FIFTY_GOLD","is_prod":false,"is_daily":false,"chose_seed":false,"campfire_upgraded":0,"win_rate":0,"timestamp":1556487258,"path_taken":["M","M","?","?","?","R","E","R","T","E","?","?"],"build_version":"2019-01-23","purchased_purges":0,"victory":false,"max_hp_per_floor":[71,71,71,71,71,71,71,71,71,71,71,71],"card_choices":[{"not_picked":["Hello World","Consume"],"picked":"Go for the Eyes","floor":1},{"not_picked":["Barrage","Heatsinks"],"picked":"Coolheaded","floor":2},{"not_picked":["Gash","Streamline"],"picked":"Defragment","floor":3},{"not_picked":["Rebound","Rainbow"],"picked":"Undo","floor":7},{"not_picked":["Hologram","Beam Cell","Consume"],"picked":"SKIP","floor":10}],"player_experience":527369,"relics_obtained":[{"floor":7,"key":"Bottled Flame"},{"floor":9,"key":"Orichalcum"},{"floor":10,"key":"Blood Vial"}],"event_choices":[{"damage_healed":23,"gold_gain":0,"player_choice":"Banana","damage_taken":0,"max_hp_gain":0,"max_hp_loss":0,"event_name":"Big Fish","floor":4,"gold_loss":0},{"damage_healed":0,"gold_gain":0,"player_choice":"Success","damage_taken":45,"relics_obtained":["PreservedInsect"],"max_hp_gain":0,"max_hp_loss":0,"event_name":"Scrap Ooze","floor":5,"gold_loss":0},{"damage_healed":0,"gold_gain":0,"player_choice":"Forge","damage_taken":0,"max_hp_gain":0,"max_hp_loss":0,"event_name":"Accursed Blacksmith","floor":11,"gold_loss":0,"cards_upgraded":["Zap"]}],"is_beta":false,"boss_relics":[],"items_purged_floors":[],"is_endless":false,"potions_floor_spawned":[1,10],"killed_by":"Exordium Thugs","ascension_level":19}