{"gold_per_floor":[15,32,32,107,107,107,107,24,49,49,68,18,318,333,333,411,411,424,424,142,5,5,5,20,20],"floor_reached":25,"playtime":711,"items_purged":["Strike_G","Strike_G","Strike_G"],"score":365,"play_id":"f82a5dce-debf-4666-a9d0-94a6554d3424","local_time":"20190421185417","is_ascension_mode":true,"campfire_choices":[{"floor":7,"key":"REST"},{"data":"Neutralize","floor":15,"key":"SMITH"},{"data":"Footwork","floor":23,"key":"SMITH"}],"neow_cost":"NO_GOLD","seed_source_timestamp":855735645570535,"circlet_count":0,"master_deck":["AscendersBane","Defend_G","Defend_G","Defend_G+1","Defend_G","Defend_G","Strike_G+1","Survivor","Neutralize+1","Venomology","Cloak And Dagger","Masterful Stab","Noxious Fumes","Sucker Punch","Terror","Die Die Die","Blur","Noxious Fumes","Die Die Die","Footwork+1","PiercingWail"],"relics":["Ring of the Snake","Smiling Mask","Old Coin","Eternal Feather","NlothsMask"],"potions_floor_usage":[1,14,14,16,16,25],"damage_taken":[{"damage":4,"enemies":"Jaw Worm","floor":1,"turns":4},{"damage":11,"enemies":"Small Slimes","floor":2,"turns":5},{"damage":0,"enemies":"2 Louse","floor":11,"turns":3},{"damage":0,"enemies":"2 Fungi Beasts","floor":14,"turns":2},{"damage":6,"enemies":"The Guardian","floor":16,"turns":15},{"damage":15,"enemies":"Chosen","floor":18,"turns":7},{"damage":18,"enemies":"Spheric Guardian","floor":24,"turns":7},{"damage":39,"enemies":"Slavers","floor":25,"turns":3}],"seed_played":"-7995193722101639799","potions_obtained":[{"floor":11,"key":"Fire Potion"}],"is_trial":false,"path_per_floor":["M","M","?","?","?","?","R","$","T","?","M","$","T","M","R","B",null,"M","?","$","$","?","R","M","E"],"character_chosen":"THE_SILENT","items_purchased":["Noxious Fumes","Noxious Fumes","Die Die Die","Footwork"],"campfire_rested":1,"item_purchase_floors":[8,20,20,21],"current_hp_per_floor":[55,44,24,13,13,6,25,25,25,25,25,25,25,25,25,19,54,39,39,39,39,39,51,33,0],"gold":20,"neow_bonus":"THREE_RARE_CARDS","is_prod":false,"is_daily":false,"chose_seed":false,"campfire_upgraded":2,"win_rate":0,"timestamp":1555865657,"path_taken":["M","M","?","?","?","?","R","?","T","?","?","$","?","M","R","BOSS","M","?","?","$","?","R","M","E"],"build_version":"2019-01-23","purchased_purges":3,"victory":false,"max_hp_per_floor":[66,66,66,66,66,66,66,66,66,66,66,66,66,66,66,66,66,66,66,66,66,66,66,66,66],"card_choices":[{"not_picked":["Phantasmal Killer","Wraith Form v2"],"picked":"Venomology","floor":0},{"not_picked":["Dagger Spray","Flechettes"],"picked":"Cloak And Dagger","floor":1},{"not_picked":["Heel Hook","Underhanded Strike"],"picked":"Masterful Stab","floor":2},{"not_picked":["Bouncing Flask","Flying Knee"],"picked":"Sucker Punch","floor":11},{"not_picked":["Finisher","Expertise"],"picked":"Terror","floor":14},{"not_picked":["Bullet Time","Storm of Steel"],"picked":"Die Die Die","floor":16},{"not_picked":["Outmaneuver","Poisoned Stab"],"picked":"Blur","floor":18},{"not_picked":["Distraction","Bouncing Flask"],"picked":"PiercingWail","floor":24}],"player_experience":508062,"relics_obtained":[{"floor":9,"key":"Smiling Mask"},{"floor":13,"key":"Old Coin"}],"event_choices":[{"damage_healed":0,"gold_gain":0,"player_choice":"Entered Light","damage_taken":20,"max_hp_gain":0,"max_hp_loss":0,"event_name":"Shining Light","floor":3,"gold_loss":0,"cards_upgraded":["Defend_G","Strike_G"]},{"damage_healed":0,"gold_gain":75,"player_choice":"Gather Gold","damage_taken":11,"max_hp_gain":0,"max_hp_loss":0,"event_name":"World of Goop","floor":4,"gold_loss":0},{"damage_healed":0,"gold_gain":0,"player_choice":"Ignored","damage_taken":0,"max_hp_gain":0,"max_hp_loss":0,"event_name":"Liars Game","floor":5,"gold_loss":0},{"cards_removed":["Strike_G"],"damage_healed":0,"gold_gain":0,"player_choice":"Card Removal","damage_taken":7,"max_hp_gain":0,"max_hp_loss":0,"event_name":"Golden Wing","floor":6,"gold_loss":0},{"damage_healed":0,"gold_gain":0,"player_choice":"Fled","damage_taken":0,"max_hp_gain":0,"max_hp_loss":0,"event_name":"Scrap Ooze","floor":10,"gold_loss":0},{"damage_healed":0,"gold_gain":0,"player_choice":"Trade","damage_taken":0,"relics_obtained":["NlothsMask"],"max_hp_gain":0,"max_hp_loss":0,"event_name":"FaceTrader","floor":19,"gold_loss":0},{"damage_healed":0,"gold_gain":0,"player_choice":"Ignored","damage_taken":0,"max_hp_gain":0,"max_hp_loss":0,"event_name":"Beggar","floor":22,"gold_loss":0}],"is_beta":false,"boss_relics":[{"not_picked":["White Beast Statue","HoveringKite"],"picked":"Eternal Feather"}],"items_purged_floors":[12,20,21],"is_endless":false,"potions_floor_spawned":[11],"killed_by":"Slavers","ascension_level":19}