{"path_per_floor":["M","M","M","M","M","R","M","?","T","E","M","R","$","?","R","B",null,"M","$","?","$","M","R","M","R","T","M","M","R","?","M","R","B",null,"M","?","?","?","M","R","M","R","T","M","M","M","?","M","R","B"],"character_chosen":"IRONCLAD","items_purchased":["Kunai","Anchor"],"gold_per_floor":[369,380,390,401,411,411,430,380,431,457,472,472,151,151,151,247,247,266,12,12,12,23,23,42,42,42,61,80,80,80,98,98,202,202,213,213,0,0,18,18,33,33,81,94,105,123,103,116,116,116],"floor_reached":51,"campfire_rested":3,"playtime":4177,"current_hp_per_floor":[72,72,72,72,72,72,64,64,64,66,55,55,55,55,55,40,69,74,74,58,58,52,52,53,53,53,50,35,35,35,39,63,22,67,58,48,48,48,52,52,33,57,57,61,82,39,39,28,52,59],"items_purged":["Strike_R","Strike_R"],"gold":116,"score":648,"play_id":"ede0818a-07b5-4208-86f0-f51476421d53","is_prod":false,"is_daily":false,"is_ascension_mode":true,"campfire_upgraded":7,"path_taken":["M","M","M","M","M","R","M","?","T","E","?","R","$","?","R","BOSS","M","$","?","?","M","R","M","R","T","M","M","R","?","M","R","BOSS","M","?","?","?","?","R","M","R","T","M","M","M","?","M","R","BOSS"],"build_version":"2018-02-15-PROD1","purchased_purges":2,"victory":true,"master_deck":["Strike_R","Strike_R","Defend_R","Defend_R","Defend_R","Defend_R","Bash","Headbutt","Iron Wave+1","Metallicize+1","Shrug It Off+1","Body Slam+1","Inflame+1","Demon Form+1","Disarm+1","Fire Breathing+1","Heavy Blade+1","Ghostly Armor","Armaments+1","Shrug It Off+1","Madness","Madness"],"max_hp_per_floor":[72,72,72,72,72,72,72,72,72,79,79,79,79,79,79,79,79,79,79,79,79,79,79,82,82,82,82,82,82,82,82,82,82,82,82,82,82,82,82,82,82,82,82,82,82,82,82,82,82,82],"relics":["Burning Blood","Blood Vial","Strawberry","Kunai","Velvet Choker","Anchor","Nilry\u0027s Codex","Magic Flower","Runic Cube","Red Mask","Orichalcum"],"card_choices":[{"not_picked":["Dropkick","Hemokinesis"],"picked":"Headbutt"},{"not_picked":["True Grit","Double Tap"],"picked":"Iron Wave"},{"not_picked":["Entrench","Uppercut"],"picked":"Metallicize"},{"not_picked":["Clothesline","Headbutt"],"picked":"Shrug It Off"},{"not_picked":["Warcry","Iron Wave"],"picked":"Body Slam"},{"not_picked":["Uppercut","Metallicize"],"picked":"Inflame"},{"not_picked":["Immolate","Dark Embrace"],"picked":"Demon Form"},{"not_picked":["Headbutt","Pommel Strike"],"picked":"Disarm"},{"not_picked":["Searing Blow","True Grit"],"picked":"Fire Breathing"},{"not_picked":["Perfected Strike","Twin Strike"],"picked":"Heavy Blade"},{"not_picked":["Sentinel","Twin Strike"],"picked":"Ghostly Armor"},{"not_picked":["Hemokinesis","Dual Wield"],"picked":"Armaments"},{"not_picked":["Intimidate","Thunderclap"],"picked":"Shrug It Off"}],"player_experience":135124,"potions_floor_usage":[31,33,50,50,50],"damage_taken":[{"damage":1.0,"enemies":"2 Louse","floor":1.0,"turns":3.0},{"damage":0.0,"enemies":"Small Slimes","floor":2.0,"turns":3.0},{"damage":6.0,"enemies":"Cultist","floor":3.0,"turns":3.0},{"damage":0.0,"enemies":"Exordium Wildlife","floor":4.0,"turns":3.0},{"damage":2.0,"enemies":"3 Louse","floor":5.0,"turns":4.0},{"damage":14.0,"enemies":"Large Slime","floor":7.0,"turns":6.0},{"damage":13.0,"enemies":"Gremlin Nob","floor":10.0,"turns":4.0},{"damage":19.0,"enemies":"Exordium Wildlife","floor":11.0,"turns":5.0},{"damage":23.0,"enemies":"Slime Boss","floor":16.0,"turns":9.0},{"damage":3.0,"enemies":"Shell Parasite","floor":18.0,"turns":6.0},{"damage":14.0,"enemies":"Spheric Guardian","floor":22.0,"turns":5.0},{"damage":10.0,"enemies":"Snake Plant","floor":24.0,"turns":4.0},{"damage":15,"enemies":"Centurion and Healer","floor":27,"turns":6},{"damage":27,"enemies":"Sentry and Sphere","floor":28,"turns":6},{"damage":8,"enemies":"Snecko","floor":31,"turns":4},{"damage":96,"enemies":"Automaton","floor":33,"turns":11},{"damage":21,"enemies":"Orb Walker","floor":35,"turns":4},{"damage":8,"enemies":"3 Shapes","floor":39,"turns":7},{"damage":31,"enemies":"Maw","floor":41,"turns":6},{"damage":41,"enemies":"4 Shapes","floor":44,"turns":8},{"damage":7,"enemies":"3 Darklings","floor":45,"turns":8},{"damage":52,"enemies":"Maw","floor":46,"turns":9},{"damage":23,"enemies":"4 Shapes","floor":48,"turns":7},{"damage":5,"enemies":"Time Eater","floor":50,"turns":11}],"event_choices":[{"event_name":"The Cleric","player_choice":"Card Removal","floor":8.0,"damage_taken":0.0},{"event_name":"Golden Idol","player_choice":"Ignored","floor":14.0,"damage_taken":0.0},{"event_name":"Cursed Tome","player_choice":"Obtained Book","floor":20.0,"damage_taken":0.0},{"event_name":"Drug Dealer","player_choice":"Ignored","floor":30,"damage_taken":0},{"event_name":"Winding Halls","player_choice":"Embrace Madness","floor":36,"damage_taken":0},{"event_name":"Tomb of Lord Red Mask","player_choice":"Paid","floor":37,"damage_taken":0},{"event_name":"Mysterious Sphere","player_choice":"Ignore","floor":38,"damage_taken":0},{"event_name":"The Woman in Blue","player_choice":"Bought 1 Potion","floor":47,"damage_taken":0}],"boss_relics":[{"not_picked":["Runic Dome","Calling Bell"],"picked":"Runic Cube"}],"potions_floor_spawned":[2,5,7,11,18,22,31,46,48],"seed_played":"452700757105234123","ascension_level":7,"is_trial":false}