{"gold_per_floor":[117,133,58,77,90,122,122,150,176,176],"floor_reached":10,"playtime":400,"items_purged":["Strike_G"],"score":140,"play_id":"1b1e5dbd-696a-4f25-b081-32e3e9fdc376","local_time":"20190407140626","is_ascension_mode":true,"campfire_choices":[{"data":"Neutralize","floor":7,"key":"SMITH"}],"neow_cost":"NONE","seed_source_timestamp":6160370232537,"circlet_count":0,"master_deck":["AscendersBane","Defend_G","Defend_G","Defend_G","Defend_G","Defend_G","Strike_G","Strike_G","Strike_G","Strike_G","Survivor","Neutralize+1","Flying Knee","Well Laid Plans","Footwork","Dash","Noxious Fumes"],"relics":["Ring of the Snake","NeowsBlessing","Lantern","Pen Nib","Potion Belt"],"potions_floor_usage":[8],"damage_taken":[{"damage":0,"enemies":"Cultist","floor":1,"turns":1},{"damage":0,"enemies":"Jaw Worm","floor":2,"turns":1},{"damage":0,"enemies":"2 Louse","floor":4,"turns":1},{"damage":0,"enemies":"Blue Slaver","floor":5,"turns":7},{"damage":40,"enemies":"Gremlin Nob","floor":6,"turns":7},{"damage":16,"enemies":"Lagavulin","floor":8,"turns":10},{"damage":10,"enemies":"Exordium Thugs","floor":10,"turns":4}],"seed_played":"7530858715534242094","potions_obtained":[{"floor":6,"key":"Energy Potion"}],"is_trial":false,"path_per_floor":["M","M","$","M","M","E","R","E","T","M"],"character_chosen":"THE_SILENT","items_purchased":[],"campfire_rested":0,"item_purchase_floors":[],"current_hp_per_floor":[59,59,59,59,59,19,19,3,3,0],"gold":176,"neow_bonus":"THREE_ENEMY_KILL","is_prod":false,"is_daily":false,"chose_seed":false,"campfire_upgraded":1,"win_rate":0,"timestamp":1554638786,"path_taken":["M","?","$","?","M","E","R","E","T","M"],"build_version":"2019-01-23","purchased_purges":1,"victory":false,"max_hp_per_floor":[66,66,66,66,66,66,66,66,66,66],"card_choices":[{"not_picked":["Dagger Spray","Finisher"],"picked":"Flying Knee","floor":1},{"not_picked":["Riddle With Holes","Cloak And Dagger"],"picked":"Well Laid Plans","floor":2},{"not_picked":["Caltrops","Predator"],"picked":"Footwork","floor":4},{"not_picked":["Concentrate","Prepared"],"picked":"Dash","floor":5},{"not_picked":["Blade Dance","Dagger Throw","Acrobatics"],"picked":"SKIP","floor":6},{"not_picked":["Slice","Adrenaline"],"picked":"Noxious Fumes","floor":8}],"player_experience":473074,"relics_obtained":[{"floor":6,"key":"Lantern"},{"floor":8,"key":"Pen Nib"},{"floor":9,"key":"Potion Belt"}],"event_choices":[],"is_beta":false,"boss_relics":[],"items_purged_floors":[3],"is_endless":false,"potions_floor_spawned":[6],"killed_by":"Exordium Thugs","ascension_level":16}