{"gold_per_floor":[119,133,146,158,44,44,44,87,87,12,43,89,89,109,109,109],"floor_reached":16,"playtime":688,"items_purged":["Strike_R"],"score":110,"play_id":"ee50f864-c6bd-4ede-b529-944326ebeaec","local_time":"20190610131000","is_ascension_mode":false,"campfire_choices":[{"data":"Corruption","floor":6,"key":"SMITH"},{"floor":13,"key":"REST"},{"data":"Feed","floor":15,"key":"SMITH"}],"neow_cost":"NONE","seed_source_timestamp":2035879109732,"circlet_count":0,"master_deck":["Strike_R","Strike_R","Strike_R+1","Strike_R+1","Defend_R","Defend_R","Defend_R","Defend_R","Bash","Corruption+1","Heavy Blade","Shrug It Off","Flame Barrier","Iron Wave","Shockwave","Feed+1"],"relics":["Burning Blood","Tiny Chest","Golden Idol","Whetstone","Regal Pillow","Gremlin Horn","Blood Vial"],"potions_floor_usage":[1,4,16],"damage_taken":[{"damage":1,"enemies":"2 Louse","floor":1,"turns":2},{"damage":10,"enemies":"Jaw Worm","floor":2,"turns":5},{"damage":5,"enemies":"Small Slimes","floor":3,"turns":3},{"damage":5,"enemies":"Blue Slaver","floor":4,"turns":4},{"damage":57,"enemies":"3 Sentries","floor":8,"turns":15},{"damage":17,"enemies":"Gremlin Nob","floor":11,"turns":4},{"damage":5,"enemies":"Red Slaver","floor":14,"turns":5},{"damage":68,"enemies":"Hexaghost","floor":16,"turns":12}],"seed_played":"-5869521691256750324","potions_obtained":[{"floor":0,"key":"FairyPotion"},{"floor":0,"key":"Block Potion"},{"floor":0,"key":"FairyPotion"},{"floor":2,"key":"Weak Potion"},{"floor":11,"key":"PowerPotion"}],"is_trial":false,"path_per_floor":["M","M","M","M","$","R","?","E","T","$","E","T","R","M","R","B"],"character_chosen":"IRONCLAD","items_purchased":["Tiny Chest"],"campfire_rested":1,"item_purchase_floors":[5],"current_hp_per_floor":[80,76,77,78,78,78,58,7,7,7,14,14,53,56,56,0],"gold":109,"neow_bonus":"THREE_SMALL_POTIONS","is_prod":false,"is_daily":false,"chose_seed":false,"campfire_upgraded":2,"win_rate":0,"timestamp":1560168600,"path_taken":["M","M","M","M","$","R","?","E","T","$","E","?","R","M","R","BOSS"],"build_version":"2019-01-23","purchased_purges":1,"victory":false,"max_hp_per_floor":[80,80,80,80,80,80,80,80,80,80,80,80,80,80,80,80],"card_choices":[{"not_picked":["Second Wind","Havoc"],"picked":"Corruption","floor":1},{"not_picked":["Fire Breathing","Anger"],"picked":"Heavy Blade","floor":2},{"not_picked":["Armaments","Intimidate"],"picked":"Shrug It Off","floor":3},{"not_picked":["Warcry","Rage"],"picked":"Flame Barrier","floor":4},{"not_picked":["Anger","Pummel"],"picked":"Iron Wave","floor":8},{"not_picked":["Flex","Rupture"],"picked":"Shockwave","floor":11},{"not_picked":["Seeing Red","Body Slam"],"picked":"Feed","floor":14}],"player_experience":785013,"relics_obtained":[{"floor":8,"key":"Whetstone"},{"floor":9,"key":"Regal Pillow"},{"floor":11,"key":"Gremlin Horn"},{"floor":12,"key":"Blood Vial"}],"event_choices":[{"damage_healed":0,"gold_gain":0,"player_choice":"Take Damage","damage_taken":20,"relics_obtained":["Golden Idol"],"max_hp_gain":0,"max_hp_loss":0,"event_name":"Golden Idol","floor":7,"gold_loss":0}],"is_beta":false,"boss_relics":[],"items_purged_floors":[10],"is_endless":false,"potions_floor_spawned":[2,3,11],"killed_by":"Hexaghost","ascension_level":0}