{"path_per_floor":["M","?","$","M","M","R","M","R","T","R","M","E","$","?","R","B",null,"M","?","?","$","M","R","M","R","T","R","M","M","M","$","R","B",null,"M","?","$","?","M","R","M","R","T","?","M","R","M","M","R","B"],"character_chosen":"IRONCLAD","items_purchased":["Apotheosis","Evolve","Power Through"],"gold_per_floor":[210,210,19,33,48,48,60,60,60,60,73,102,27,27,27,126,126,137,137,137,37,56,56,73,73,120,120,137,150,163,38,38,142,142,156,156,51,0,12,12,26,26,52,52,70,70,89,102,102,102],"floor_reached":51,"campfire_rested":7,"playtime":3876,"current_hp_per_floor":[65,65,65,70,76,76,73,73,73,73,75,80,80,80,80,37,69,51,35,35,35,41,65,44,68,68,80,80,73,67,67,80,44,71,36,26,26,26,29,53,63,84,84,84,84,84,84,77,84,75],"items_purged":["Normality","Strike_R","Strike_R"],"gold":102,"score":649,"play_id":"2b48f061-2de0-431a-920b-9b64c0077c67","is_prod":false,"is_daily":false,"is_ascension_mode":true,"campfire_upgraded":5,"path_taken":["M","?","$","M","M","R","M","R","T","R","M","E","$","?","R","BOSS","M","?","?","$","M","R","M","R","T","R","M","M","M","?","R","BOSS","M","?","$","?","M","R","M","R","T","?","M","R","M","M","R","BOSS"],"build_version":"2018-02-15-PROD1","purchased_purges":3,"victory":true,"master_deck":["Strike_R","Strike_R","Defend_R","Defend_R","Defend_R","Defend_R","Bash","Apotheosis+1","Barricade+1","Inflame+1","Shrug It Off","Juggernaut+1","Feed","Body Slam","Flame Barrier+1","Body Slam","Madness","Madness","Evolve+1","Power Through","Shrug It Off","Warcry+1","Fiend Fire","Shrug It Off"],"max_hp_per_floor":[80,80,80,80,80,80,80,80,80,80,80,80,80,80,80,80,80,80,80,80,80,80,80,80,80,80,80,80,80,80,80,80,80,80,80,80,80,80,80,80,84,84,84,84,84,84,84,84,84,84],"relics":["Burning Blood","Oddly Smooth Stone","Bag of Marbles","Bottled Lightning","Mark of Pain","Enchiridion","Bronze Scales","Sozu","Red Mask","Vajra"],"card_choices":[{"not_picked":["Cleave","Havoc"],"picked":"Barricade"},{"not_picked":["Anger","Hemokinesis"],"picked":"Inflame"},{"not_picked":["Corruption","Warcry"],"picked":"Shrug It Off"},{"not_picked":["Sword Boomerang","Rampage"],"picked":"Juggernaut"},{"not_picked":["Bludgeon","Double Tap"],"picked":"Feed"},{"not_picked":["Immolate","Pommel Strike"],"picked":"Flame Barrier"},{"not_picked":["Wild Strike","True Grit"],"picked":"Body Slam"},{"not_picked":["Wild Strike","Spot Weakness"],"picked":"Shrug It Off"},{"not_picked":["Fire Breathing","Twin Strike"],"picked":"Warcry"},{"not_picked":["Pummel","Sword Boomerang"],"picked":"Fiend Fire"},{"not_picked":["Shockwave","Sword Boomerang"],"picked":"Shrug It Off"}],"player_experience":108733,"potions_floor_usage":[28,33],"damage_taken":[{"damage":13.0,"enemies":"Jaw Worm","floor":1.0,"turns":4.0},{"damage":1.0,"enemies":"Cultist","floor":4.0,"turns":5.0},{"damage":0.0,"enemies":"Small Slimes","floor":5.0,"turns":4.0},{"damage":9.0,"enemies":"2 Fungi Beasts","floor":7.0,"turns":4.0},{"damage":4.0,"enemies":"Blue Slaver","floor":11.0,"turns":5.0},{"damage":0.0,"enemies":"Lagavulin","floor":12.0,"turns":5.0},{"damage":49.0,"enemies":"Hexaghost","floor":16.0,"turns":14.0},{"damage":24,"enemies":"Spheric Guardian","floor":18,"turns":6},{"damage":0,"enemies":"Shell Parasite","floor":22,"turns":5},{"damage":27,"enemies":"Snake Plant","floor":24,"turns":4},{"damage":0,"enemies":"Cultist and Chosen","floor":28,"turns":5},{"damage":13,"enemies":"Centurion and Healer","floor":29,"turns":6},{"damage":12,"enemies":"Snake Plant","floor":30,"turns":4},{"damage":42,"enemies":"Automaton","floor":33,"turns":9},{"damage":41,"enemies":"3 Darklings","floor":35,"turns":5},{"damage":3,"enemies":"Orb Walker","floor":39,"turns":3},{"damage":0,"enemies":"4 Shapes","floor":41,"turns":5},{"damage":0,"enemies":"Maw","floor":45,"turns":6},{"damage":0,"enemies":"Sphere and 2 Shapes","floor":47,"turns":5},{"damage":13,"enemies":"3 Darklings","floor":48,"turns":4},{"damage":15,"enemies":"Donu and Deca","floor":50,"turns":7}],"event_choices":[{"event_name":"Accursed Blacksmith","player_choice":"Rummage","floor":2.0,"damage_taken":0.0},{"event_name":"Living Wall","player_choice":"Forget","floor":14.0,"damage_taken":0.0},{"event_name":"Cursed Tome","player_choice":"Obtained Book","floor":19,"damage_taken":0},{"event_name":"The Library","player_choice":"Read","floor":20,"damage_taken":0},{"event_name":"Winding Halls","player_choice":"Embrace Madness","floor":36,"damage_taken":0},{"event_name":"Tomb of Lord Red Mask","player_choice":"Paid","floor":38,"damage_taken":0},{"event_name":"Mysterious Sphere","player_choice":"Ignore","floor":44,"damage_taken":0}],"boss_relics":[{"not_picked":["Black Blood","Lizard Tail"],"picked":"Mark of Pain"},{"not_picked":["Black Star","Astrolabe"],"picked":"Sozu"}],"potions_floor_spawned":[1,16,28,30,33,39,41,48],"seed_played":"-6045874053781722897","ascension_level":6,"is_trial":false}