{"gold_per_floor":[119,119,44,44,54,79,79,79,79,79,95,122,122,133,133,204,204,216,188,30,30,47,66,66,36,36,36,36,36,53,53],"floor_reached":31,"playtime":930,"items_purged":["Strike_R","Strike_R"],"score":509,"play_id":"f9ea91b2-f251-4f01-a89a-70d72a6c592d","local_time":"20190421191350","is_ascension_mode":true,"campfire_choices":[{"data":"Clothesline","floor":8,"key":"SMITH"},{"data":"Bash","floor":10,"key":"SMITH"},{"data":"Juggernaut","floor":13,"key":"SMITH"},{"data":"Body Slam","floor":15,"key":"SMITH"},{"floor":24,"key":"REST"},{"floor":27,"key":"REST"}],"neow_cost":"NONE","seed_source_timestamp":856690005231004,"circlet_count":0,"master_deck":["AscendersBane","Strike_R+1","Strike_R","Strike_R","Defend_R","Defend_R+1","Defend_R","Defend_R","Bash+1","Clothesline+1","Juggernaut+1","Body Slam+1","Shrug It Off","Disarm+1","True Grit"],"relics":["Burning Blood","NeowsBlessing","Regal Pillow","Gremlin Horn","PreservedInsect","Fusion Hammer","Strawberry"],"potions_floor_usage":[12,16,23,29],"damage_taken":[{"damage":0,"enemies":"Jaw Worm","floor":1,"turns":1},{"damage":0,"enemies":"Cultist","floor":5,"turns":1},{"damage":0,"enemies":"Gremlin Nob","floor":6,"turns":1},{"damage":0,"enemies":"Small Slimes","floor":11,"turns":3},{"damage":46,"enemies":"3 Sentries","floor":12,"turns":10},{"damage":13,"enemies":"3 Louse","floor":14,"turns":5},{"damage":20,"enemies":"Hexaghost","floor":16,"turns":11},{"damage":19,"enemies":"Spheric Guardian","floor":18,"turns":4},{"damage":10,"enemies":"2 Thieves","floor":19,"turns":4},{"damage":12,"enemies":"Centurion and Healer","floor":22,"turns":6},{"damage":21,"enemies":"Snake Plant","floor":23,"turns":4},{"damage":36,"enemies":"Colosseum Slavers","floor":29,"turns":5},{"damage":27,"enemies":"Chosen and Byrds","floor":30,"turns":6},{"damage":45,"enemies":"3 Cultists","floor":31,"turns":5}],"seed_played":"3618782497927496240","potions_obtained":[{"floor":1,"key":"Weak Potion"},{"floor":4,"key":"Dexterity Potion"},{"floor":5,"key":"EssenceOfSteel"},{"floor":11,"key":"BloodPotion"},{"floor":22,"key":"BloodPotion"},{"floor":23,"key":"Weak Potion"}],"is_trial":false,"path_per_floor":["M","?","$","?","M","E","$","R","T","R","M","E","R","M","R","B",null,"M","M","$","?","M","M","R","$","T","R","$","?","M","M"],"character_chosen":"IRONCLAD","items_purchased":["Shrug It Off","True Grit"],"campfire_rested":2,"item_purchase_floors":[20,25],"current_hp_per_floor":[74,51,51,51,57,63,63,63,63,63,69,36,36,29,29,15,60,47,43,43,43,37,29,66,66,73,82,82,52,31,0],"gold":53,"neow_bonus":"THREE_ENEMY_KILL","is_prod":false,"is_daily":false,"chose_seed":false,"campfire_upgraded":4,"win_rate":0,"timestamp":1555866830,"path_taken":["M","?","$","?","?","E","?","R","T","R","M","E","R","M","R","BOSS","M","M","$","?","M","M","R","$","T","R","$","?","M","M"],"build_version":"2019-01-23","purchased_purges":2,"victory":false,"max_hp_per_floor":[75,75,75,75,75,75,75,75,75,75,75,75,75,75,75,75,75,75,75,75,75,75,75,75,75,82,82,82,82,82,82],"card_choices":[{"not_picked":["Entrench","Warcry","Body Slam"],"picked":"SKIP","floor":1},{"not_picked":["Headbutt","Pommel Strike"],"picked":"Clothesline","floor":5},{"not_picked":["Dark Embrace","Burning Pact","Perfected Strike"],"picked":"SKIP","floor":6},{"not_picked":["Anger","Carnage","Uppercut"],"picked":"SKIP","floor":11},{"not_picked":["Bloodletting","Twin Strike"],"picked":"Juggernaut","floor":12},{"not_picked":["Havoc","Dual Wield"],"picked":"Body Slam","floor":14},{"not_picked":["Clash","Twin Strike+1","Wild Strike"],"picked":"SKIP","floor":18},{"not_picked":["Wild Strike","Iron Wave","Twin Strike"],"picked":"SKIP","floor":19},{"not_picked":["Sentinel","Headbutt","Uppercut"],"picked":"SKIP","floor":22},{"not_picked":["Uppercut","Anger"],"picked":"Disarm+1","floor":23},{"not_picked":["Seeing Red","Wild Strike","Clash"],"picked":"SKIP","floor":30}],"player_experience":508994,"relics_obtained":[{"floor":6,"key":"Regal Pillow"},{"floor":9,"key":"Gremlin Horn"},{"floor":12,"key":"PreservedInsect"},{"floor":26,"key":"Strawberry"}],"event_choices":[{"damage_healed":0,"gold_gain":0,"player_choice":"Entered Light","damage_taken":23,"max_hp_gain":0,"max_hp_loss":0,"event_name":"Shining Light","floor":2,"gold_loss":0,"cards_upgraded":["Defend_R","Strike_R"]},{"damage_healed":0,"gold_gain":0,"player_choice":"Got Potions","damage_taken":0,"max_hp_gain":0,"max_hp_loss":0,"event_name":"Lab","floor":4,"gold_loss":0},{"damage_healed":0,"gold_gain":0,"player_choice":"Ignored","damage_taken":0,"max_hp_gain":0,"max_hp_loss":0,"event_name":"Vampires","floor":21,"gold_loss":0},{"damage_healed":0,"gold_gain":0,"player_choice":"Fight","damage_taken":0,"max_hp_gain":0,"max_hp_loss":0,"event_name":"Colosseum","floor":29,"gold_loss":0},{"damage_healed":0,"gold_gain":0,"player_choice":"Fled From Nobs","damage_taken":0,"max_hp_gain":0,"max_hp_loss":0,"event_name":"Colosseum","floor":29,"gold_loss":0}],"is_beta":false,"boss_relics":[{"not_picked":["Coffee Dripper","Pandora\u0027s Box"],"picked":"Fusion Hammer"}],"items_purged_floors":[3,20],"is_endless":false,"potions_floor_spawned":[1,5,11,22,23],"killed_by":"3 Cultists","ascension_level":18}