{"gold_per_floor":[117,131,43,56,56,56,56,56,129,157,167,167,167,181,181,181],"floor_reached":16,"playtime":520,"items_purged":[],"score":189,"play_id":"537f29ea-d9db-4e21-bd36-072905820928","local_time":"20190407153740","is_ascension_mode":true,"campfire_choices":[{"data":"Zap","floor":6,"key":"SMITH"},{"data":"Conserve Battery","floor":8,"key":"SMITH"},{"data":"Compile Driver","floor":12,"key":"SMITH"},{"floor":15,"key":"REST"}],"neow_cost":"PERCENT_DAMAGE","seed_source_timestamp":11514934296415,"circlet_count":0,"master_deck":["AscendersBane","Strike_B","Strike_B","Strike_B","Defend_B","Defend_B","Defend_B","Defend_B","Zap+1","Dualcast","Conserve Battery+1","Cold Snap","Self Repair","Compile Driver+1","Echo Form"],"relics":["Cracked Core","Mango","Sundial","Kunai"],"potions_floor_usage":[13,16],"damage_taken":[{"damage":10,"enemies":"2 Louse","floor":1,"turns":2},{"damage":0,"enemies":"Jaw Worm","floor":2,"turns":4},{"damage":0,"enemies":"Small Slimes","floor":4,"turns":3},{"damage":32,"enemies":"Lagavulin","floor":10,"turns":9},{"damage":17,"enemies":"3 Louse","floor":11,"turns":4},{"damage":0,"enemies":"Exordium Wildlife","floor":13,"turns":1},{"damage":11,"enemies":"Exordium Thugs","floor":14,"turns":5},{"damage":43,"enemies":"Hexaghost","floor":16,"turns":11}],"seed_played":"6608961897710432511","potions_obtained":[{"floor":10,"key":"SmokeBomb"},{"floor":14,"key":"Poison Potion"}],"is_trial":false,"path_per_floor":["M","M","$","M","?","R","$","R","T","E","M","R","M","M","R","B"],"character_chosen":"DEFECT","items_purchased":["Self Repair"],"campfire_rested":1,"item_purchase_floors":[3],"current_hp_per_floor":[50,50,50,57,57,57,57,57,57,32,22,22,22,18,43,0],"gold":181,"neow_bonus":"ONE_RARE_RELIC","is_prod":false,"is_daily":false,"chose_seed":false,"campfire_upgraded":3,"win_rate":0,"timestamp":1554644260,"path_taken":["M","M","$","M","?","R","$","R","T","E","M","R","M","M","R","BOSS"],"build_version":"2019-01-23","purchased_purges":0,"victory":false,"max_hp_per_floor":[85,85,85,85,85,85,85,85,85,85,85,85,85,85,85,85],"card_choices":[{"not_picked":["Gash","Heatsinks"],"picked":"Conserve Battery","floor":1},{"not_picked":["Chill","Conserve Battery"],"picked":"Cold Snap","floor":2},{"not_picked":["Storm","Gash","Force Field"],"picked":"SKIP","floor":4},{"not_picked":["Beam Cell","Gash","Redo"],"picked":"SKIP","floor":10},{"not_picked":["Reprogram","Darkness"],"picked":"Compile Driver","floor":11},{"not_picked":["Aggregate","Stack"],"picked":"Echo Form","floor":14}],"player_experience":475452,"relics_obtained":[{"floor":9,"key":"Sundial"},{"floor":10,"key":"Kunai"}],"event_choices":[{"cards_removed":["Strike_B"],"damage_healed":0,"gold_gain":0,"player_choice":"Forget","damage_taken":0,"max_hp_gain":0,"max_hp_loss":0,"event_name":"Living Wall","floor":5,"gold_loss":0}],"is_beta":false,"boss_relics":[],"items_purged_floors":[],"is_endless":false,"potions_floor_spawned":[10,13,14],"killed_by":"Hexaghost","ascension_level":17}