{"path_per_floor":["M","$","?","?","M","R","?","R","T","R","M","R","?","M","R","B",null,"M","M","?","T","M","R","E","M","T","?"],"character_chosen":"THE_SILENT","items_purchased":[],"gold_per_floor":[112,37,37,2,16,16,16,16,71,71,95,95,95,108,108,239,239,258,279,194,194,209,209,240,261,261,261],"floor_reached":28,"campfire_rested":1,"playtime":1430,"current_hp_per_floor":[63,63,48,63,63,63,45,45,45,45,45,45,45,45,45,15,51,30,19,19,19,8,41,25,18,18,2],"items_purged":["Strike_G"],"gold":261,"score":294,"play_id":"f0f8d593-e62f-4623-a35f-cfa996211352","is_prod":false,"is_daily":false,"is_ascension_mode":true,"campfire_upgraded":5,"path_taken":["M","$","?","?","M","R","?","R","T","R","?","R","?","M","R","BOSS","M","M","?","?","?","R","E","M","T","?","M"],"build_version":"2018-02-22-PROD2","purchased_purges":1,"victory":false,"master_deck":["Defend_G","Defend_G","Defend_G","Defend_G","Strike_G","Strike_G","Survivor+1","Neutralize+1","Flying Knee+1","Dagger Spray+1","Setup","Quick Slash+1","Burst","Dodge and Roll+1","Malaise+1","Quick Slash+1"],"max_hp_per_floor":[63,63,63,63,63,63,63,63,63,63,63,63,63,63,63,63,63,63,63,63,63,63,63,65,65,65,65],"relics":["Ring of the Snake","Golden Idol","Darkstone Periapt","Bag of Preparation","Lizard Tail","Regal Pillow","Shovel","Singing Bowl","Sundial","Nilry\u0027s Codex"],"card_choices":[{"not_picked":["Outmaneuver","Dagger Throw"],"picked":"Flying Knee"},{"not_picked":["Riddle With Holes","Cloak And Dagger"],"picked":"Dagger Spray"},{"not_picked":["Bane","Expertise"],"picked":"Quick Slash"},{"not_picked":["Envenom","A Thousand Cuts"],"picked":"Burst"},{"not_picked":["Quick Slash","Poisoned Stab"],"picked":"Dodge and Roll"},{"not_picked":["Deflect","Dodge and Roll"],"picked":"Malaise"},{"not_picked":["Reflex","PiercingWail"],"picked":"Quick Slash"}],"player_experience":151394,"potions_floor_usage":[16,24,24],"damage_taken":[{"damage":0,"enemies":"2 Louse","floor":1,"turns":2},{"damage":0,"enemies":"Small Slimes","floor":5,"turns":3},{"damage":0,"enemies":"Jaw Worm","floor":11,"turns":3},{"damage":0,"enemies":"3 Louse","floor":14,"turns":2},{"damage":45,"enemies":"Hexaghost","floor":16,"turns":15},{"damage":21,"enemies":"Shell Parasite","floor":18,"turns":8},{"damage":11,"enemies":"Spheric Guardian","floor":19,"turns":4},{"damage":11,"enemies":"Centurion and Healer","floor":22,"turns":9},{"damage":18,"enemies":"Slavers","floor":24,"turns":4},{"damage":7,"enemies":"Chosen and Byrds","floor":25,"turns":8},{"damage":0,"enemies":"3 Cultists","floor":28,"turns":2}],"event_choices":[{"event_name":"Golden Idol","player_choice":"Take Damage","floor":3,"damage_taken":0},{"event_name":"The Cleric","player_choice":"Healed","floor":4,"damage_taken":0},{"event_name":"Scrap Ooze","player_choice":"success","floor":7,"damage_taken":18},{"event_name":"Living Wall","player_choice":"Change","floor":13,"damage_taken":0},{"event_name":"Addict","player_choice":"Obtained Relic","floor":20,"damage_taken":0},{"event_name":"Cursed Tome","player_choice":"Obtained Book","floor":27,"damage_taken":0}],"boss_relics":[{"not_picked":["Runic Dome","The Specimen"],"picked":"Lizard Tail"}],"potions_floor_spawned":[14,19,22,24],"seed_played":"1032303297104567648","killed_by":"3 Cultists","ascension_level":6,"is_trial":false}