{"gold_per_floor":[112,112,131,147,161,186,186,204,204,204,224,224,244,263,263,361,361,301,271,61,76,95,95,112,142,166,166,179,104,120,20,20,121,121,139,42,142,157,157,157,185,185,210,18,18,35,35,51,51,51],"floor_reached":50,"playtime":2684,"items_purged":["Defend_R","Defend_R","Strike_R"],"score":519,"play_id":"f13211b8-c56f-4a04-a00d-377a23ce28b9","local_time":"20190611065701","is_ascension_mode":false,"campfire_choices":[{"floor":7.0,"key":"REST"},{"data":"Flame Barrier","floor":10.0,"key":"SMITH"},{"data":"Spot Weakness","floor":12.0,"key":"SMITH"},{"floor":15.0,"key":"REST"},{"data":"True Grit","floor":23.0,"key":"SMITH"},{"data":"Uppercut","floor":27.0,"key":"SMITH"},{"data":"Demon Form","floor":32.0,"key":"SMITH"},{"data":"Feed","floor":40.0,"key":"SMITH"},{"data":"Body Slam","floor":42.0,"key":"SMITH"},{"data":"Metallicize","floor":47.0,"key":"SMITH"},{"data":"Limit Break","floor":49.0,"key":"SMITH"}],"neow_cost":"NONE","seed_source_timestamp":0,"circlet_count":0,"master_deck":["Strike_R","Strike_R","Strike_R","Defend_R","Bash","Evolve","Burning Pact","Shrug It Off","Shrug It Off","Flame Barrier+1","Shrug It Off","Spot Weakness+1","True Grit+1","Demon Form+1","Clothesline+1","Armaments+1","Feed+1","Rampage","Uppercut+1","Iron Wave","Immolate","Metallicize+1","Flash of Steel","Ghostly Armor+1","Sword Boomerang+1","Body Slam+1","Limit Break+1"],"special_seed":0,"relics":["Burning Blood","NeowsBlessing","Question Card","Kunai","Coffee Dripper","Lee\u0027s Waffle","Letter Opener","Bag of Preparation","Empty Cage","Ginger","Meat on the Bone","Smiling Mask","FaceOfCleric"],"potions_floor_usage":[50],"damage_taken":[{"damage":0.0,"enemies":"Small Slimes","floor":1.0,"turns":1.0},{"damage":0.0,"enemies":"Cultist","floor":3.0,"turns":1.0},{"damage":0.0,"enemies":"Jaw Worm","floor":4.0,"turns":1.0},{"damage":6.0,"enemies":"Blue Slaver","floor":5.0,"turns":7.0},{"damage":70.0,"enemies":"Lagavulin","floor":6.0,"turns":16.0},{"damage":9.0,"enemies":"Exordium Wildlife","floor":8.0,"turns":6.0},{"damage":1.0,"enemies":"Large Slime","floor":11.0,"turns":9.0},{"damage":34.0,"enemies":"Gremlin Gang","floor":13.0,"turns":6.0},{"damage":0.0,"enemies":"Looter","floor":14.0,"turns":4.0},{"damage":21.0,"enemies":"The Guardian","floor":16.0,"turns":17.0},{"damage":7.0,"enemies":"2 Thieves","floor":18.0,"turns":4.0},{"damage":8.0,"enemies":"Chosen","floor":21.0,"turns":7.0},{"damage":4.0,"enemies":"Snake Plant","floor":22.0,"turns":6.0},{"damage":17.0,"enemies":"Snecko","floor":24.0,"turns":6.0},{"damage":7.0,"enemies":"Book of Stabbing","floor":25.0,"turns":6.0},{"damage":3.0,"enemies":"Centurion and Healer","floor":28.0,"turns":6.0},{"damage":11.0,"enemies":"Cultist and Chosen","floor":30.0,"turns":6.0},{"damage":33.0,"enemies":"Champ","floor":33.0,"turns":9.0},{"damage":15.0,"enemies":"Orb Walker","floor":35.0,"turns":5.0},{"damage":15.0,"enemies":"Mind Bloom Boss Battle","floor":37.0,"turns":7.0},{"damage":33.0,"enemies":"3 Darklings","floor":38.0,"turns":6.0},{"damage":21.0,"enemies":"Nemesis","floor":41.0,"turns":11.0},{"damage":24.0,"enemies":"Spire Growth","floor":46.0,"turns":4.0},{"damage":0.0,"enemies":"Jaw Worm Horde","floor":48.0,"turns":6.0},{"damage":83,"enemies":"Donu and Deca","floor":50,"turns":7}],"seed_played":"2296771756876247313","potions_obtained":[{"floor":1.0,"key":"Weak Potion"},{"floor":2.0,"key":"FearPotion"},{"floor":2.0,"key":"Ancient Potion"},{"floor":2.0,"key":"SkillPotion"},{"floor":5.0,"key":"SpeedPotion"},{"floor":8.0,"key":"Dexterity Potion"},{"floor":11.0,"key":"SkillPotion"},{"floor":13.0,"key":"EssenceOfSteel"},{"floor":19.0,"key":"Regen Potion"},{"floor":19.0,"key":"Energy Potion"},{"floor":22.0,"key":"Energy Potion"},{"floor":28.0,"key":"FearPotion"},{"floor":33.0,"key":"SteroidPotion"},{"floor":41.0,"key":"FairyPotion"},{"floor":48.0,"key":"SneckoOil"}],"is_trial":false,"path_per_floor":["M","?","M","M","M","E","R","M","T","R","M","R","M","M","R","B",null,"M","?","$","M","M","R","M","E","T","R","M","$","M","$","R","B",null,"M","$","?","M","?","R","E","R","T","$","?","M","R","M","R","B"],"character_chosen":"IRONCLAD","items_purchased":["Lee\u0027s Waffle","Flash of Steel","Limit Break"],"campfire_rested":2,"item_purchase_floors":[20,36,44],"current_hp_per_floor":[80,80,80,80,80,16,40,37,37,37,42,42,14,20,44,29,80,79,79,87,85,87,87,76,75,75,75,78,78,89,89,89,62,91,82,82,76,49,49,49,34,34,34,34,34,33,33,52,52,0],"gold":51,"neow_bonus":"THREE_ENEMY_KILL","is_prod":false,"is_daily":false,"chose_seed":false,"campfire_upgraded":9,"win_rate":0,"timestamp":1560232621,"path_taken":["M","?","M","M","M","E","R","M","T","R","M","R","M","M","R","BOSS","M","?","$","M","M","R","M","E","T","R","M","$","M","?","R","BOSS","M","$","?","M","?","R","E","R","T","?","?","?","R","M","R","BOSS"],"build_version":"2019-01-23","purchased_purges":3,"victory":false,"max_hp_per_floor":[80,80,80,80,80,80,80,80,80,80,80,80,80,80,80,80,80,80,80,87,87,87,87,87,87,87,87,87,87,91,91,91,91,91,91,91,94,94,94,94,94,94,94,94,94,99,99,100,100,100],"card_choices":[{"not_picked":["Warcry","Headbutt"],"picked":"Evolve","floor":1.0},{"not_picked":["Rage","Wild Strike"],"picked":"Burning Pact","floor":3.0},{"not_picked":["True Grit","Sever Soul"],"picked":"Shrug It Off","floor":4.0},{"not_picked":["Sever Soul","Dark Embrace"],"picked":"Shrug It Off","floor":5.0},{"not_picked":["Pommel Strike","Reckless Charge"],"picked":"Flame Barrier","floor":6.0},{"not_picked":["Carnage","Burning Pact","Heavy Blade"],"picked":"Shrug It Off","floor":8.0},{"not_picked":["Perfected Strike","Searing Blow","Battle Trance"],"picked":"Spot Weakness","floor":11.0},{"not_picked":["Clothesline","Rampage","Heavy Blade"],"picked":"True Grit","floor":13.0},{"not_picked":["Rupture","Anger","Rage","Fire Breathing"],"picked":"SKIP","floor":14.0},{"not_picked":["Fiend Fire","Bludgeon","Offering"],"picked":"Demon Form","floor":16.0},{"not_picked":["Evolve","Ghostly Armor","Thunderclap"],"picked":"Clothesline+1","floor":18.0},{"not_picked":["Anger+1","Burning Pact","Sever Soul"],"picked":"Armaments+1","floor":21.0},{"not_picked":["Havoc","Warcry","Wild Strike+1"],"picked":"Feed","floor":22.0},{"not_picked":["Intimidate","Perfected Strike","Sentinel"],"picked":"Rampage","floor":24.0},{"not_picked":["Inflame+1","Clash","Reckless Charge+1"],"picked":"Uppercut","floor":25.0},{"not_picked":["Seeing Red+1","Wild Strike","Hemokinesis"],"picked":"Corruption+1","floor":28.0},{"not_picked":["Rupture","Battle Trance+1","Clothesline+1"],"picked":"Iron Wave","floor":30.0},{"not_picked":["Dark Embrace","Fiend Fire","Demon Form"],"picked":"Immolate","floor":33.0},{"not_picked":["Sword Boomerang+1","Clash+1","Uppercut"],"picked":"Metallicize","floor":35.0},{"not_picked":["Burning Pact+1","Headbutt+1","Clothesline"],"picked":"Ghostly Armor+1","floor":37.0},{"not_picked":["Pommel Strike","Cleave","Wild Strike+1"],"picked":"Sword Boomerang+1","floor":38.0},{"not_picked":["Whirlwind+1","Exhume","Evolve+1"],"picked":"Body Slam","floor":41.0},{"not_picked":["Cleave+1","Thunderclap","Flex+1","Armaments+1"],"picked":"SKIP","floor":46.0},{"not_picked":["Armaments+1","Anger","Seeing Red","Twin Strike"],"picked":"SKIP","floor":48.0}],"player_experience":787819,"relics_obtained":[{"floor":6.0,"key":"Question Card"},{"floor":9.0,"key":"Kunai"},{"floor":25.0,"key":"Letter Opener"},{"floor":26.0,"key":"Bag of Preparation"},{"floor":37.0,"key":"Ginger"},{"floor":41.0,"key":"Meat on the Bone"},{"floor":43.0,"key":"Smiling Mask"}],"event_choices":[{"damage_healed":0.0,"max_hp_gain":0.0,"max_hp_loss":0.0,"gold_gain":0.0,"event_name":"Lab","player_choice":"Got Potions","floor":2.0,"gold_loss":0.0,"damage_taken":0.0},{"damage_healed":0.0,"max_hp_gain":0.0,"max_hp_loss":0.0,"gold_gain":0.0,"event_name":"The Woman in Blue","player_choice":"Bought 2 Potions","floor":19.0,"gold_loss":0.0,"damage_taken":0.0},{"damage_healed":0.0,"max_hp_gain":0.0,"max_hp_loss":0.0,"gold_gain":0.0,"event_name":"MindBloom","player_choice":"Fight","floor":37.0,"gold_loss":0.0,"damage_taken":0.0},{"cards_removed":["Corruption"],"damage_healed":0.0,"max_hp_gain":0.0,"max_hp_loss":0.0,"gold_gain":0.0,"event_name":"Falling","player_choice":"Removed Power","floor":39.0,"gold_loss":0.0,"damage_taken":0.0},{"damage_healed":0.0,"max_hp_gain":0.0,"max_hp_loss":0.0,"gold_gain":0.0,"event_name":"FaceTrader","player_choice":"Trade","floor":45.0,"gold_loss":0.0,"damage_taken":0.0,"relics_obtained":["FaceOfCleric"]}],"is_beta":false,"boss_relics":[{"not_picked":["Orrery","White Beast Statue"],"picked":"Coffee Dripper"},{"not_picked":["Fusion Hammer","Eternal Feather"],"picked":"Empty Cage"}],"items_purged_floors":[29,31,44],"is_endless":false,"potions_floor_spawned":[1,5,8,11,13,22,28,33,41,48],"killed_by":"Donu and Deca","ascension_level":0}