{"gold_per_floor":[214,214,100,100,118,148,148,159,159,159,189,202,102,129,129,200,200,219,237,70,85,135,135,135,160,206,206],"floor_reached":27,"playtime":928,"items_purged":["Strike_R","Strike_R","Strike_R"],"score":454,"play_id":"17d84528-ae8e-43e7-84af-930faf1bab25","local_time":"20190501203644","is_ascension_mode":true,"campfire_choices":[{"data":"Armaments","floor":7,"key":"SMITH"},{"floor":10,"key":"REST"},{"floor":15,"key":"REST"},{"floor":23,"key":"REST"}],"neow_cost":"NONE","seed_source_timestamp":1725712482326941,"circlet_count":0,"master_deck":["AscendersBane","Strike_R","Strike_R","Defend_R","Defend_R","Defend_R","Defend_R","Bash","Rampage","Armaments+1","Sever Soul","Iron Wave","Impervious","Cleave","Pommel Strike","Reaper","Inflame","Battle Trance"],"relics":["Burning Blood","Darkstone Periapt","Dodecahedron","Bronze Scales","Strawberry","Ornamental Fan","Odd Mushroom","Sozu","Bottled Tornado","Ancient Tea Set"],"potions_floor_usage":[11,25],"damage_taken":[{"damage":6,"enemies":"Cultist","floor":1,"turns":3},{"damage":7,"enemies":"Small Slimes","floor":5,"turns":3},{"damage":50,"enemies":"3 Sentries","floor":6,"turns":13},{"damage":1,"enemies":"2 Louse","floor":8,"turns":3},{"damage":28,"enemies":"Lagavulin","floor":11,"turns":5},{"damage":9,"enemies":"Looter","floor":12,"turns":4},{"damage":23,"enemies":"The Mushroom Lair","floor":14,"turns":5},{"damage":39,"enemies":"Hexaghost","floor":16,"turns":11},{"damage":30,"enemies":"2 Thieves","floor":18,"turns":5},{"damage":12,"enemies":"3 Byrds","floor":19,"turns":2},{"damage":35,"enemies":"Shelled Parasite and Fungi","floor":21,"turns":6},{"damage":57,"enemies":"Slavers","floor":25,"turns":6},{"damage":15,"enemies":"Colosseum Slavers","floor":27,"turns":2}],"seed_played":"1330622693467478529","potions_obtained":[{"floor":1,"key":"Dexterity Potion"},{"floor":5,"key":"FearPotion"},{"floor":16,"key":"PowerPotion"}],"is_trial":false,"path_per_floor":["M","?","$","T","M","E","R","M","T","R","E","M","$","?","R","B",null,"M","M","$","M","?","R","?","E","T","?"],"character_chosen":"IRONCLAD","items_purchased":["Rampage","Battle Trance"],"campfire_rested":3,"item_purchase_floors":[3,20],"current_hp_per_floor":[68,68,68,68,67,23,23,28,35,59,37,34,34,17,41,8,64,48,49,49,25,25,49,49,15,15,0],"gold":206,"neow_bonus":"HUNDRED_GOLD","is_prod":false,"is_daily":false,"chose_seed":false,"campfire_upgraded":1,"win_rate":0,"timestamp":1556735804,"path_taken":["M","?","$","?","M","E","R","M","T","R","E","?","?","?","R","BOSS","M","M","$","M","?","R","?","E","T","?"],"build_version":"2019-01-23","purchased_purges":3,"victory":false,"max_hp_per_floor":[75,75,75,75,75,75,75,75,82,82,82,82,82,82,82,82,82,82,82,82,82,82,82,82,82,82,82],"card_choices":[{"not_picked":["Disarm","Power Through"],"picked":"Armaments","floor":1},{"not_picked":["Flex","Warcry"],"picked":"Armaments","floor":5},{"not_picked":["Clash","Hemokinesis"],"picked":"Sever Soul","floor":6},{"not_picked":["Dual Wield","Thunderclap"],"picked":"Iron Wave","floor":8},{"not_picked":["Thunderclap","Searing Blow"],"picked":"Impervious","floor":11},{"not_picked":["Ghostly Armor","Warcry"],"picked":"Cleave","floor":12},{"not_picked":["True Grit","Clothesline"],"picked":"Pommel Strike","floor":14},{"not_picked":["Feed","Dark Embrace"],"picked":"Reaper","floor":16},{"not_picked":["Anger","Cleave","Combust"],"picked":"SKIP","floor":18},{"not_picked":["Combust","Clash"],"picked":"Inflame","floor":19},{"not_picked":["Carnage","Twin Strike","Flex"],"picked":"SKIP","floor":21},{"not_picked":["Juggernaut","Rampage","Battle Trance+1"],"picked":"SKIP","floor":25}],"player_experience":536655,"relics_obtained":[{"floor":4,"key":"Dodecahedron"},{"floor":6,"key":"Bronze Scales"},{"floor":9,"key":"Strawberry"},{"floor":11,"key":"Ornamental Fan"},{"floor":14,"key":"Odd Mushroom"},{"floor":25,"key":"Bottled Tornado"},{"floor":26,"key":"Ancient Tea Set"}],"event_choices":[{"cards_removed":["Armaments"],"damage_healed":0,"gold_gain":0,"player_choice":"Gave Card","damage_taken":0,"relics_obtained":["Darkstone Periapt"],"max_hp_gain":0,"max_hp_loss":0,"event_name":"WeMeetAgain","floor":2,"gold_loss":0},{"damage_healed":0,"gold_gain":0,"player_choice":"Fought Mushrooms","damage_taken":0,"max_hp_gain":0,"max_hp_loss":0,"event_name":"Mushrooms","floor":14,"gold_loss":0},{"damage_healed":0,"gold_gain":50,"player_choice":"Stole From Cult","damage_taken":0,"max_hp_gain":0,"max_hp_loss":0,"event_name":"Nest","floor":22,"gold_loss":0},{"damage_healed":0,"gold_gain":0,"player_choice":"Ignored","damage_taken":0,"max_hp_gain":0,"max_hp_loss":0,"event_name":"Cursed Tome","floor":24,"gold_loss":0},{"damage_healed":0,"gold_gain":0,"player_choice":"Fight","damage_taken":0,"max_hp_gain":0,"max_hp_loss":0,"event_name":"Colosseum","floor":27,"gold_loss":0}],"is_beta":false,"boss_relics":[{"not_picked":["Mark of Pain","White Beast Statue"],"picked":"Sozu"}],"items_purged_floors":[3,13,20],"is_endless":false,"potions_floor_spawned":[1,5,16,18,19,21],"killed_by":"Colosseum Slavers","ascension_level":18}