{"gold_per_floor":[117,129,129,149,159,159,222,222,249,249,279,290,336,104,104,179,179,179,15,15,15,15,15,15,15,15,15,15,15,15,15,15,15,15,15,15,15,15,15,15,15,15,15,15,15,15,15,15,15,15,15],"floor_reached":51,"playtime":1390,"items_purged":["Strike_B"],"score":1416,"play_id":"90d4a06c-1848-40b8-9734-271c2653090a","local_time":"20190529152944","is_ascension_mode":true,"campfire_choices":[{"data":"Defragment","floor":6.0,"key":"SMITH"},{"floor":8.0,"key":"REST"},{"data":"Self Repair","floor":10.0,"key":"SMITH"},{"floor":15.0,"key":"REST"},{"data":"Zap","floor":23.0,"key":"SMITH"},{"data":"Loop","floor":25.0,"key":"SMITH"},{"floor":32,"key":"REST"},{"floor":41,"key":"REST"},{"floor":49,"key":"RECALL"}],"neow_cost":"NONE","seed_source_timestamp":1095565944267057,"circlet_count":0,"master_deck":["AscendersBane","Strike_B+1","Strike_B","Strike_B","Defend_B","Defend_B","Defend_B","Defend_B","Zap+1","Dualcast","Defragment+1","Undo","Streamline+1","BootSequence","Self Repair+1","Ball Lightning","Doom and Gloom","Biased Cognition","Coolheaded","Sweeping Beam","Loop+1","Cold Snap","Reinforced Body","Loop","Reboot","Ball Lightning+1","Hologram","Glacier","Reboot","Loop+1","Defragment+1"],"special_seed":0,"relics":["Cracked Core","Tiny Chest","Omamori","Anchor","DataDisk","Regal Pillow","Ectoplasm","Bag of Preparation","PreservedInsect","Pear","Du-Vu Doll","Letter Opener","Bronze Scales","Dream Catcher","Cursed Key","Potion Belt","Blue Candle"],"potions_floor_usage":[48,51],"damage_taken":[{"damage":4.0,"enemies":"2 Louse","floor":1.0,"turns":3.0},{"damage":12.0,"enemies":"Jaw Worm","floor":2.0,"turns":3.0},{"damage":0.0,"enemies":"Cultist","floor":4.0,"turns":4.0},{"damage":7.0,"enemies":"Exordium Wildlife","floor":5.0,"turns":5.0},{"damage":15.0,"enemies":"Lagavulin","floor":7.0,"turns":7.0},{"damage":28.0,"enemies":"Gremlin Nob","floor":11.0,"turns":4.0},{"damage":0.0,"enemies":"3 Louse","floor":12.0,"turns":3.0},{"damage":41.0,"enemies":"Slime Boss","floor":16.0,"turns":10.0},{"damage":12.0,"enemies":"Chosen","floor":18.0,"turns":4.0},{"damage":4.0,"enemies":"3 Byrds","floor":22.0,"turns":4.0},{"damage":10.0,"enemies":"Colosseum Slavers","floor":24.0,"turns":4.0},{"damage":0.0,"enemies":"Colosseum Nobs","floor":24.0,"turns":3.0},{"damage":43.0,"enemies":"Gremlin Leader","floor":28.0,"turns":4.0},{"damage":18.0,"enemies":"3 Cultists","floor":29.0,"turns":4.0},{"damage":9.0,"enemies":"Snecko","floor":31.0,"turns":4.0},{"damage":47,"enemies":"Collector","floor":33,"turns":7},{"damage":1,"enemies":"3 Shapes","floor":35,"turns":3},{"damage":0,"enemies":"Orb Walker","floor":37,"turns":3},{"damage":10,"enemies":"3 Darklings","floor":39,"turns":4},{"damage":37,"enemies":"Giant Head","floor":40,"turns":7},{"damage":6,"enemies":"Maw","floor":44,"turns":8},{"damage":43,"enemies":"Reptomancer","floor":45,"turns":6},{"damage":0,"enemies":"Transient","floor":48,"turns":6},{"damage":68,"enemies":"Time Eater","floor":50,"turns":15},{"damage":39,"enemies":"Awakened One","floor":51,"turns":3}],"seed_played":"-6865857908713562974","potions_obtained":[{"floor":1.0,"key":"Ancient Potion"},{"floor":4.0,"key":"AttackPotion"},{"floor":11.0,"key":"SteroidPotion"},{"floor":33,"key":"FearPotion"},{"floor":36,"key":"FairyPotion"},{"floor":37,"key":"Fruit Juice"},{"floor":40,"key":"AttackPotion"}],"is_trial":false,"path_per_floor":["M","M","?","M","M","R","E","R","T","R","E","M","T","$","R","B",null,"M","$","T","T","M","R","?","R","T","$","E","M","?","M","R","B",null,"M","?","M","$","M","E","R","$","T","M","E","?","$","M","R","B","B"],"character_chosen":"DEFECT","items_purchased":["Regal Pillow","Bag of Preparation"],"campfire_rested":4,"item_purchase_floors":[14,19],"current_hp_per_floor":[60,48,27,27,20,20,12,33,33,33,15,25,25,25,61,20,58,56,56,56,66,72,72,72,72,72,72,39,31,31,22,61,24,67,76,76,76,76,76,49,81,81,81,81,48,48,48,63,63,18,0],"gold":15,"neow_bonus":"THREE_CARDS","is_prod":false,"is_daily":false,"chose_seed":false,"campfire_upgraded":4,"win_rate":0,"timestamp":1559168984,"path_taken":["M","M","?","M","M","R","E","R","T","R","E","M","?","?","R","BOSS","M","$","?","?","M","R","?","R","T","?","E","M","?","M","R","BOSS","M","?","?","?","M","E","R","$","T","M","E","?","$","?","R","BOSS","BOSS"],"build_version":"2019-05-28","purchased_purges":1,"victory":false,"max_hp_per_floor":[71,71,71,71,71,71,71,71,71,71,71,71,71,71,71,71,71,71,71,71,81,81,81,81,81,81,81,81,81,81,81,81,81,81,81,81,81,81,81,81,81,81,81,81,81,81,81,86,86,86,86],"card_choices":[{"not_picked":["Sweeping Beam","Streamline"],"picked":"Defragment","floor":0.0},{"not_picked":["FTL","Stack"],"picked":"Undo","floor":1.0},{"not_picked":["Cold Snap","Recycle"],"picked":"Streamline","floor":2.0},{"not_picked":["Cold Snap","Redo"],"picked":"BootSequence","floor":4.0},{"not_picked":["Streamline","Fusion"],"picked":"Self Repair","floor":5.0},{"not_picked":["Defragment","Amplify"],"picked":"Ball Lightning","floor":7.0},{"not_picked":["Thunder Strike","Blizzard","Steam"],"picked":"SKIP","floor":11.0},{"not_picked":["Redo","Hello World"],"picked":"Doom and Gloom","floor":12.0},{"not_picked":["Thunder Strike","Multi-Cast"],"picked":"Biased Cognition","floor":16.0},{"not_picked":["Stack","Hello World"],"picked":"Coolheaded","floor":18.0},{"not_picked":["Turbo","Storm"],"picked":"Sweeping Beam","floor":22.0},{"not_picked":["Darkness","Rebound"],"picked":"Loop","floor":24.0},{"not_picked":["Turbo","Streamline"],"picked":"Cold Snap","floor":28.0},{"not_picked":["Go for the Eyes","Steam"],"picked":"Reinforced Body","floor":29.0},{"not_picked":["Conserve Battery","Cold Snap"],"picked":"Loop","floor":31},{"not_picked":["Hyperbeam","Buffer"],"picked":"Reboot","floor":33},{"not_picked":["Hello World","Conserve Battery"],"picked":"Ball Lightning+1","floor":35},{"not_picked":["Conserve Battery","Beam Cell"],"picked":"Hologram","floor":37},{"not_picked":["Rebound","Barrage","Cold Snap"],"picked":"SKIP","floor":39},{"not_picked":["Stack","Lockon+1"],"picked":"Glacier","floor":40},{"not_picked":["Cold Snap","Auto Shields"],"picked":"Reboot","floor":41},{"not_picked":["Streamline","Stack"],"picked":"Loop+1","floor":44},{"not_picked":["Darkness","Hologram","Aggregate"],"picked":"SKIP","floor":45},{"not_picked":["Consume","Double Energy","Streamline"],"picked":"SKIP","floor":48},{"not_picked":["Consume","Double Energy","Streamline"],"picked":"SKIP","floor":48}],"player_experience":1283451,"relics_obtained":[{"floor":7.0,"key":"Tiny Chest"},{"floor":9.0,"key":"Omamori"},{"floor":11.0,"key":"Anchor"},{"floor":13.0,"key":"DataDisk"},{"floor":20.0,"key":"PreservedInsect"},{"floor":21.0,"key":"Pear"},{"floor":24.0,"key":"Du-Vu Doll"},{"floor":24.0,"key":"Letter Opener"},{"floor":26.0,"key":"Bronze Scales"},{"floor":28.0,"key":"Dream Catcher"},{"floor":40,"key":"Potion Belt"},{"floor":45,"key":"Blue Candle"}],"event_choices":[{"damage_healed":0.0,"max_hp_gain":0.0,"max_hp_loss":0.0,"gold_gain":0.0,"event_name":"Shining Light","player_choice":"Entered Light","floor":3.0,"gold_loss":0.0,"damage_taken":21.0,"cards_upgraded":["Streamline","Strike_B"]},{"damage_healed":0.0,"max_hp_gain":0.0,"max_hp_loss":0.0,"gold_gain":0.0,"event_name":"Colosseum","player_choice":"Fight","floor":24.0,"gold_loss":0.0,"damage_taken":0.0},{"damage_healed":0.0,"max_hp_gain":0.0,"max_hp_loss":0.0,"gold_gain":0.0,"event_name":"Colosseum","player_choice":"Fought Nobs","floor":24.0,"gold_loss":0.0,"damage_taken":0.0},{"damage_healed":0.0,"max_hp_gain":0.0,"max_hp_loss":0.0,"gold_gain":0.0,"event_name":"Beggar","player_choice":"Ignored","floor":30.0,"gold_loss":0.0,"damage_taken":0.0},{"damage_healed":0,"gold_gain":0,"player_choice":"Got Potions","damage_taken":0,"max_hp_gain":0,"max_hp_loss":0,"event_name":"Lab","floor":36,"gold_loss":0},{"damage_healed":0,"gold_gain":0,"player_choice":"Copied","damage_taken":0,"max_hp_gain":0,"max_hp_loss":0,"event_name":"Duplicator","floor":46,"gold_loss":0,"cards_obtained":["Defragment"]}],"is_beta":true,"boss_relics":[{"not_picked":["Empty Cage","Busted Crown"],"picked":"Ectoplasm"},{"not_picked":["Orrery","Coffee Dripper"],"picked":"Cursed Key"}],"items_purged_floors":[14],"is_endless":false,"potions_floor_spawned":[1,4,11,16,22,24,24,33,37,39,40],"killed_by":"Awakened One","ascension_level":20}