{"gold_per_floor":[111,111,122,136,116,116,180,196,196,213,213,213,239,239,239,312,312,330,330],"floor_reached":19,"playtime":614,"items_purged":[],"score":354,"play_id":"7e6eb583-d4fc-4c13-8917-40b8a0c0a2b6","local_time":"20190603130546","is_ascension_mode":true,"campfire_choices":[{"data":"Defragment","floor":6,"key":"SMITH"},{"data":"Defragment","floor":11,"key":"SMITH"},{"data":"Fission","floor":15,"key":"SMITH"}],"neow_cost":"NONE","seed_source_timestamp":1519771547372712,"circlet_count":0,"master_deck":["AscendersBane","Strike_B","Strike_B","Strike_B","Defend_B","Defend_B","Defend_B","Defend_B","Zap","Dualcast","Ball Lightning","Glacier","Defragment+1","Capacitor","Leap","Defragment+1","Fission+1","Echo Form","Conserve Battery"],"relics":["White Beast Statue","Tiny Chest","Pear","FossilizedHelix","Nuclear Battery"],"potions_floor_usage":[4,7,7,7,13,13,16,19,19],"damage_taken":[{"damage":1,"enemies":"Cultist","floor":1,"turns":4},{"damage":0,"enemies":"2 Louse","floor":3,"turns":2},{"damage":2,"enemies":"Jaw Worm","floor":4,"turns":5},{"damage":34,"enemies":"3 Sentries","floor":7,"turns":8},{"damage":1,"enemies":"Looter","floor":8,"turns":4},{"damage":2,"enemies":"Blue Slaver","floor":10,"turns":4},{"damage":12,"enemies":"Gremlin Nob","floor":13,"turns":4},{"damage":6,"enemies":"Hexaghost","floor":16,"turns":11},{"damage":28,"enemies":"3 Byrds","floor":18,"turns":8},{"damage":10,"enemies":"Colosseum Slavers","floor":19,"turns":10},{"damage":29,"enemies":"Colosseum Nobs","floor":19,"turns":3}],"seed_played":"-161225075024689830","potions_obtained":[{"floor":1,"key":"Energy Potion"},{"floor":3,"key":"FearPotion"},{"floor":4,"key":"GamblersBrew"},{"floor":5,"key":"EntropicBrew"},{"floor":7,"key":"EssenceOfSteel"},{"floor":10,"key":"Fire Potion"},{"floor":13,"key":"Block Potion"},{"floor":16,"key":"Block Potion"},{"floor":18,"key":"AttackPotion"}],"is_trial":false,"path_per_floor":["M","$","M","M","?","R","E","M","T","M","R","T","E","?","R","B",null,"M","?"],"character_chosen":"DEFECT","items_purchased":[],"campfire_rested":0,"item_purchase_floors":[],"current_hp_per_floor":[63,63,63,61,61,61,27,26,36,34,34,34,22,22,22,16,65,37,0],"gold":330,"neow_bonus":"BOSS_RELIC","is_prod":false,"is_daily":false,"chose_seed":false,"campfire_upgraded":3,"win_rate":0,"timestamp":1559592346,"path_taken":["M","?","M","?","?","R","E","?","T","M","R","?","E","?","R","BOSS","M","?"],"build_version":"2019-06-02","purchased_purges":0,"victory":false,"max_hp_per_floor":[71,71,71,71,71,71,71,71,81,81,81,81,81,81,81,81,81,81,81],"card_choices":[{"not_picked":["Compile Driver","Leap"],"picked":"Ball Lightning","floor":1},{"not_picked":["Ball Lightning","Gash"],"picked":"Glacier","floor":3},{"not_picked":["Cold Snap","Fusion"],"picked":"Defragment","floor":4},{"not_picked":["Stack","Darkness"],"picked":"Capacitor","floor":7},{"not_picked":["Steam","Lockon"],"picked":"Leap","floor":8},{"not_picked":["Force Field","Go for the Eyes"],"picked":"Defragment","floor":10},{"not_picked":["Force Field","Sweeping Beam"],"picked":"Fission","floor":13},{"not_picked":["Hyperbeam","Fission"],"picked":"Echo Form","floor":16},{"not_picked":["Hologram","Storm"],"picked":"Conserve Battery","floor":18}],"player_experience":1303265,"relics_obtained":[{"floor":7,"key":"Tiny Chest"},{"floor":9,"key":"Pear"},{"floor":13,"key":"FossilizedHelix"}],"event_choices":[{"damage_healed":0,"gold_gain":0,"player_choice":"Bought 1 Potion","damage_taken":0,"max_hp_gain":0,"max_hp_loss":0,"event_name":"The Woman in Blue","floor":5,"gold_loss":0},{"cards_removed":["Strike_B"],"damage_healed":0,"gold_gain":0,"player_choice":"Forget","damage_taken":0,"max_hp_gain":0,"max_hp_loss":0,"event_name":"Living Wall","floor":14,"gold_loss":0},{"damage_healed":0,"gold_gain":0,"player_choice":"Fight","damage_taken":0,"max_hp_gain":0,"max_hp_loss":0,"event_name":"Colosseum","floor":19,"gold_loss":0},{"damage_healed":0,"gold_gain":0,"player_choice":"Fought Nobs","damage_taken":0,"max_hp_gain":0,"max_hp_loss":0,"event_name":"Colosseum","floor":19,"gold_loss":0}],"is_beta":true,"boss_relics":[{"not_picked":["Ectoplasm","Empty Cage"],"picked":"Nuclear Battery"}],"items_purged_floors":[],"is_endless":false,"potions_floor_spawned":[1,3,4,7,8,10,13,16,18,19],"killed_by":"Colosseum Nobs","ascension_level":20}