{"gold_per_floor":[117,135,155,166,179,129,129,148,195,224,243,243,243,273,273,377,377,394,394,408,94,94,120,120,135,135,35,35,61,74,74,74,74],"floor_reached":33,"playtime":2358,"items_purged":["Strike_B","Strike_B"],"score":416,"play_id":"5b9f116e-32b8-432c-9be7-9966504fbdfc","local_time":"20190302191337","is_ascension_mode":true,"campfire_choices":[{"data":"Zap","floor":7,"key":"SMITH"},{"data":"Conserve Battery","floor":13,"key":"SMITH"},{"data":"Glacier","floor":15,"key":"SMITH"},{"data":"Panache","floor":24,"key":"SMITH"},{"floor":28,"key":"REST"},{"data":"Multi-Cast","floor":32,"key":"SMITH"}],"neow_cost":"NONE","seed_source_timestamp":22634501329881680,"circlet_count":0,"master_deck":["Defend_B","Defend_B","Defend_B","Defend_B","Zap+1","Dualcast","Cold Snap","White Noise","Reinforced Body","Coolheaded","Conserve Battery+1","Rip and Tear","Core Surge","Chill","Glacier+1","Machine Learning","Self Repair","Panache+1","Streamline","Cold Snap+1","BootSequence","Go for the Eyes","FTL","Multi-Cast+1"],"relics":["Philosopher\u0027s Stone","Vajra","PreservedInsect","Matryoshka","Oddly Smooth Stone","Sozu","Nunchaku","Bronze Scales","Symbiotic Virus","Gremlin Horn"],"potions_floor_usage":[11,16],"damage_taken":[{"damage":0,"enemies":"Cultist","floor":1,"turns":3},{"damage":0,"enemies":"Small Slimes","floor":2,"turns":3},{"damage":6,"enemies":"Jaw Worm","floor":3,"turns":4},{"damage":0,"enemies":"2 Fungi Beasts","floor":4,"turns":4},{"damage":1,"enemies":"Red Slaver","floor":5,"turns":3},{"damage":0,"enemies":"Looter","floor":8,"turns":4},{"damage":16,"enemies":"Gremlin Nob","floor":10,"turns":5},{"damage":9,"enemies":"Exordium Thugs","floor":11,"turns":4},{"damage":5,"enemies":"3 Sentries","floor":14,"turns":7},{"damage":1,"enemies":"The Guardian","floor":16,"turns":14},{"damage":0,"enemies":"Shell Parasite","floor":18,"turns":7},{"damage":0,"enemies":"Spheric Guardian","floor":20,"turns":6},{"damage":23,"enemies":"Slavers","floor":23,"turns":5},{"damage":39,"enemies":"Snake Plant","floor":25,"turns":4},{"damage":10,"enemies":"Book of Stabbing","floor":29,"turns":4},{"damage":0,"enemies":"Cultist and Chosen","floor":30,"turns":4},{"damage":51,"enemies":"Automaton","floor":33,"turns":12}],"seed_played":"80425063648881214","potions_obtained":[{"floor":1,"key":"Ancient Potion"},{"floor":2,"key":"Block Potion"},{"floor":8,"key":"SteroidPotion"},{"floor":11,"key":"FearPotion"}],"is_trial":false,"path_per_floor":["M","M","M","M","M","?","R","M","T","E","M","?","R","E","R","B",null,"M","?","M","$","?","E","R","M","T","$","R","E","M","?","R","B"],"character_chosen":"DEFECT","items_purchased":["Panache","Streamline"],"campfire_rested":1,"item_purchase_floors":[21,21],"current_hp_per_floor":[68,68,62,62,61,61,61,61,61,45,36,29,29,24,24,23,62,62,62,69,69,69,53,53,21,21,21,43,40,47,47,47,0],"gold":74,"neow_bonus":"BOSS_RELIC","is_prod":false,"is_daily":false,"chose_seed":false,"campfire_upgraded":5,"win_rate":0,"timestamp":1551550417,"path_taken":["M","?","M","M","M","?","R","M","T","E","M","?","R","E","R","BOSS","M","?","?","?","?","E","R","M","T","$","R","E","M","?","R","BOSS"],"build_version":"2019-01-23","purchased_purges":2,"victory":false,"max_hp_per_floor":[75,75,75,75,75,75,75,75,75,75,75,75,75,75,75,75,75,75,75,75,75,75,75,75,75,75,75,75,75,75,75,75,75],"card_choices":[{"not_picked":["Consume","Chaos"],"picked":"Cold Snap","floor":1},{"not_picked":["Scrape","Stack"],"picked":"White Noise","floor":2},{"not_picked":["Steam","Hologram"],"picked":"Reinforced Body","floor":3},{"not_picked":["Rebound","Conserve Battery"],"picked":"Coolheaded","floor":4},{"not_picked":["Heatsinks","Streamline"],"picked":"Conserve Battery","floor":5},{"not_picked":["Scrape","Conserve Battery"],"picked":"Rip and Tear","floor":8},{"not_picked":["Multi-Cast","Leap"],"picked":"Core Surge","floor":10},{"not_picked":["Conserve Battery","Barrage"],"picked":"Chill","floor":11},{"not_picked":["Aggregate","Compile Driver"],"picked":"Glacier","floor":14},{"not_picked":["Reboot","Multi-Cast"],"picked":"Machine Learning","floor":16},{"not_picked":["Leap","Go for the Eyes"],"picked":"Self Repair","floor":18},{"not_picked":["Stack","Gash+1","Chaos"],"picked":"SKIP","floor":20},{"not_picked":["Chaos","Turbo"],"picked":"Cold Snap+1","floor":23},{"not_picked":["Coolheaded","Streamline"],"picked":"BootSequence","floor":25},{"not_picked":["Recycle","Darkness+1"],"picked":"Go for the Eyes","floor":29},{"not_picked":["Rebound","Steam Power+1"],"picked":"FTL","floor":30}],"player_experience":364418,"relics_obtained":[{"floor":9,"key":"Vajra"},{"floor":10,"key":"PreservedInsect"},{"floor":14,"key":"Oddly Smooth Stone"},{"floor":23,"key":"Nunchaku"},{"floor":26,"key":"Bronze Scales"},{"floor":26,"key":"Symbiotic Virus"},{"floor":29,"key":"Gremlin Horn"}],"event_choices":[{"cards_removed":["Strike_B"],"damage_healed":0,"gold_gain":0,"player_choice":"Card Removal","damage_taken":0,"max_hp_gain":0,"max_hp_loss":0,"event_name":"The Cleric","floor":6,"gold_loss":50},{"damage_healed":0,"gold_gain":0,"player_choice":"Success","damage_taken":7,"relics_obtained":["Matryoshka"],"max_hp_gain":0,"max_hp_loss":0,"event_name":"Scrap Ooze","floor":12,"gold_loss":0},{"damage_healed":0,"gold_gain":0,"player_choice":"Got Potions","damage_taken":0,"max_hp_gain":0,"max_hp_loss":0,"event_name":"Lab","floor":19,"gold_loss":0},{"damage_healed":0,"gold_gain":0,"player_choice":"Ignored","damage_taken":0,"max_hp_gain":0,"max_hp_loss":0,"event_name":"Cursed Tome","floor":22,"gold_loss":0},{"damage_healed":0,"gold_gain":0,"cards_transformed":["Strike_B"],"player_choice":"Transformed","damage_taken":0,"max_hp_gain":0,"max_hp_loss":0,"event_name":"Transmorgrifier","floor":31,"gold_loss":0,"cards_obtained":["Multi-Cast"]}],"is_beta":false,"boss_relics":[{"not_picked":["Runic Dome","White Beast Statue"],"picked":"Sozu"}],"items_purged_floors":[21,27],"is_endless":false,"potions_floor_spawned":[1,2,8,11,23,25,29],"killed_by":"Automaton","ascension_level":8}