{"gold_per_floor":[110,385,402,402,415,415,449,449,449,449,465,465,495,506,506,582,582,582,522,522,522,522,522,522,522,522,522,522,522,391,391,391,391],"floor_reached":33,"playtime":1037,"items_purged":["Strike_R+1"],"score":582,"play_id":"78da3320-0e30-45e4-a6c9-c28c7c921fba","local_time":"20190529121629","is_ascension_mode":true,"campfire_choices":[{"data":"Immolate","floor":6,"key":"SMITH"},{"data":"True Grit","floor":8,"key":"SMITH"},{"data":"Defend_R","floor":10,"key":"SMITH"},{"data":"True Grit","floor":15,"key":"SMITH"},{"data":"Flame Barrier","floor":23,"key":"SMITH"},{"floor":27,"key":"REST"},{"data":"Rampage","floor":29,"key":"SMITH"},{"data":"Impervious","floor":32,"key":"SMITH"}],"neow_cost":"NONE","seed_source_timestamp":1084346171301402,"circlet_count":0,"master_deck":["AscendersBane","Strike_R+1","Strike_R+1","Strike_R+1","Strike_R+1","Defend_R+1","Defend_R+1","Defend_R+1","Defend_R+1","Bash+1","Headbutt","Pommel Strike+1","Immolate+1","True Grit+1","True Grit+1","Offering","Impervious+1","Flame Barrier+1","Shrug It Off","Rampage+1","Havoc+1"],"relics":["Burning Blood","Blue Candle","Frozen Egg 2","Pantograph","Ectoplasm","Matryoshka","Toxic Egg 2","Mercury Hourglass","Bag of Marbles","Red Mask"],"potions_floor_usage":[16,19,28,33],"damage_taken":[{"damage":2,"enemies":"Small Slimes","floor":1,"turns":4},{"damage":10,"enemies":"Cultist","floor":3,"turns":4},{"damage":0,"enemies":"2 Louse","floor":5,"turns":1},{"damage":11,"enemies":"Gremlin Nob","floor":7,"turns":3},{"damage":8,"enemies":"Red Slaver","floor":11,"turns":4},{"damage":10,"enemies":"3 Sentries","floor":13,"turns":2},{"damage":0,"enemies":"2 Fungi Beasts","floor":14,"turns":1},{"damage":48,"enemies":"Hexaghost","floor":16,"turns":7},{"damage":6,"enemies":"Chosen","floor":18,"turns":4},{"damage":11,"enemies":"2 Thieves","floor":19,"turns":3},{"damage":12,"enemies":"3 Cultists","floor":22,"turns":4},{"damage":40,"enemies":"Book of Stabbing","floor":25,"turns":4},{"damage":19,"enemies":"Gremlin Leader","floor":28,"turns":5},{"damage":0,"enemies":"Masked Bandits","floor":31,"turns":1},{"damage":71,"enemies":"Automaton","floor":33,"turns":10}],"seed_played":"-7962936821229734818","potions_obtained":[{"floor":3,"key":"BloodPotion"},{"floor":7,"key":"AttackPotion"},{"floor":13,"key":"LiquidBronze"},{"floor":16,"key":"Dexterity Potion"},{"floor":25,"key":"GamblersBrew"},{"floor":28,"key":"AttackPotion"}],"is_trial":false,"path_per_floor":["M","?","M","?","M","R","E","R","T","R","M","?","E","M","R","B",null,"M","M","T","?","M","R","?","E","T","R","E","R","$","?","R","B"],"character_chosen":"IRONCLAD","items_purchased":["Havoc+1"],"campfire_rested":1,"item_purchase_floors":[30],"current_hp_per_floor":[72,72,68,45,51,51,46,46,46,46,44,44,40,46,46,29,64,64,59,59,59,53,53,53,19,19,41,28,28,28,34,34,0],"gold":391,"neow_bonus":"THREE_CARDS","is_prod":false,"is_daily":false,"chose_seed":false,"campfire_upgraded":7,"win_rate":0,"timestamp":1559157389,"path_taken":["M","?","?","?","M","R","E","R","T","R","M","?","E","M","R","BOSS","M","M","?","?","M","R","?","E","T","R","E","R","$","?","R","BOSS"],"build_version":"2019-05-28","purchased_purges":1,"victory":false,"max_hp_per_floor":[75,75,75,75,75,75,75,75,75,75,75,75,75,75,75,75,75,75,75,75,75,75,75,75,75,75,75,75,75,75,75,75,75],"card_choices":[{"not_picked":["Havoc","Blood for Blood"],"picked":"Headbutt","floor":0},{"not_picked":["Havoc","Wild Strike"],"picked":"Pommel Strike","floor":1},{"not_picked":["Spot Weakness","Heavy Blade"],"picked":"Immolate","floor":3},{"not_picked":["Fire Breathing","Twin Strike","Body Slam"],"picked":"SKIP","floor":5},{"not_picked":["Hemokinesis","Rage"],"picked":"True Grit","floor":7},{"not_picked":["Headbutt","Pommel Strike"],"picked":"True Grit","floor":11},{"not_picked":["Reckless Charge","Rampage"],"picked":"Offering","floor":13},{"not_picked":["Warcry","Flex","Iron Wave"],"picked":"SKIP","floor":14},{"not_picked":["Brutality+1","Limit Break"],"picked":"Impervious","floor":16},{"not_picked":["Body Slam","Searing Blow"],"picked":"Flame Barrier","floor":18},{"not_picked":["Sentinel","Wild Strike","Carnage"],"picked":"SKIP","floor":19},{"not_picked":["Sentinel","Heavy Blade"],"picked":"Shrug It Off","floor":22},{"not_picked":["Sentinel","Perfected Strike","Bloodletting"],"picked":"SKIP","floor":25},{"not_picked":["Rupture+1","Sword Boomerang+1"],"picked":"Rampage","floor":28}],"player_experience":1282414,"relics_obtained":[{"floor":7,"key":"Blue Candle"},{"floor":9,"key":"Frozen Egg 2"},{"floor":13,"key":"Pantograph"},{"floor":25,"key":"Matryoshka"},{"floor":26,"key":"Toxic Egg 2"},{"floor":26,"key":"Mercury Hourglass"},{"floor":28,"key":"Bag of Marbles"},{"floor":31,"key":"Red Mask"}],"event_choices":[{"damage_healed":0,"gold_gain":275,"player_choice":"Desecrate","damage_taken":0,"max_hp_gain":0,"max_hp_loss":0,"event_name":"Golden Shrine","floor":2,"gold_loss":0,"cards_obtained":["Regret"]},{"damage_healed":0,"gold_gain":0,"player_choice":"Entered Light","damage_taken":23,"max_hp_gain":0,"max_hp_loss":0,"event_name":"Shining Light","floor":4,"gold_loss":0,"cards_upgraded":["Pommel Strike","Bash"]},{"cards_removed":["Regret"],"damage_healed":0,"gold_gain":0,"player_choice":"Purged","damage_taken":0,"max_hp_gain":0,"max_hp_loss":0,"event_name":"Purifier","floor":12,"gold_loss":0},{"damage_healed":0,"gold_gain":0,"player_choice":"Simplicity","damage_taken":0,"max_hp_gain":0,"max_hp_loss":0,"event_name":"Back to Basics","floor":21,"gold_loss":0,"cards_upgraded":["Strike_R","Strike_R","Strike_R","Strike_R","Strike_R","Defend_R","Defend_R","Defend_R"]},{"damage_healed":0,"gold_gain":0,"player_choice":"Ignored","damage_taken":0,"max_hp_gain":0,"max_hp_loss":0,"event_name":"The Mausoleum","floor":24,"gold_loss":0},{"damage_healed":0,"gold_gain":0,"player_choice":"Fought Bandits","damage_taken":0,"max_hp_gain":0,"max_hp_loss":0,"event_name":"Masked Bandits","floor":31,"gold_loss":0}],"is_beta":true,"boss_relics":[{"not_picked":["Lizard Tail","Runic Dome"],"picked":"Ectoplasm"}],"items_purged_floors":[30],"is_endless":false,"potions_floor_spawned":[3,7,13,14,16,25,28,31],"killed_by":"Automaton","ascension_level":20}