{"gold_per_floor":[115,135,135,68,68,68,68,107,107,143,143,158,227,251,251,370,370,383,406,79,79,94,94,137,160,160,178,178,219,28,28,28,153,153,168,88,109,125,25,60,60,84,155,155,176,219,243,243,243,243],"floor_reached":51,"playtime":7645,"items_purged":["Strike_G","Defend_G"],"score":1011,"play_id":"72d9ae4f-641c-4338-ad22-11633c378d81","local_time":"20190613005658","is_ascension_mode":true,"campfire_choices":[{"data":"Backflip","floor":6.0,"key":"SMITH"},{"floor":11.0,"key":"REST"},{"data":"After Image","floor":15.0,"key":"SMITH"},{"data":"After Image","floor":23.0,"key":"SMITH"},{"data":"Secret Weapon","floor":32.0,"key":"SMITH"},{"data":"Night Terror","floor":41,"key":"SMITH"},{"data":"Accuracy","floor":44,"key":"SMITH"},{"data":"Cloak And Dagger","floor":49,"key":"SMITH"}],"neow_cost":"NONE","seed_source_timestamp":8419560564098,"circlet_count":0,"master_deck":["Defend_G","Defend_G+1","Defend_G","Strike_G","Strike_G","Survivor","Neutralize","Backflip+1","Riddle With Holes","Backflip","Noxious Fumes","Venomology","Slice","Slice","Cloak And Dagger+1","Predator","After Image+1","After Image+1","Cloak And Dagger+1","Backflip+1","Well Laid Plans","Secret Weapon+1","Skewer","Outmaneuver+1","Cloak And Dagger+1","Deflect","Cloak And Dagger+1","Thinking Ahead","Adrenaline","Deflect","PiercingWail+1","Masterful Stab","Calculated Gamble","Die Die Die","Flying Knee+1","Accuracy+1","Escape Plan","Blade Dance+1","Night Terror+1","Acrobatics+1","Finisher","Cloak And Dagger+1","Masterful Stab"],"special_seed":0,"relics":["Ring of the Snake","Golden Idol","Shuriken","Pantograph","Bottled Lightning","Mummified Hand","Tiny Chest","Black Star","Thread and Needle","Snake Skull","Juzu Bracelet","Potion Belt","War Paint","Enchiridion","Orrery","Orichalcum","Omamori","Kunai","Mercury Hourglass","Regal Pillow"],"potions_floor_usage":[37,38,38,40,40,40,45,45,46,46,50,50],"damage_taken":[{"damage":0.0,"enemies":"Cultist","floor":1.0,"turns":5.0},{"damage":0.0,"enemies":"Jaw Worm","floor":2.0,"turns":5.0},{"damage":12.0,"enemies":"Lagavulin","floor":8.0,"turns":10.0},{"damage":16.0,"enemies":"Gremlin Nob","floor":10.0,"turns":4.0},{"damage":6.0,"enemies":"2 Louse","floor":12.0,"turns":3.0},{"damage":7.0,"enemies":"Lagavulin","floor":13.0,"turns":9.0},{"damage":2.0,"enemies":"2 Fungi Beasts","floor":14.0,"turns":4.0},{"damage":5.0,"enemies":"Slime Boss","floor":16.0,"turns":9.0},{"damage":0.0,"enemies":"Spheric Guardian","floor":18.0,"turns":6.0},{"damage":0.0,"enemies":"Chosen","floor":19.0,"turns":4.0},{"damage":0.0,"enemies":"Centurion and Healer","floor":22.0,"turns":6.0},{"damage":0.0,"enemies":"Slavers","floor":24.0,"turns":6.0},{"damage":0.0,"enemies":"Snecko","floor":25.0,"turns":6.0},{"damage":0.0,"enemies":"Snake Plant","floor":27.0,"turns":6.0},{"damage":0.0,"enemies":"Book of Stabbing","floor":29.0,"turns":6.0},{"damage":0.0,"enemies":"Champ","floor":33.0,"turns":10.0},{"damage":0,"enemies":"3 Darklings","floor":35,"turns":4},{"damage":0,"enemies":"3 Shapes","floor":37,"turns":3},{"damage":0,"enemies":"3 Darklings","floor":38,"turns":6},{"damage":0,"enemies":"Giant Head","floor":40,"turns":7},{"damage":0,"enemies":"Jaw Worm Horde","floor":42,"turns":6},{"damage":0,"enemies":"Maw","floor":45,"turns":6},{"damage":0,"enemies":"Reptomancer","floor":46,"turns":6},{"damage":0,"enemies":"Writhing Mass","floor":47,"turns":5},{"damage":0,"enemies":"Awakened One","floor":50,"turns":10}],"seed_played":"3527755711814259443","potions_obtained":[{"floor":1.0,"key":"Explosive Potion"},{"floor":14.0,"key":"Energy Potion"},{"floor":16.0,"key":"GamblersBrew"},{"floor":22.0,"key":"EntropicBrew"},{"floor":25.0,"key":"Energy Potion"},{"floor":38,"key":"Strength Potion"},{"floor":42,"key":"GamblersBrew"}],"is_trial":false,"path_per_floor":["M","M","?","$","?","R","?","E","T","E","R","M","E","M","R","B",null,"M","M","$","?","M","R","E","M","T","M","?","E","$","?","R","B",null,"M","$","M","M","$","E","R","M","T","R","M","E","M","?","R","B",null],"character_chosen":"THE_SILENT","items_purchased":["Noxious Fumes","Well Laid Plans","Secret Weapon","Thinking Ahead","Accuracy"],"campfire_rested":1,"item_purchase_floors":[4,20,20,30,36],"current_hp_per_floor":[70,70,53,53,50,50,50,53,53,37,58,52,45,43,43,63,70,70,70,70,70,70,70,70,70,70,70,70,70,70,54,54,70,70,70,70,70,70,70,70,70,70,70,70,70,70,70,70,70,70],"gold":243,"neow_bonus":"THREE_CARDS","is_prod":false,"is_daily":false,"chose_seed":false,"campfire_upgraded":7,"win_rate":0,"timestamp":1560401818,"path_taken":["M","M","?","$","?","R","?","E","T","E","R","M","E","M","R","BOSS","M","M","$","?","?","R","E","M","T","M","?","E","$","?","R","BOSS","M","$","M","M","$","E","R","M","T","R","M","E","M","?","R","BOSS"],"build_version":"2019-01-23","purchased_purges":2,"victory":true,"max_hp_per_floor":[70,70,70,70,70,70,70,70,70,70,70,70,70,70,70,70,70,70,70,70,70,70,70,70,70,70,70,70,70,70,70,70,70,70,70,70,70,70,70,70,70,70,70,70,70,70,70,70,70,70],"card_choices":[{"not_picked":["Choke","Outmaneuver"],"picked":"Backflip","floor":0.0},{"not_picked":["Blade Dance","Sucker Punch"],"picked":"Riddle With Holes","floor":1.0},{"not_picked":["Leg Sweep","Prepared"],"picked":"Backflip","floor":2.0},{"not_picked":["Acrobatics","Crippling Poison"],"picked":"Slice","floor":8.0},{"not_picked":["Dodge and Roll","Dash"],"picked":"Slice","floor":10.0},{"not_picked":["Deflect","Heel Hook"],"picked":"Cloak And Dagger","floor":12.0},{"not_picked":["Poisoned Stab","Outmaneuver"],"picked":"Predator","floor":13.0},{"not_picked":["Deflect","Poisoned Stab"],"picked":"After Image","floor":14.0},{"not_picked":["Burst","Glass Knife"],"picked":"After Image","floor":16.0},{"not_picked":["Masterful Stab","Leg Sweep"],"picked":"Cloak And Dagger+1","floor":18.0},{"not_picked":["Underhanded Strike","Dagger Throw"],"picked":"Backflip+1","floor":19.0},{"not_picked":["Predator","Crippling Poison"],"picked":"Skewer","floor":22.0},{"not_picked":["Bouncing Flask+1","Dagger Spray"],"picked":"Outmaneuver+1","floor":24.0},{"not_picked":["Crippling Poison","Distraction"],"picked":"Cloak And Dagger","floor":25.0},{"not_picked":["Prepared","Cloak And Dagger"],"picked":"Deflect","floor":27.0},{"not_picked":["Envenom","Quick Slash+1"],"picked":"Cloak And Dagger+1","floor":29.0},{"not_picked":["Burst","Corpse Explosion"],"picked":"Adrenaline","floor":33.0},{"not_picked":["Reflex+1","Bane"],"picked":"Deflect","floor":34},{"not_picked":["Slice","Heel Hook"],"picked":"PiercingWail+1","floor":34},{"not_picked":["Backstab","Noxious Fumes+1"],"picked":"Masterful Stab","floor":34},{"not_picked":["Dagger Spray+1","Dodge and Roll"],"picked":"Calculated Gamble","floor":34},{"not_picked":["Dagger Throw","Bane"],"picked":"Die Die Die","floor":34},{"not_picked":["Dagger Throw","Outmaneuver"],"picked":"Flying Knee+1","floor":35},{"not_picked":["Acrobatics+1","Deadly Poison"],"picked":"Escape Plan","floor":37},{"not_picked":["Noxious Fumes+1","Dash"],"picked":"Blade Dance+1","floor":38},{"not_picked":["Noxious Fumes","Poisoned Stab"],"picked":"Night Terror","floor":40},{"not_picked":["Deadly Poison+1","Flying Knee"],"picked":"Acrobatics+1","floor":42},{"not_picked":["Dagger Spray+1","Prepared"],"picked":"Finisher","floor":45},{"not_picked":["Night Terror","Sucker Punch+1"],"picked":"Cloak And Dagger+1","floor":46},{"not_picked":["Dodge and Roll","PiercingWail+1"],"picked":"Masterful Stab","floor":47}],"player_experience":70286,"relics_obtained":[{"floor":8.0,"key":"Pantograph"},{"floor":9.0,"key":"Bottled Lightning"},{"floor":10.0,"key":"Mummified Hand"},{"floor":13.0,"key":"Tiny Chest"},{"floor":24.0,"key":"Thread and Needle"},{"floor":24.0,"key":"Snake Skull"},{"floor":26.0,"key":"Juzu Bracelet"},{"floor":29.0,"key":"Potion Belt"},{"floor":29.0,"key":"War Paint"},{"floor":31.0,"key":"Enchiridion"},{"floor":40,"key":"Orichalcum"},{"floor":40,"key":"Omamori"},{"floor":43,"key":"Kunai"},{"floor":46,"key":"Mercury Hourglass"},{"floor":46,"key":"Regal Pillow"}],"event_choices":[{"damage_healed":0.0,"max_hp_gain":0.0,"max_hp_loss":0.0,"gold_gain":0.0,"event_name":"Golden Idol","player_choice":"Take Damage","floor":3.0,"gold_loss":0.0,"damage_taken":17.0,"relics_obtained":["Golden Idol"]},{"damage_healed":0.0,"max_hp_gain":0.0,"max_hp_loss":0.0,"gold_gain":0.0,"event_name":"Scrap Ooze","player_choice":"Success","floor":5.0,"gold_loss":0.0,"damage_taken":3.0,"relics_obtained":["Shuriken"]},{"damage_healed":0.0,"max_hp_gain":0.0,"max_hp_loss":0.0,"gold_gain":0.0,"cards_transformed":["Strike_G"],"event_name":"Living Wall","player_choice":"Change","floor":7.0,"gold_loss":0.0,"damage_taken":0.0,"cards_obtained":["Venomology"]},{"cards_removed":["Strike_G"],"damage_healed":0.0,"max_hp_gain":0.0,"max_hp_loss":0.0,"gold_gain":0.0,"event_name":"Bonfire Elementals","player_choice":"Offered Basic","floor":21.0,"gold_loss":0.0,"damage_taken":0.0},{"damage_healed":0.0,"max_hp_gain":0.0,"max_hp_loss":0.0,"gold_gain":0.0,"event_name":"Vampires","player_choice":"Ignored","floor":28.0,"gold_loss":0.0,"damage_taken":0.0},{"damage_healed":0.0,"max_hp_gain":0.0,"max_hp_loss":0.0,"gold_gain":0.0,"event_name":"Cursed Tome","player_choice":"Obtained Book","floor":31.0,"gold_loss":0.0,"damage_taken":16.0},{"cards_removed":["Defend_G"],"damage_healed":0,"gold_gain":0,"player_choice":"Removed Skill","damage_taken":0,"max_hp_gain":0,"max_hp_loss":0,"event_name":"Falling","floor":48,"gold_loss":0}],"is_beta":false,"boss_relics":[{"not_picked":["Runic Pyramid","Velvet Choker"],"picked":"Black Star"},{"not_picked":["Eternal Feather","Philosopher\u0027s Stone"],"picked":"Orrery"}],"items_purged_floors":[20,39],"is_endless":false,"potions_floor_spawned":[1,14,16,18,22,25,38,42],"ascension_level":1}