{"gold_per_floor":[115,135,149,165,185,216,216,231,231,231,406,434,449,460,460,560,560,560,560,560,560,560,560,560,560,560,560,560,560,560,560,560,560],"floor_reached":33,"playtime":1668,"items_purged":[],"score":281,"play_id":"ac574dbe-f931-4bf3-9d71-b5bae8506c42","local_time":"20190606153444","is_ascension_mode":false,"campfire_choices":[{"floor":7.0,"key":"REST"},{"data":"Corruption","floor":10.0,"key":"SMITH"},{"floor":15.0,"key":"REST"},{"data":"Limit Break","floor":23.0,"key":"SMITH"},{"data":"Spot Weakness","floor":25.0,"key":"SMITH"},{"floor":28.0,"key":"REST"},{"floor":32.0,"key":"REST"}],"neow_cost":"NONE","seed_source_timestamp":428554891442,"circlet_count":0,"master_deck":["Strike_R","Strike_R","Strike_R","Strike_R","Strike_R","Defend_R","Defend_R","Defend_R","Defend_R","Bash","Inflame","Shockwave","Clothesline","Warcry","Headbutt","Sword Boomerang","Corruption+1","Doubt","Spot Weakness+1","Iron Wave","Iron Wave","Limit Break+1","Limit Break","RitualDagger","Cleave+1","Ghostly Armor","Iron Wave"],"special_seed":0,"relics":["Burning Blood","Gremlin Horn","Juzu Bracelet","Champion Belt","Ectoplasm","Potion Belt","Self Forming Clay"],"potions_floor_usage":[33,33,33],"damage_taken":[{"damage":1.0,"enemies":"Cultist","floor":1.0,"turns":3.0},{"damage":5.0,"enemies":"Small Slimes","floor":2.0,"turns":3.0},{"damage":2.0,"enemies":"2 Louse","floor":3.0,"turns":3.0},{"damage":32.0,"enemies":"Exordium Thugs","floor":4.0,"turns":7.0},{"damage":16.0,"enemies":"3 Louse","floor":5.0,"turns":6.0},{"damage":48.0,"enemies":"Lagavulin","floor":6.0,"turns":8.0},{"damage":19.0,"enemies":"2 Fungi Beasts","floor":8.0,"turns":3.0},{"damage":4.0,"enemies":"Gremlin Nob","floor":12.0,"turns":3.0},{"damage":21.0,"enemies":"Gremlin Gang","floor":13.0,"turns":4.0},{"damage":3.0,"enemies":"3 Louse","floor":14.0,"turns":3.0},{"damage":28.0,"enemies":"Hexaghost","floor":16.0,"turns":8.0},{"damage":0.0,"enemies":"2 Thieves","floor":18.0,"turns":1.0},{"damage":38.0,"enemies":"Spheric Guardian","floor":22.0,"turns":6.0},{"damage":27.0,"enemies":"Slavers","floor":24.0,"turns":5.0},{"damage":17.0,"enemies":"Chosen and Byrds","floor":27.0,"turns":5.0},{"damage":29.0,"enemies":"Shelled Parasite and Fungi","floor":29.0,"turns":5.0},{"damage":14.0,"enemies":"3 Cultists","floor":31.0,"turns":5.0},{"damage":45,"enemies":"Collector","floor":33,"turns":7}],"seed_played":"-6107730606899444655","potions_obtained":[{"floor":2.0,"key":"Weak Potion"},{"floor":6.0,"key":"Dexterity Potion"},{"floor":8.0,"key":"Strength Potion"},{"floor":13.0,"key":"Energy Potion"},{"floor":14.0,"key":"SmokeBomb"},{"floor":16.0,"key":"SneckoOil"},{"floor":24.0,"key":"SpeedPotion"},{"floor":29.0,"key":"LiquidBronze"},{"floor":31.0,"key":"PowerPotion"}],"is_trial":false,"path_per_floor":["M","M","M","M","M","E","R","M","T","R","?","E","M","M","R","B",null,"M","?","?","?","M","R","E","R","T","M","R","M","?","M","R","B"],"character_chosen":"IRONCLAD","items_purchased":[],"campfire_rested":4,"item_purchase_floors":[],"current_hp_per_floor":[88,88,88,62,52,10,36,23,23,23,23,25,10,13,39,17,88,88,88,88,82,50,50,29,29,29,18,44,21,21,13,39,0],"gold":560,"neow_bonus":"TEN_PERCENT_HP_BONUS","is_prod":false,"is_daily":false,"chose_seed":false,"campfire_upgraded":3,"win_rate":0,"timestamp":1559831684,"path_taken":["M","M","M","M","?","E","R","M","T","R","?","E","M","M","R","BOSS","M","?","?","?","M","R","E","R","T","M","R","M","?","M","R","BOSS"],"build_version":"2019-01-23","purchased_purges":0,"victory":false,"max_hp_per_floor":[88,88,88,88,88,88,88,88,88,88,88,88,88,88,88,88,88,88,88,88,88,88,88,88,88,88,88,88,88,88,88,88,88],"card_choices":[{"not_picked":["Warcry","Pommel Strike"],"picked":"Inflame","floor":1.0},{"not_picked":["Rupture","Clash"],"picked":"Shockwave","floor":2.0},{"not_picked":["Warcry","True Grit"],"picked":"Clothesline","floor":3.0},{"not_picked":["Perfected Strike","Blood for Blood"],"picked":"Warcry","floor":4.0},{"not_picked":["Twin Strike","Seeing Red"],"picked":"Headbutt","floor":5.0},{"not_picked":["Dark Embrace","Perfected Strike"],"picked":"Sword Boomerang","floor":6.0},{"not_picked":["Inflame","Thunderclap"],"picked":"Corruption","floor":8.0},{"not_picked":["Warcry","Flame Barrier"],"picked":"Spot Weakness","floor":12.0},{"not_picked":["Blood for Blood","Clash"],"picked":"Iron Wave","floor":13.0},{"not_picked":["Combust","Headbutt"],"picked":"Iron Wave","floor":14.0},{"not_picked":["Feed","Brutality"],"picked":"Limit Break","floor":16.0},{"not_picked":["Havoc","Corruption"],"picked":"Cleave+1","floor":22.0},{"not_picked":["Searing Blow","Impervious"],"picked":"Ghostly Armor","floor":24.0},{"not_picked":["Pommel Strike","Rupture"],"picked":"Iron Wave","floor":27.0},{"not_picked":["Whirlwind","Anger","Headbutt+1"],"picked":"SKIP","floor":29.0},{"not_picked":["Heavy Blade","Warcry","Reckless Charge+1"],"picked":"SKIP","floor":31.0}],"player_experience":765192,"relics_obtained":[{"floor":6.0,"key":"Gremlin Horn"},{"floor":9.0,"key":"Juzu Bracelet"},{"floor":12.0,"key":"Champion Belt"},{"floor":24.0,"key":"Potion Belt"},{"floor":26.0,"key":"Self Forming Clay"}],"event_choices":[{"damage_healed":0.0,"max_hp_gain":0.0,"max_hp_loss":0.0,"gold_gain":175.0,"event_name":"Liars Game","player_choice":"AGREE","floor":11.0,"gold_loss":0.0,"damage_taken":0.0,"cards_obtained":["Doubt"]},{"damage_healed":0.0,"max_hp_gain":0.0,"max_hp_loss":0.0,"gold_gain":0.0,"event_name":"The Mausoleum","player_choice":"Ignored","floor":19.0,"gold_loss":0.0,"damage_taken":0.0},{"damage_healed":0.0,"max_hp_gain":0.0,"max_hp_loss":0.0,"gold_gain":0.0,"event_name":"Duplicator","player_choice":"Copied","floor":20.0,"gold_loss":0.0,"damage_taken":0.0,"cards_obtained":["Limit Break"]},{"damage_healed":0.0,"max_hp_gain":0.0,"max_hp_loss":0.0,"gold_gain":0.0,"event_name":"Nest","player_choice":"Joined the Cult","floor":21.0,"gold_loss":0.0,"damage_taken":6.0,"cards_obtained":["RitualDagger"]},{"damage_healed":0.0,"max_hp_gain":0.0,"max_hp_loss":0.0,"gold_gain":0.0,"event_name":"Cursed Tome","player_choice":"Ignored","floor":30.0,"gold_loss":0.0,"damage_taken":0.0}],"is_beta":false,"boss_relics":[{"not_picked":["Runic Dome","Runic Cube"],"picked":"Ectoplasm"}],"items_purged_floors":[],"is_endless":false,"potions_floor_spawned":[2,6,8,13,14,16,24,29,31],"killed_by":"Collector","ascension_level":0}