{"gold_per_floor":[112,132,142,20,39,73,73,108,154,172,2,2,2,14,14,116,116,130,147,160,250,135,148,148,148,148,148,148,158,90,108,108,204,204,223,237,255,75,94,5,0,0,75,94,111,8,8,28,28,28],"floor_reached":50,"playtime":5184,"items_purged":[],"score":533,"play_id":"2b445179-9909-4800-b27c-06fed108cc55","local_time":"20190613000237","is_ascension_mode":false,"campfire_choices":[{"floor":7,"key":"REST"},{"floor":13,"key":"REST"},{"data":"Defragment","floor":15,"key":"SMITH"},{"floor":25,"key":"REST"},{"floor":27,"key":"REST"},{"floor":32,"key":"REST"},{"floor":47,"key":"REST"},{"data":"Defragment","floor":49,"key":"SMITH"}],"neow_cost":"NONE","seed_source_timestamp":9059764276800,"circlet_count":0,"master_deck":["Strike_B","Strike_B","Strike_B","Strike_B","Defend_B","Defend_B","Defend_B","Defend_B","Zap","Dualcast","Ball Lightning","Leap","Self Repair","Defragment+1","Sweeping Beam","Thunder Strike","Conserve Battery","Melter+1","Electrodynamics","Cold Snap+1","Redo","Leap","Echo Form","Rebound+1","Ball Lightning+1","Leap","Static Discharge","Auto Shields","Gash+1","Melter+1","Gash+1","Rainbow","Defragment+1","Gash+1","Good Instincts","Doubt","Compile Driver+1","Streamline+1","Blizzard+1","Loop"],"relics":["FrozenCore","Strawberry","Shuriken","Molten Egg 2","Anchor","Enchiridion","Incense Burner","MutagenicStrength","Busted Crown","Lantern","Red Mask","Toxic Egg 2"],"potions_floor_usage":[6,6,6,16,20,33,50,50],"damage_taken":[{"damage":0,"enemies":"Cultist","floor":1,"turns":3},{"damage":0,"enemies":"2 Louse","floor":2,"turns":2},{"damage":5,"enemies":"Small Slimes","floor":3,"turns":3},{"damage":5,"enemies":"Looter","floor":5,"turns":3},{"damage":37,"enemies":"Lagavulin","floor":6,"turns":7},{"damage":25,"enemies":"3 Sentries","floor":8,"turns":6},{"damage":7,"enemies":"Red Slaver","floor":10,"turns":4},{"damage":0,"enemies":"2 Fungi Beasts","floor":14,"turns":3},{"damage":0,"enemies":"Slime Boss","floor":16,"turns":6},{"damage":25,"enemies":"2 Thieves","floor":18,"turns":5},{"damage":10,"enemies":"Spheric Guardian","floor":19,"turns":5},{"damage":1,"enemies":"Snecko","floor":20,"turns":7},{"damage":1,"enemies":"Cultist and Chosen","floor":23,"turns":6},{"damage":8,"enemies":"Sentry and Sphere","floor":29,"turns":5},{"damage":3,"enemies":"3 Cultists","floor":31,"turns":6},{"damage":13,"enemies":"Collector","floor":33,"turns":10},{"damage":1,"enemies":"3 Shapes","floor":35,"turns":3},{"damage":2,"enemies":"Orb Walker","floor":36,"turns":4},{"damage":30,"enemies":"3 Darklings","floor":37,"turns":6},{"damage":35,"enemies":"Spire Growth","floor":39,"turns":4},{"damage":30,"enemies":"Writhing Mass","floor":44,"turns":7},{"damage":21,"enemies":"4 Shapes","floor":45,"turns":8},{"damage":0,"enemies":"Maw","floor":48,"turns":7},{"damage":117,"enemies":"Awakened One","floor":50,"turns":8}],"seed_played":"-2117827259692048790","potions_obtained":[{"floor":3,"key":"Swift Potion"},{"floor":5,"key":"Strength Potion"},{"floor":6,"key":"FairyPotion"},{"floor":10,"key":"Block Potion"},{"floor":12,"key":"Ancient Potion"},{"floor":18,"key":"PowerPotion"},{"floor":20,"key":"EssenceOfSteel"},{"floor":35,"key":"SpeedPotion"}],"is_trial":false,"path_per_floor":["M","M","M","$","M","E","R","E","T","M","$","?","R","M","R","B",null,"M","M","M","?","$","M","?","R","T","R","?","M","$","M","R","B",null,"M","M","M","$","M","$","?","?","T","M","M","$","R","M","R","B"],"character_chosen":"DEFECT","items_purchased":["Defragment","SteroidPotion","Electrodynamics","Cold Snap+1","Redo","Static Discharge","Auto Shields","Melter+1","Lantern","Defragment","Good Instincts","Blizzard+1","Loop"],"campfire_rested":6,"item_purchase_floors":[4,4,11,11,11,22,22,30,38,38,40,46,46],"current_hp_per_floor":[82,82,77,77,79,49,73,48,48,48,48,48,72,79,79,82,82,64,61,67,51,51,50,34,58,58,82,82,74,74,71,82,76,82,82,80,57,57,22,22,22,82,82,59,45,45,69,82,82,0],"gold":28,"neow_bonus":"RANDOM_COMMON_RELIC","is_prod":false,"is_daily":false,"chose_seed":false,"campfire_upgraded":2,"win_rate":0.0,"timestamp":1560409357,"path_taken":["M","M","M","$","M","E","R","E","T","M","?","?","R","M","R","BOSS","M","?","M","?","?","M","?","R","T","R","?","M","?","M","R","BOSS","M","M","M","?","M","$","?","?","T","M","M","?","R","M","R","BOSS"],"build_version":"2019-01-23","purchased_purges":0,"victory":false,"max_hp_per_floor":[82,82,82,82,82,82,82,82,82,82,82,82,82,82,82,82,82,82,82,82,82,82,82,82,82,82,82,82,82,82,82,82,82,82,82,82,82,82,82,82,82,82,82,82,82,82,82,82,82,82],"card_choices":[{"not_picked":["Rebound","Beam Cell"],"picked":"Ball Lightning","floor":1},{"not_picked":["Coolheaded","Aggregate"],"picked":"Leap","floor":2},{"not_picked":["Streamline","Rebound"],"picked":"Self Repair","floor":3},{"not_picked":["Ball Lightning","Consume"],"picked":"Sweeping Beam","floor":5},{"not_picked":["Genetic Algorithm","Chaos"],"picked":"Thunder Strike","floor":6},{"not_picked":["Storm","Stack"],"picked":"Conserve Battery","floor":8},{"not_picked":["Rip and Tear+1","Hello World"],"picked":"Melter+1","floor":10},{"not_picked":["Streamline+1","Barrage+1"],"picked":"Leap","floor":14},{"not_picked":["Reboot","Creative AI"],"picked":"Echo Form","floor":16},{"not_picked":["Streamline+1","Melter+1"],"picked":"Rebound+1","floor":18},{"not_picked":["Compile Driver+1","Aggregate"],"picked":"Ball Lightning+1","floor":19},{"not_picked":["Rebound+1","Beam Cell+1"],"picked":"Leap","floor":20},{"not_picked":["Machine Learning","Consume","Rebound+1"],"picked":"SKIP","floor":23},{"not_picked":["Scrape+1","Compile Driver+1"],"picked":"Gash+1","floor":29},{"not_picked":["Scrape+1","Undo"],"picked":"Gash+1","floor":31},{"not_picked":["Reboot","Machine Learning"],"picked":"Rainbow","floor":33},{"not_picked":["Steam"],"picked":"SKIP","floor":35},{"not_picked":["Beam Cell+1"],"picked":"SKIP","floor":36},{"not_picked":["Rebound+1"],"picked":"SKIP","floor":37},{"not_picked":[],"picked":"Gash+1","floor":39},{"not_picked":[],"picked":"Compile Driver+1","floor":44},{"not_picked":[],"picked":"Streamline+1","floor":45},{"not_picked":["Genetic Algorithm+1"],"picked":"SKIP","floor":48}],"player_experience":15503,"relics_obtained":[{"floor":6,"key":"Shuriken"},{"floor":8,"key":"Molten Egg 2"},{"floor":9,"key":"Anchor"},{"floor":24,"key":"Enchiridion"},{"floor":26,"key":"Incense Burner"},{"floor":43,"key":"Toxic Egg 2"}],"event_choices":[{"damage_healed":0,"gold_gain":0,"player_choice":"Got Potions","damage_taken":0,"max_hp_gain":0,"max_hp_loss":0,"event_name":"Lab","floor":12,"gold_loss":0},{"damage_healed":0,"gold_gain":90,"player_choice":"GOLD ","damage_taken":16,"max_hp_gain":0,"max_hp_loss":0,"event_name":"Knowing Skull","floor":21,"potions_obtained":[],"gold_loss":0,"cards_obtained":[]},{"damage_healed":0,"gold_gain":0,"player_choice":"Obtained Book","damage_taken":16,"max_hp_gain":0,"max_hp_loss":0,"event_name":"Cursed Tome","floor":24,"gold_loss":0},{"damage_healed":0,"gold_gain":0,"player_choice":"Inject Mutagens","damage_taken":0,"relics_obtained":["MutagenicStrength"],"max_hp_gain":0,"max_hp_loss":0,"event_name":"Drug Dealer","floor":28,"gold_loss":0},{"damage_healed":0,"gold_gain":0,"player_choice":"Paid","damage_taken":0,"relics_obtained":["Red Mask"],"max_hp_gain":0,"max_hp_loss":0,"event_name":"Tomb of Lord Red Mask","floor":41,"gold_loss":5},{"damage_healed":60,"gold_gain":0,"player_choice":"Heal","damage_taken":0,"max_hp_gain":0,"max_hp_loss":0,"event_name":"MindBloom","floor":42,"gold_loss":0,"cards_obtained":["Doubt"]}],"is_beta":false,"boss_relics":[{"not_picked":["Runic Dome","Snecko Eye"],"picked":"FrozenCore"},{"not_picked":["Coffee Dripper","Philosopher\u0027s Stone"],"picked":"Busted Crown"}],"items_purged_floors":[],"is_endless":false,"potions_floor_spawned":[3,5,6,10,18,20,31,35,39,48],"killed_by":"Awakened One","ascension_level":0}