{"gold_per_floor":[114,128,146,146,165,165,181,18,18,30,64,64,80,95,95,167,167,181,44,44,44,58,58,58,69,69,69,88,88,88,106,106,180,180,194,0,50,64,77,77,108,108,161,161,161],"floor_reached":45,"playtime":2710,"items_purged":["Strike_G","Strike_G"],"score":832,"play_id":"0989a179-2475-43dc-80f9-854a541bade2","local_time":"20190310151135","is_ascension_mode":true,"campfire_choices":[{"data":"Phantasmal Killer","floor":6,"key":"SMITH"},{"data":"Backflip","floor":15,"key":"SMITH"},{"data":"Caltrops","floor":23,"key":"SMITH"},{"data":"Backflip","floor":30,"key":"SMITH"},{"floor":32,"key":"REST"},{"floor":40,"key":"REST"},{"floor":42,"key":"REST"}],"neow_cost":"NONE","seed_source_timestamp":23310882023489184,"circlet_count":0,"master_deck":["AscendersBane","Defend_G","Defend_G","Defend_G","Defend_G","Defend_G","Survivor","Neutralize+1","Flying Knee","Dagger Throw","Phantasmal Killer+1","Cloak And Dagger","Caltrops+1","Infinite Blades","Finesse","Accuracy","Backflip+1","PiercingWail","Backflip","Die Die Die","Cloak And Dagger","Accuracy","Bite","Bite","Bite","Bite","Backflip+1","RitualDagger","Crippling Poison","Backstab","Infinite Blades","Doppelganger","Deflect+1","Cloak And Dagger+1","Deflect"],"relics":["Ring of the Snake","Meat on the Bone","Shuriken","Sozu","Gremlin Horn","MutagenicStrength","WristBlade","Red Mask","Ninja Scroll","Art of War"],"potions_floor_usage":[7,11,33],"damage_taken":[{"damage":0,"enemies":"Jaw Worm","floor":1,"turns":5},{"damage":0,"enemies":"Cultist","floor":2,"turns":4},{"damage":0,"enemies":"2 Louse","floor":3,"turns":3},{"damage":16,"enemies":"Red Slaver","floor":5,"turns":5},{"damage":18,"enemies":"Exordium Wildlife","floor":7,"turns":8},{"damage":0,"enemies":"Blue Slaver","floor":10,"turns":4},{"damage":13,"enemies":"3 Sentries","floor":11,"turns":6},{"damage":0,"enemies":"Looter","floor":13,"turns":3},{"damage":0,"enemies":"2 Fungi Beasts","floor":14,"turns":4},{"damage":1,"enemies":"The Guardian","floor":16,"turns":11},{"damage":0,"enemies":"Shell Parasite","floor":18,"turns":6},{"damage":5,"enemies":"3 Byrds","floor":22,"turns":5},{"damage":11,"enemies":"Centurion and Healer","floor":25,"turns":5},{"damage":12,"enemies":"3 Cultists","floor":28,"turns":4},{"damage":7,"enemies":"Snake Plant","floor":31,"turns":4},{"damage":38,"enemies":"Collector","floor":33,"turns":10},{"damage":0,"enemies":"3 Shapes","floor":35,"turns":3},{"damage":7,"enemies":"Orb Walker","floor":38,"turns":4},{"damage":17,"enemies":"Sphere and 2 Shapes","floor":39,"turns":6},{"damage":40,"enemies":"Giant Head","floor":41,"turns":7},{"damage":39,"enemies":"Spire Growth","floor":45,"turns":3}],"seed_played":"-7400810274301208593","potions_obtained":[{"floor":2,"key":"Weak Potion"},{"floor":7,"key":"Explosive Potion"},{"floor":11,"key":"Explosive Potion"},{"floor":14,"key":"Block Potion"}],"is_trial":false,"path_per_floor":["M","M","M","?","M","R","M","$","T","M","E","?","M","M","R","B",null,"M","$","?","$","M","R","?","M","T","?","M","?","R","M","R","B",null,"M","?","?","M","M","R","E","R","T","?","M"],"character_chosen":"THE_SILENT","items_purchased":["Finesse","Accuracy"],"campfire_rested":3,"item_purchase_floors":[8,19],"current_hp_per_floor":[59,59,59,59,43,43,25,25,25,37,36,36,36,36,36,35,58,58,58,46,46,46,46,40,41,41,41,37,37,37,36,46,28,42,44,44,44,43,29,42,22,35,35,35,0],"gold":161,"neow_bonus":"UPGRADE_CARD","is_prod":false,"is_daily":false,"chose_seed":false,"campfire_upgraded":4,"win_rate":0,"timestamp":1552227095,"path_taken":["M","M","M","?","M","R","?","$","T","M","E","?","?","M","R","BOSS","M","$","?","$","M","R","?","M","T","?","M","?","R","M","R","BOSS","M","?","?","?","M","R","E","R","T","?","M"],"build_version":"2019-01-23","purchased_purges":2,"victory":false,"max_hp_per_floor":[66,66,66,66,66,66,66,66,66,66,66,66,66,66,66,66,66,66,66,46,46,46,46,46,46,46,46,46,46,46,46,46,46,46,46,46,46,46,46,46,46,46,46,46,46],"card_choices":[{"not_picked":["Deadly Poison","Outmaneuver"],"picked":"Flying Knee","floor":1},{"not_picked":["Deflect","Bane"],"picked":"Dagger Throw","floor":2},{"not_picked":["Deflect","Blade Dance"],"picked":"Phantasmal Killer","floor":3},{"not_picked":["Skewer","Cloak And Dagger"],"picked":"Caltrops","floor":5},{"not_picked":["Acrobatics","Underhanded Strike"],"picked":"Infinite Blades","floor":7},{"not_picked":["Backflip","Slice"],"picked":"Accuracy","floor":10},{"not_picked":["Bouncing Flask","Escape Plan"],"picked":"Backflip","floor":11},{"not_picked":["Deflect","Prepared"],"picked":"PiercingWail","floor":13},{"not_picked":["Doppelganger","Finisher"],"picked":"Backflip","floor":14},{"not_picked":["Phantasmal Killer","Adrenaline"],"picked":"Die Die Die","floor":16},{"not_picked":["Concentrate","Deflect"],"picked":"Cloak And Dagger","floor":18},{"not_picked":["Deflect","Bane"],"picked":"Backflip","floor":22},{"not_picked":["Finisher+1","Deflect"],"picked":"Crippling Poison","floor":25},{"not_picked":["Deadly Poison","Quick Slash","Masterful Stab"],"picked":"SKIP","floor":28},{"not_picked":["PiercingWail","Caltrops"],"picked":"Infinite Blades","floor":31},{"not_picked":["Night Terror","Venomology"],"picked":"Doppelganger","floor":33},{"not_picked":["Poisoned Stab","Dodge and Roll"],"picked":"Deflect+1","floor":35},{"not_picked":["PiercingWail","Outmaneuver"],"picked":"Cloak And Dagger+1","floor":38},{"not_picked":["Dagger Throw","Dagger Spray"],"picked":"Deflect","floor":39},{"not_picked":["Quick Slash","Flechettes","Concentrate"],"picked":"SKIP","floor":41}],"player_experience":400940,"relics_obtained":[{"floor":9,"key":"Meat on the Bone"},{"floor":11,"key":"Shuriken"},{"floor":26,"key":"Gremlin Horn"},{"floor":41,"key":"Ninja Scroll"},{"floor":43,"key":"Art of War"}],"event_choices":[{"damage_healed":0,"gold_gain":0,"player_choice":"1 cards matched","damage_taken":0,"max_hp_gain":0,"max_hp_loss":0,"event_name":"Match and Keep!","floor":4,"gold_loss":0,"cards_obtained":["Cloak And Dagger"]},{"cards_removed":["Strike_G"],"damage_healed":0,"gold_gain":0,"player_choice":"Offered Basic","damage_taken":0,"max_hp_gain":0,"max_hp_loss":0,"event_name":"Bonfire Elementals","floor":12,"gold_loss":0},{"damage_healed":0,"gold_gain":0,"player_choice":"Became a vampire","damage_taken":0,"max_hp_gain":0,"max_hp_loss":20,"event_name":"Vampires","floor":20,"gold_loss":0,"cards_obtained":["Bite","Bite","Bite","Bite","Bite"]},{"damage_healed":0,"gold_gain":0,"player_choice":"Joined the Cult","damage_taken":6,"max_hp_gain":0,"max_hp_loss":0,"event_name":"Nest","floor":24,"gold_loss":0,"cards_obtained":["RitualDagger"]},{"damage_healed":0,"gold_gain":0,"player_choice":"Read","damage_taken":0,"max_hp_gain":0,"max_hp_loss":0,"event_name":"The Library","floor":27,"gold_loss":0,"cards_obtained":["Backstab"]},{"damage_healed":0,"gold_gain":0,"player_choice":"Inject Mutagens","damage_taken":0,"relics_obtained":["MutagenicStrength"],"max_hp_gain":0,"max_hp_loss":0,"event_name":"Drug Dealer","floor":29,"gold_loss":0},{"damage_healed":0,"gold_gain":0,"player_choice":"Paid","damage_taken":0,"relics_obtained":["Red Mask"],"max_hp_gain":0,"max_hp_loss":0,"event_name":"Tomb of Lord Red Mask","floor":36,"gold_loss":194},{"damage_healed":0,"gold_gain":50,"player_choice":"Pray","damage_taken":0,"max_hp_gain":0,"max_hp_loss":0,"event_name":"Golden Shrine","floor":37,"gold_loss":0},{"cards_removed":["Bite"],"damage_healed":0,"gold_gain":0,"player_choice":"Removed Attack","damage_taken":0,"max_hp_gain":0,"max_hp_loss":0,"event_name":"Falling","floor":44,"gold_loss":0}],"is_beta":false,"boss_relics":[{"not_picked":["Tiny House","Fusion Hammer"],"picked":"Sozu"},{"not_picked":["Ring of the Serpent","Runic Pyramid"],"picked":"WristBlade"}],"items_purged_floors":[8,19],"is_endless":false,"potions_floor_spawned":[2,7,11,14,16,18,22,31,39,41],"killed_by":"Spire Growth","ascension_level":15}