{"gold_per_floor":[11,11,11,11,28,28,48,77,77,77,77,77,77],"floor_reached":13,"playtime":312,"items_purged":[],"score":162,"play_id":"5c57bf6b-6d81-41b4-b55a-d66cb9868c5f","local_time":"20190406232450","is_ascension_mode":true,"campfire_choices":[{"data":"Neutralize","floor":6,"key":"SMITH"}],"neow_cost":"NO_GOLD","seed_source_timestamp":130134423823344,"circlet_count":0,"master_deck":["AscendersBane","Defend_G","Defend_G","Defend_G","Defend_G","Defend_G","Strike_G","Strike_G","Strike_G","Strike_G+1","Survivor","Neutralize+1","Dagger Spray+1","Crippling Poison"],"relics":["Ring of the Snake","FossilizedHelix","Kunai","Matryoshka","Golden Idol"],"potions_floor_usage":[8,8],"damage_taken":[{"damage":0,"enemies":"Jaw Worm","floor":1,"turns":8},{"damage":0,"enemies":"Small Slimes","floor":5,"turns":4},{"damage":0,"enemies":"2 Louse","floor":7,"turns":2},{"damage":37,"enemies":"Lagavulin","floor":8,"turns":8},{"damage":10,"enemies":"Exordium Thugs","floor":13,"turns":1}],"seed_played":"3837016933187715993","potions_obtained":[{"floor":5,"key":"LiquidBronze"},{"floor":7,"key":"Explosive Potion"}],"is_trial":false,"path_per_floor":["M","?","$","?","M","R","M","E","T","?","$","?","M"],"character_chosen":"THE_SILENT","items_purchased":[],"campfire_rested":0,"item_purchase_floors":[],"current_hp_per_floor":[59,59,59,39,39,39,39,2,2,2,2,2,0],"gold":77,"neow_bonus":"ONE_RARE_RELIC","is_prod":false,"is_daily":false,"chose_seed":false,"campfire_upgraded":1,"win_rate":0,"timestamp":1554618290,"path_taken":["M","?","$","?","M","R","M","E","T","?","$","?","?"],"build_version":"2019-04-04","purchased_purges":0,"victory":false,"max_hp_per_floor":[66,66,66,66,66,66,66,66,66,66,66,60,60],"card_choices":[{"not_picked":["Expertise","Blade Dance"],"picked":"Dagger Spray","floor":1},{"not_picked":["Prepared","Heel Hook","Flechettes"],"picked":"SKIP","floor":5},{"not_picked":["Cloak And Dagger","Blade Dance"],"picked":"Crippling Poison","floor":7},{"not_picked":["Concentrate","Acrobatics","Slice"],"picked":"SKIP","floor":8}],"player_experience":1179815,"relics_obtained":[{"floor":8,"key":"Kunai"},{"floor":9,"key":"Matryoshka"}],"event_choices":[{"damage_healed":0,"gold_gain":0,"player_choice":"Leave","damage_taken":0,"max_hp_gain":0,"max_hp_loss":0,"event_name":"The Cleric","floor":2,"gold_loss":0},{"damage_healed":0,"gold_gain":0,"player_choice":"Entered Light","damage_taken":20,"max_hp_gain":0,"max_hp_loss":0,"event_name":"Shining Light","floor":4,"gold_loss":0,"cards_upgraded":["Strike_G","Dagger Spray"]},{"cards_removed":["Strike_G"],"damage_healed":0,"gold_gain":0,"player_choice":"Forget","damage_taken":0,"max_hp_gain":0,"max_hp_loss":0,"event_name":"Living Wall","floor":10,"gold_loss":0},{"damage_healed":0,"gold_gain":0,"player_choice":"Lose Max HP","damage_taken":0,"relics_obtained":["Golden Idol"],"max_hp_gain":0,"max_hp_loss":6,"event_name":"Golden Idol","floor":12,"gold_loss":0}],"is_beta":true,"boss_relics":[],"items_purged_floors":[],"is_endless":false,"potions_floor_spawned":[5,7],"killed_by":"Exordium Thugs","ascension_level":20}