{"gold_per_floor":[114,114,189,189,209,241,241,29,53,53,84,84,9,28,28,105,105,123,48,68,68,78,78,109,125,125,157,157,191,191,204,204,281,281,295,295,25,43,17,43,43,59,59,59,92,92,192,31,31,31,31],"floor_reached":51,"playtime":2155,"items_purged":[],"score":1709,"play_id":"c6c5de3b-5e4e-47d2-bdcd-3bf8b13cd266","local_time":"20190511185712","is_ascension_mode":true,"campfire_choices":[{"data":"Neutralize","floor":7,"key":"SMITH"},{"data":"Glass Knife","floor":10,"key":"SMITH"},{"data":"Noxious Fumes","floor":12,"key":"SMITH"},{"data":"Noxious Fumes","floor":15,"key":"SMITH"},{"floor":23,"key":"RECALL"},{"floor":28,"key":"REST"},{"floor":32,"key":"REST"},{"floor":41,"key":"REST"},{"floor":44,"key":"REST"},{"floor":46,"key":"REST"},{"floor":49,"key":"REST"}],"neow_cost":"NONE","seed_source_timestamp":901523578252528,"circlet_count":0,"master_deck":["AscendersBane","Defend_G","Defend_G","Defend_G","Defend_G","Defend_G","Strike_G+1","Survivor","Neutralize+1","Poisoned Stab+1","Noxious Fumes+1","Glass Knife+1","Noxious Fumes+1","Cloak And Dagger","Tools of the Trade","Backflip+1","Backflip","PiercingWail","Dagger Spray","Dodge and Roll+1","Backflip","Die Die Die","Leg Sweep","Backstab","Glass Knife","Backflip+1","Dodge and Roll+1","Cloak And Dagger","Acrobatics","Leg Sweep","Backstab+1"],"relics":["Ring of the Snake","NeowsBlessing","Anchor","Oddly Smooth Stone","Lantern","Fusion Hammer","MutagenicStrength","Whetstone","Shuriken","PreservedInsect","Vajra","HoveringKite","Paper Crane","Ornamental Fan","Snake Skull","The Specimen","Happy Flower"],"potions_floor_usage":[16,33,50,51],"damage_taken":[{"damage":0,"enemies":"Small Slimes","floor":1,"turns":1},{"damage":0,"enemies":"2 Louse","floor":5,"turns":1},{"damage":0,"enemies":"Gremlin Nob","floor":6,"turns":1},{"damage":0,"enemies":"Lagavulin","floor":11,"turns":5},{"damage":0,"enemies":"Jaw Worm","floor":14,"turns":2},{"damage":0,"enemies":"Slime Boss","floor":16,"turns":6},{"damage":4,"enemies":"Shell Parasite","floor":18,"turns":6},{"damage":0,"enemies":"3 Byrds","floor":20,"turns":5},{"damage":4,"enemies":"3 Cultists","floor":22,"turns":5},{"damage":19,"enemies":"Gremlin Leader","floor":24,"turns":8},{"damage":0,"enemies":"Centurion and Healer","floor":25,"turns":5},{"damage":3,"enemies":"Book of Stabbing","floor":27,"turns":6},{"damage":8,"enemies":"Gremlin Leader","floor":29,"turns":6},{"damage":5,"enemies":"Sentry and Sphere","floor":31,"turns":6},{"damage":27,"enemies":"Automaton","floor":33,"turns":9},{"damage":0,"enemies":"3 Shapes","floor":35,"turns":4},{"damage":0,"enemies":"Orb Walker","floor":38,"turns":3},{"damage":35,"enemies":"Giant Head","floor":40,"turns":10},{"damage":0,"enemies":"Sphere and 2 Shapes","floor":42,"turns":7},{"damage":0,"enemies":"Nemesis","floor":45,"turns":7},{"damage":0,"enemies":"Mind Bloom Boss Battle","floor":47,"turns":8},{"damage":25,"enemies":"Donu and Deca","floor":50,"turns":11},{"damage":43,"enemies":"Time Eater","floor":51,"turns":14}],"seed_played":"-824782951526597623","potions_obtained":[{"floor":6,"key":"Strength Potion"},{"floor":11,"key":"SkillPotion"},{"floor":18,"key":"Weak Potion"},{"floor":29,"key":"PowerPotion"},{"floor":35,"key":"Swift Potion"}],"is_trial":false,"path_per_floor":["M","?","?","?","M","E","R","$","T","R","E","R","?","M","R","B",null,"M","?","M","?","M","R","E","M","T","E","R","E","?","M","R","B",null,"M","?","$","M","$","E","R","M","T","R","E","R","?","$","R","B","B"],"character_chosen":"THE_SILENT","items_purchased":["Noxious Fumes","Glass Knife","Paper Crane","Cloak And Dagger","Happy Flower"],"campfire_rested":6,"item_purchase_floors":[8,8,37,39,48],"current_hp_per_floor":[59,59,48,41,41,41,41,41,41,41,41,41,41,41,41,41,60,56,56,56,56,52,52,33,33,33,30,49,41,41,36,55,28,57,57,57,57,57,57,22,41,41,41,60,60,66,66,66,66,41,0],"gold":31,"neow_bonus":"THREE_ENEMY_KILL","is_prod":false,"is_daily":false,"chose_seed":false,"campfire_upgraded":4,"win_rate":0,"timestamp":1557626232,"path_taken":["M","?","?","?","M","E","R","$","T","R","E","R","?","M","R","BOSS","M","?","M","?","M","R","E","M","T","E","R","E","?","M","R","BOSS","M","?","$","M","$","E","R","M","T","R","E","R","?","$","R","BOSS","BOSS"],"build_version":"2019-05-07","purchased_purges":0,"victory":false,"max_hp_per_floor":[66,66,66,66,66,66,66,66,66,66,66,66,66,66,66,66,66,66,66,66,66,66,66,66,66,66,66,66,66,66,66,66,66,66,66,66,66,66,66,66,66,66,66,66,66,66,66,66,66,66,66],"card_choices":[{"not_picked":["Acrobatics","Expertise","Heel Hook"],"picked":"SKIP","floor":1},{"not_picked":["Quick Slash","Sucker Punch"],"picked":"Dagger Throw","floor":5},{"not_picked":["Underhanded Strike","All Out Attack"],"picked":"Poisoned Stab","floor":6},{"not_picked":["Finisher","Blade Dance"],"picked":"Noxious Fumes","floor":11},{"not_picked":["Outmaneuver","Quick Slash"],"picked":"Cloak And Dagger","floor":14},{"not_picked":["Storm of Steel","Doppelganger"],"picked":"Tools of the Trade","floor":16},{"not_picked":["Slice+1","Blade Dance"],"picked":"Backflip+1","floor":18},{"not_picked":["Endless Agony","Acrobatics"],"picked":"Backflip","floor":20},{"not_picked":["Catalyst","Noxious Fumes"],"picked":"PiercingWail","floor":22},{"not_picked":["Grand Finale","Prepared"],"picked":"Dagger Spray","floor":24},{"not_picked":["Terror","Dagger Spray"],"picked":"Dodge and Roll+1","floor":25},{"not_picked":["Deflect","Dagger Spray"],"picked":"Backflip","floor":27},{"not_picked":["Dodge and Roll","Escape Plan"],"picked":"Die Die Die","floor":29},{"not_picked":["Underhanded Strike","Dodge and Roll"],"picked":"Backstab","floor":31},{"not_picked":["Unload","A Thousand Cuts"],"picked":"Glass Knife","floor":33},{"not_picked":["Prepared","Escape Plan"],"picked":"Backflip+1","floor":35},{"not_picked":["Sucker Punch","Underhanded Strike"],"picked":"Dodge and Roll+1","floor":38},{"not_picked":["Deflect","Cloak And Dagger"],"picked":"Acrobatics","floor":40},{"not_picked":["Skewer","Poisoned Stab+1"],"picked":"Leg Sweep","floor":42},{"not_picked":["Bane","Dagger Spray","Terror"],"picked":"SKIP","floor":45},{"not_picked":["Outmaneuver+1","Skewer+1"],"picked":"Backstab+1","floor":47}],"player_experience":1249911,"relics_obtained":[{"floor":6,"key":"Anchor"},{"floor":9,"key":"Oddly Smooth Stone"},{"floor":11,"key":"Lantern"},{"floor":24,"key":"Whetstone"},{"floor":26,"key":"Shuriken"},{"floor":27,"key":"PreservedInsect"},{"floor":29,"key":"Vajra"},{"floor":40,"key":"Ornamental Fan"},{"floor":45,"key":"Snake Skull"},{"floor":47,"key":"The Specimen"}],"event_choices":[{"cards_removed":["Strike_G"],"damage_healed":0,"gold_gain":0,"player_choice":"Forget","damage_taken":0,"max_hp_gain":0,"max_hp_loss":0,"event_name":"Living Wall","floor":2,"gold_loss":0},{"damage_healed":0,"gold_gain":75,"player_choice":"Gather Gold","damage_taken":11,"max_hp_gain":0,"max_hp_loss":0,"event_name":"World of Goop","floor":3,"gold_loss":0},{"cards_removed":["Strike_G"],"damage_healed":0,"gold_gain":0,"player_choice":"Card Removal","damage_taken":7,"max_hp_gain":0,"max_hp_loss":0,"event_name":"Golden Wing","floor":4,"gold_loss":0},{"cards_removed":["Strike_G"],"damage_healed":0,"gold_gain":0,"player_choice":"Card Removal","damage_taken":0,"max_hp_gain":0,"max_hp_loss":0,"event_name":"The Cleric","floor":13,"gold_loss":75},{"cards_removed":["Strike_G"],"damage_healed":0,"gold_gain":0,"player_choice":"Gave Gold","damage_taken":0,"max_hp_gain":0,"max_hp_loss":0,"event_name":"Beggar","floor":19,"gold_loss":75},{"damage_healed":0,"gold_gain":0,"player_choice":"Inject Mutagens","damage_taken":0,"relics_obtained":["MutagenicStrength"],"max_hp_gain":0,"max_hp_loss":0,"event_name":"Drug Dealer","floor":21,"gold_loss":0},{"damage_healed":0,"gold_gain":0,"player_choice":"Read","damage_taken":0,"max_hp_gain":0,"max_hp_loss":0,"event_name":"The Library","floor":30,"gold_loss":0,"cards_obtained":["Leg Sweep"]},{"cards_removed":["Dagger Throw"],"damage_healed":0,"gold_gain":0,"player_choice":"Removed Attack","damage_taken":0,"max_hp_gain":0,"max_hp_loss":0,"event_name":"Falling","floor":36,"gold_loss":0},{"damage_healed":0,"gold_gain":0,"player_choice":"Fight","damage_taken":0,"max_hp_gain":0,"max_hp_loss":0,"event_name":"MindBloom","floor":47,"gold_loss":0}],"is_beta":true,"boss_relics":[{"not_picked":["Busted Crown","Lizard Tail"],"picked":"Fusion Hammer"},{"not_picked":["Orrery","Empty Cage"],"picked":"HoveringKite"}],"items_purged_floors":[],"is_endless":false,"potions_floor_spawned":[6,11,18,25,27,29,35,42,45,47],"killed_by":"Time Eater","ascension_level":20}