{"gold_per_floor":[111,261,186,77,96,96,122,135,190,213,213,228,262,280,280,357,357,368,96,96,15,15],"floor_reached":22,"playtime":434,"items_purged":["Strike_B"],"score":459,"play_id":"cda40964-fb88-40b6-bf8d-67d78932f674","local_time":"20190609132739","is_ascension_mode":true,"campfire_choices":[{"data":"Loop","floor":6,"key":"SMITH"},{"data":"Sunder","floor":11,"key":"SMITH"},{"data":"Zap","floor":15,"key":"SMITH"}],"neow_cost":"NONE","seed_source_timestamp":8735361601797,"circlet_count":0,"master_deck":["AscendersBane","Defend_B+1","Defend_B","Defend_B+1","Defend_B","Zap+1","Dualcast","FTL","Loop+1","Rebound","Consume","Sunder+1","Ball Lightning","Cold Snap","Core Surge","Coolheaded","Bite","Bite","Bite","Bite","Bite","Self Repair"],"relics":["Cracked Core","NeowsBlessing","Dream Catcher","War Paint","Smiling Mask","Orichalcum","Philosopher\u0027s Stone","Runic Capacitor"],"potions_floor_usage":[16,18,22],"damage_taken":[{"damage":0,"enemies":"Cultist","floor":1,"turns":1},{"damage":0,"enemies":"Small Slimes","floor":5,"turns":1},{"damage":0,"enemies":"3 Sentries","floor":7,"turns":1},{"damage":2,"enemies":"Jaw Worm","floor":8,"turns":3},{"damage":13,"enemies":"Exordium Thugs","floor":12,"turns":3},{"damage":8,"enemies":"Gremlin Nob","floor":13,"turns":3},{"damage":16,"enemies":"Large Slime","floor":14,"turns":4},{"damage":11,"enemies":"Hexaghost","floor":16,"turns":7},{"damage":45,"enemies":"3 Byrds","floor":18,"turns":4},{"damage":16,"enemies":"Shell Parasite","floor":22,"turns":1}],"seed_played":"-8831731230644003793","potions_obtained":[{"floor":1,"key":"Ancient Potion"},{"floor":5,"key":"Explosive Potion"},{"floor":14,"key":"PowerPotion"},{"floor":18,"key":"PowerPotion"}],"is_trial":false,"path_per_floor":["M","?","?","$","M","R","E","M","T","T","R","M","E","M","R","B",null,"M","$","?","$","M"],"character_chosen":"DEFECT","items_purchased":["Loop","Rebound","Runic Capacitor","Self Repair"],"campfire_rested":0,"item_purchase_floors":[4,4,19,21],"current_hp_per_floor":[64,64,64,64,64,64,64,62,62,62,62,49,41,25,25,14,57,12,12,12,12,0],"gold":15,"neow_bonus":"THREE_ENEMY_KILL","is_prod":false,"is_daily":false,"chose_seed":false,"campfire_upgraded":3,"win_rate":0,"timestamp":1560112059,"path_taken":["M","?","?","$","M","R","E","M","T","?","R","M","E","M","R","BOSS","M","$","?","$","M"],"build_version":"2019-06-07","purchased_purges":1,"victory":false,"max_hp_per_floor":[71,71,71,71,71,71,71,71,71,71,71,71,71,71,71,71,71,71,71,49,49,49],"card_choices":[{"not_picked":["Double Energy","Turbo"],"picked":"FTL","floor":1},{"not_picked":["Steam","Turbo"],"picked":"Consume","floor":5},{"not_picked":["Fusion","Thunder Strike","Lockon"],"picked":"SKIP","floor":7},{"not_picked":["Redo","Rip and Tear"],"picked":"Sunder","floor":8},{"not_picked":["Stack","Gash","Self Repair"],"picked":"SKIP","floor":12},{"not_picked":["Redo","Beam Cell"],"picked":"Ball Lightning","floor":13},{"not_picked":["Static Discharge","Gash"],"picked":"Cold Snap","floor":14},{"not_picked":["Multi-Cast","Thunder Strike"],"picked":"Core Surge","floor":16},{"not_picked":["Sweeping Beam","Beam Cell"],"picked":"Coolheaded","floor":18}],"player_experience":1314156,"relics_obtained":[{"floor":7,"key":"Dream Catcher"},{"floor":9,"key":"War Paint"},{"floor":10,"key":"Smiling Mask"},{"floor":13,"key":"Orichalcum"}],"event_choices":[{"damage_healed":0,"gold_gain":150,"player_choice":"AGREE","damage_taken":0,"max_hp_gain":0,"max_hp_loss":0,"event_name":"Liars Game","floor":2,"gold_loss":0,"cards_obtained":["Doubt"]},{"cards_removed":["Doubt"],"damage_healed":0,"gold_gain":0,"player_choice":"Card Removal","damage_taken":0,"max_hp_gain":0,"max_hp_loss":0,"event_name":"The Cleric","floor":3,"gold_loss":75},{"damage_healed":0,"gold_gain":0,"player_choice":"Became a vampire","damage_taken":0,"max_hp_gain":0,"max_hp_loss":22,"event_name":"Vampires","floor":20,"gold_loss":0,"cards_obtained":["Bite","Bite","Bite","Bite","Bite"]}],"is_beta":true,"boss_relics":[{"not_picked":["Empty Cage","White Beast Statue"],"picked":"Philosopher\u0027s Stone"}],"items_purged_floors":[19],"is_endless":false,"potions_floor_spawned":[1,5,14,18],"killed_by":"Shell Parasite","ascension_level":20}