{"gold_per_floor":[11,27,27,27,2,37,37,51,51,51,51,51,86,102,102,180,180,138,157,70,70,70,70,70],"floor_reached":24,"playtime":860,"items_purged":[],"score":394,"play_id":"e5cac683-f67c-48dd-b49f-8b0d8749f698","local_time":"20190526142741","is_ascension_mode":true,"campfire_choices":[{"data":"Twin Strike","floor":7,"key":"SMITH"},{"data":"Armaments","floor":10,"key":"SMITH"},{"data":"Bash","floor":12,"key":"SMITH"},{"data":"True Grit","floor":15,"key":"SMITH"},{"floor":23,"key":"REST"}],"neow_cost":"NO_GOLD","seed_source_timestamp":672124591391048,"circlet_count":0,"master_deck":["AscendersBane","Strike_R","Defend_R","Defend_R","Defend_R","Defend_R","Bash+1","Fiend Fire","Rampage","Metallicize","Twin Strike+1","Evolve+1","Armaments+1","True Grit+1","Demon Form+1","Evolve+1","Pummel+1","Dual Wield+1","Cleave","Shrug It Off","Flame Barrier"],"relics":["Burning Blood","Frozen Egg 2","Blue Candle","Potion Belt","Astrolabe"],"potions_floor_usage":[6,16,16],"damage_taken":[{"damage":6,"enemies":"Cultist","floor":1,"turns":3},{"damage":2,"enemies":"2 Louse","floor":2,"turns":3},{"damage":34,"enemies":"Lagavulin","floor":6,"turns":5},{"damage":7,"enemies":"Jaw Worm","floor":8,"turns":2},{"damage":5,"enemies":"Gremlin Nob","floor":13,"turns":3},{"damage":13,"enemies":"Blue Slaver","floor":14,"turns":4},{"damage":18,"enemies":"The Guardian","floor":16,"turns":15},{"damage":29,"enemies":"2 Thieves","floor":18,"turns":5},{"damage":39,"enemies":"Spheric Guardian","floor":19,"turns":8},{"damage":38,"enemies":"Book of Stabbing","floor":24,"turns":4}],"seed_played":"-4995504633068565369","potions_obtained":[{"floor":2,"key":"Strength Potion"},{"floor":8,"key":"Block Potion"},{"floor":13,"key":"Fire Potion"},{"floor":14,"key":"Strength Potion"}],"is_trial":false,"path_per_floor":["M","M","?","?","$","E","R","M","T","R","$","R","E","M","R","B",null,"M","M","$","?","?","R","E"],"character_chosen":"IRONCLAD","items_purchased":["Twin Strike","Flame Barrier"],"campfire_rested":1,"item_purchase_floors":[5,20],"current_hp_per_floor":[68,72,77,70,70,42,42,41,41,41,41,41,42,35,35,23,66,43,10,10,10,10,34,0],"gold":70,"neow_bonus":"THREE_RARE_CARDS","is_prod":false,"is_daily":false,"chose_seed":false,"campfire_upgraded":4,"win_rate":0,"timestamp":1558873661,"path_taken":["M","M","?","?","?","E","R","M","T","R","$","R","E","M","R","BOSS","M","M","$","?","?","R","E"],"build_version":"2019-01-23","purchased_purges":0,"victory":false,"max_hp_per_floor":[75,75,80,80,80,80,80,80,80,80,80,80,80,80,80,80,80,80,80,80,80,80,80,80],"card_choices":[{"not_picked":["Immolate","Double Tap"],"picked":"Fiend Fire","floor":0},{"not_picked":["Heavy Blade","Headbutt"],"picked":"Rampage","floor":1},{"not_picked":["Body Slam","Clash"],"picked":"Metallicize","floor":2},{"not_picked":["Clothesline","Flex"],"picked":"Evolve","floor":6},{"not_picked":["Body Slam","Cleave"],"picked":"Armaments","floor":8},{"not_picked":["Ghostly Armor","Havoc"],"picked":"True Grit","floor":13},{"not_picked":["Armaments","Evolve+1","Thunderclap"],"picked":"SKIP","floor":14},{"not_picked":["Reaper","Exhume"],"picked":"Demon Form+1","floor":16},{"not_picked":["Disarm","Pommel Strike"],"picked":"Cleave","floor":18},{"not_picked":["Pummel","Iron Wave"],"picked":"Shrug It Off","floor":19}],"player_experience":578738,"relics_obtained":[{"floor":6,"key":"Frozen Egg 2"},{"floor":9,"key":"Blue Candle"},{"floor":13,"key":"Potion Belt"}],"event_choices":[{"damage_healed":0,"gold_gain":0,"player_choice":"Donut","damage_taken":0,"max_hp_gain":5,"max_hp_loss":0,"event_name":"Big Fish","floor":3,"gold_loss":0},{"cards_removed":["Strike_R"],"damage_healed":0,"gold_gain":0,"player_choice":"Card Removal","damage_taken":7,"max_hp_gain":0,"max_hp_loss":0,"event_name":"Golden Wing","floor":4,"gold_loss":0},{"damage_healed":0,"gold_gain":0,"player_choice":"Ignored","damage_taken":0,"max_hp_gain":0,"max_hp_loss":0,"event_name":"The Mausoleum","floor":21,"gold_loss":0}],"is_beta":false,"boss_relics":[{"not_picked":["Runic Dome","Black Star"],"picked":"Astrolabe"}],"items_purged_floors":[],"is_endless":false,"potions_floor_spawned":[2,8,13,14],"killed_by":"Book of Stabbing","ascension_level":19}