{"gold_per_floor":[99,24,24,24,24,24,24,24,24,24,24,24,24,24,24,24,24,24,24,24,24,24,24,24,24,24,24,24,24,24,24,24,24],"floor_reached":33,"playtime":1094,"items_purged":[],"score":664,"play_id":"82a06f13-cac6-4674-b94a-15b02af90236","local_time":"20190607215912","is_ascension_mode":true,"campfire_choices":[{"data":"Footwork","floor":7.0,"key":"SMITH"},{"data":"Neutralize","floor":11.0,"key":"SMITH"},{"data":"Noxious Fumes","floor":13.0,"key":"SMITH"},{"data":"Terror","floor":15.0,"key":"SMITH"},{"floor":23.0,"key":"REST"},{"floor":29,"key":"REST"},{"data":"Skewer","floor":32,"key":"SMITH"}],"neow_cost":"NONE","seed_source_timestamp":37229888714976,"circlet_count":0,"master_deck":["AscendersBane","Strike_G","Strike_G","Strike_G","Strike_G","Defend_G","Defend_G","Defend_G","Defend_G","Defend_G","Survivor","Neutralize+1","Quick Slash","Footwork+1","Predator","Terror+1","Noxious Fumes+1","Dagger Spray","Backstab","Wraith Form v2","Skewer+1","Footwork+1","Calculated Gamble","Deflect","Dash+1","Cloak And Dagger"],"special_seed":0,"relics":["Ectoplasm","Centennial Puzzle","Peace Pipe","Du-Vu Doll","Bottled Lightning","Ice Cream","Black Star","Regal Pillow","Bottled Tornado","The Courier","Dodecahedron","Mango"],"potions_floor_usage":[27,33],"damage_taken":[{"damage":0.0,"enemies":"Small Slimes","floor":1.0,"turns":5.0},{"damage":0.0,"enemies":"2 Louse","floor":3.0,"turns":4.0},{"damage":0.0,"enemies":"Cultist","floor":5.0,"turns":3.0},{"damage":19.0,"enemies":"3 Sentries","floor":6.0,"turns":10.0},{"damage":4.0,"enemies":"Lagavulin","floor":8.0,"turns":7.0},{"damage":8.0,"enemies":"Gremlin Nob","floor":10.0,"turns":3.0},{"damage":12.0,"enemies":"Gremlin Gang","floor":14.0,"turns":5.0},{"damage":5.0,"enemies":"The Guardian","floor":16.0,"turns":8.0},{"damage":15.0,"enemies":"3 Byrds","floor":18.0,"turns":6.0},{"damage":4.0,"enemies":"Spheric Guardian","floor":20.0,"turns":4.0},{"damage":21.0,"enemies":"Snake Plant","floor":21.0,"turns":3.0},{"damage":3.0,"enemies":"3 Cultists","floor":22.0,"turns":5.0},{"damage":19.0,"enemies":"Centurion and Healer","floor":24.0,"turns":4.0},{"damage":4.0,"enemies":"Gremlin Leader","floor":25.0,"turns":6.0},{"damage":0,"enemies":"Book of Stabbing","floor":27,"turns":3},{"damage":17,"enemies":"Snake Plant","floor":28,"turns":3},{"damage":5,"enemies":"Snecko","floor":31,"turns":4},{"damage":41,"enemies":"Collector","floor":33,"turns":9}],"seed_played":"-8524779268637993661","potions_obtained":[{"floor":3.0,"key":"Regen Potion"},{"floor":5.0,"key":"Fire Potion"},{"floor":10.0,"key":"Dexterity Potion"},{"floor":14.0,"key":"SteroidPotion"},{"floor":28,"key":"Strength Potion"}],"is_trial":false,"path_per_floor":["M","$","M","?","M","E","R","E","T","E","R","?","R","M","R","B",null,"M","?","M","M","M","R","M","E","T","E","M","R","$","M","R","B"],"character_chosen":"THE_SILENT","items_purchased":["Footwork"],"campfire_rested":2,"item_purchase_floors":[2],"current_hp_per_floor":[59,59,59,41,41,37,37,33,33,25,25,25,25,13,13,8,52,37,37,33,12,9,28,9,5,5,19,2,41,41,36,36,0],"gold":24,"neow_bonus":"BOSS_RELIC","is_prod":false,"is_daily":false,"chose_seed":false,"campfire_upgraded":5,"win_rate":0,"timestamp":1559969952,"path_taken":["M","$","M","?","M","E","R","E","T","E","R","?","R","M","R","BOSS","M","?","?","M","M","R","M","E","T","E","?","R","$","M","R","BOSS"],"build_version":"2019-06-05","purchased_purges":0,"victory":false,"max_hp_per_floor":[66,66,66,66,66,66,66,66,66,66,66,66,66,66,66,66,66,66,66,66,66,66,66,66,66,66,80,80,80,80,80,80,80],"card_choices":[{"not_picked":["Bane","Cloak And Dagger"],"picked":"Quick Slash","floor":1.0},{"not_picked":["PiercingWail","Infinite Blades"],"picked":"Predator","floor":3.0},{"not_picked":["Predator","Riddle With Holes"],"picked":"Terror","floor":5.0},{"not_picked":["Envenom","Slice"],"picked":"Noxious Fumes","floor":6.0},{"not_picked":["Poisoned Stab","Quick Slash"],"picked":"Dagger Spray","floor":8.0},{"not_picked":["Acrobatics","Predator","Terror"],"picked":"SKIP","floor":10.0},{"not_picked":["Infinite Blades","Accuracy"],"picked":"Backstab","floor":14.0},{"not_picked":["Venomology","Burst"],"picked":"Wraith Form v2","floor":16.0},{"not_picked":["Predator","Acrobatics"],"picked":"Skewer","floor":18.0},{"not_picked":["Eviscerate","Bouncing Flask","Backstab+1"],"picked":"SKIP","floor":20.0},{"not_picked":["Prepared","Underhanded Strike"],"picked":"Calculated Gamble","floor":21.0},{"not_picked":["Distraction","All Out Attack"],"picked":"Deflect","floor":22.0},{"not_picked":["Calculated Gamble","Storm of Steel"],"picked":"Dash+1","floor":24.0},{"not_picked":["Deadly Poison","Dagger Spray","Endless Agony"],"picked":"SKIP","floor":25.0},{"not_picked":["Slice","Outmaneuver","Doppelganger"],"picked":"SKIP","floor":27},{"not_picked":["Poisoned Stab","Outmaneuver"],"picked":"Cloak And Dagger","floor":28},{"not_picked":["Calculated Gamble","Underhanded Strike","Finisher"],"picked":"SKIP","floor":31}],"player_experience":1309870,"relics_obtained":[{"floor":6.0,"key":"Peace Pipe"},{"floor":8.0,"key":"Du-Vu Doll"},{"floor":9.0,"key":"Bottled Lightning"},{"floor":10.0,"key":"Ice Cream"},{"floor":25.0,"key":"Regal Pillow"},{"floor":25.0,"key":"Bottled Tornado"},{"floor":26.0,"key":"The Courier"},{"floor":27,"key":"Dodecahedron"},{"floor":27,"key":"Mango"}],"event_choices":[{"damage_healed":0.0,"max_hp_gain":0.0,"max_hp_loss":0.0,"gold_gain":0.0,"event_name":"Scrap Ooze","player_choice":"Success","floor":4.0,"gold_loss":0.0,"damage_taken":18.0,"relics_obtained":["Centennial Puzzle"]},{"cards_removed":["Strike_G"],"damage_healed":0.0,"max_hp_gain":0.0,"max_hp_loss":0.0,"gold_gain":0.0,"event_name":"Living Wall","player_choice":"Forget","floor":12.0,"gold_loss":0.0,"damage_taken":0.0},{"damage_healed":0.0,"max_hp_gain":0.0,"max_hp_loss":0.0,"gold_gain":0.0,"event_name":"Duplicator","player_choice":"Copied","floor":19.0,"gold_loss":0.0,"damage_taken":0.0,"cards_obtained":["Footwork"]}],"is_beta":true,"boss_relics":[{"not_picked":["Eternal Feather","Empty Cage"],"picked":"Black Star"}],"items_purged_floors":[],"is_endless":false,"potions_floor_spawned":[3,5,10,14,16,20,24,25,28],"killed_by":"Collector","ascension_level":20}