{"gold_per_floor":[110,125,125,50,68,101,101,127,127,127,154,79,79,89,89,163,163,175,175,225,240,240,240,275,275,275,165,165,165,179,207,207,207],"floor_reached":33,"playtime":808,"items_purged":["Strike_B"],"score":598,"play_id":"10742fb9-37b7-42e8-a18b-efd5e1ef2a68","local_time":"20190511112041","is_ascension_mode":true,"campfire_choices":[{"data":"Zap","floor":7,"key":"SMITH"},{"floor":10,"key":"REST"},{"data":"Defragment","floor":13,"key":"SMITH"},{"data":"Coolheaded","floor":15,"key":"SMITH"},{"data":"RitualDagger","floor":23,"key":"SMITH"},{"floor":25,"key":"REST"},{"data":"Coolheaded","floor":29,"key":"SMITH"},{"floor":32,"key":"REST"}],"neow_cost":"NONE","seed_source_timestamp":875453764658186,"circlet_count":0,"master_deck":["AscendersBane","Strike_B","Strike_B","Defend_B","Defend_B","Defend_B","Defend_B","Zap+1","Dualcast","Compile Driver","Cold Snap","Coolheaded+1","Sweeping Beam","Darkness","Ball Lightning","Defragment+1","Core Surge","Conserve Battery+1","RitualDagger+1","Coolheaded+1","Creative AI","FTL"],"special_seed":0,"relics":["Cracked Core","DataDisk","Strawberry","Cables","Sundial","Potion Belt","Letter Opener","Runic Dome","Regal Pillow","Kunai","Girya"],"potions_floor_usage":[11,16,16,16,24,33],"damage_taken":[{"damage":0.0,"enemies":"Small Slimes","floor":1.0,"turns":2.0},{"damage":0.0,"enemies":"Cultist","floor":2.0,"turns":3.0},{"damage":4.0,"enemies":"Jaw Worm","floor":5.0,"turns":2.0},{"damage":23.0,"enemies":"Gremlin Nob","floor":6.0,"turns":4.0},{"damage":23,"enemies":"Lagavulin","floor":8,"turns":5},{"damage":5,"enemies":"Gremlin Nob","floor":11,"turns":3},{"damage":27,"enemies":"Gremlin Gang","floor":14,"turns":3},{"damage":21,"enemies":"Hexaghost","floor":16,"turns":8},{"damage":0,"enemies":"Spheric Guardian","floor":18,"turns":3},{"damage":0,"enemies":"Chosen","floor":21,"turns":4},{"damage":46,"enemies":"Slavers","floor":24,"turns":4},{"damage":9,"enemies":"Snake Plant","floor":30,"turns":4},{"damage":24,"enemies":"Book of Stabbing","floor":31,"turns":5},{"damage":55,"enemies":"Collector","floor":33,"turns":7}],"seed_played":"8216220673219386617","potions_obtained":[{"floor":6,"key":"EntropicBrew"},{"floor":8,"key":"Strength Potion"},{"floor":14,"key":"Regen Potion"},{"floor":16,"key":"Energy Potion"},{"floor":30,"key":"Ancient Potion"}],"is_trial":false,"path_per_floor":["M","M","?","$","M","E","R","E","T","R","E","$","R","M","R","B",null,"M","$","?","M","?","R","E","R","T","?","$","R","M","E","R","B"],"character_chosen":"DEFECT","items_purchased":["Cold Snap","Coolheaded"],"campfire_rested":3,"item_purchase_floors":[4,4],"current_hp_per_floor":[64,64,71,71,67,44,44,21,21,44,39,39,39,12,12,6,60,60,60,60,60,54,54,8,46,46,46,46,46,37,13,51,0],"gold":207,"neow_bonus":"RANDOM_COMMON_RELIC","is_prod":false,"is_daily":false,"chose_seed":false,"campfire_upgraded":5,"win_rate":0,"timestamp":1557598841,"path_taken":["M","M","?","$","?","E","R","E","T","R","E","$","R","M","R","BOSS","M","$","?","?","?","R","E","R","T","?","$","R","M","E","R","BOSS"],"build_version":"2019-05-07","purchased_purges":1,"victory":false,"max_hp_per_floor":[71,71,78,78,78,78,78,78,78,78,78,78,78,78,78,78,78,78,78,78,78,78,78,78,78,78,78,78,78,78,78,78,78],"card_choices":[{"not_picked":["Turbo","Beam Cell"],"picked":"Barrage","floor":1.0},{"not_picked":["Go for the Eyes","Redo"],"picked":"Compile Driver","floor":2.0},{"not_picked":["Beam Cell","Hologram"],"picked":"Sweeping Beam","floor":5.0},{"not_picked":["Conserve Battery","Force Field"],"picked":"Darkness","floor":6},{"not_picked":["Cold Snap","Redo"],"picked":"Ball Lightning","floor":8},{"not_picked":["Reinforced Body","Stack"],"picked":"Defragment","floor":11},{"not_picked":["Doom and Gloom","Go for the Eyes","Turbo"],"picked":"SKIP","floor":14},{"not_picked":["All For One","Buffer"],"picked":"Core Surge","floor":16},{"not_picked":["Barrage","Streamline"],"picked":"Conserve Battery","floor":18},{"not_picked":["Streamline","Beam Cell","Gash"],"picked":"SKIP","floor":21},{"not_picked":["Steam","Ball Lightning"],"picked":"Coolheaded","floor":24},{"not_picked":["Auto Shields+1","Gash+1"],"picked":"Creative AI","floor":30},{"not_picked":["Coolheaded","Chaos"],"picked":"FTL","floor":31}],"player_experience":1246460,"relics_obtained":[{"floor":6,"key":"Cables"},{"floor":8,"key":"Sundial"},{"floor":9,"key":"Potion Belt"},{"floor":11,"key":"Letter Opener"},{"floor":24,"key":"Regal Pillow"},{"floor":26,"key":"Kunai"},{"floor":31,"key":"Girya"}],"event_choices":[{"cards_removed":["Barrage"],"damage_healed":0.0,"max_hp_gain":0.0,"max_hp_loss":0.0,"gold_gain":0.0,"event_name":"WeMeetAgain","player_choice":"Gave Card","floor":3.0,"gold_loss":0.0,"damage_taken":0.0,"relics_obtained":["Strawberry"]},{"damage_healed":0,"gold_gain":100,"player_choice":"Bet on Murderer","damage_taken":0,"max_hp_gain":0,"max_hp_loss":0,"event_name":"The Joust","floor":20,"gold_loss":50},{"damage_healed":0,"gold_gain":0,"player_choice":"Joined the Cult","damage_taken":6,"max_hp_gain":0,"max_hp_loss":0,"event_name":"Nest","floor":22,"gold_loss":0,"cards_obtained":["RitualDagger"]},{"cards_removed":["Strike_B"],"damage_healed":0,"gold_gain":0,"player_choice":"Upgrade and Remove","damage_taken":0,"max_hp_gain":0,"max_hp_loss":0,"event_name":"Designer","floor":27,"gold_loss":110,"cards_upgraded":["Conserve Battery"]}],"is_beta":true,"boss_relics":[{"not_picked":["White Beast Statue","Tiny House"],"picked":"Runic Dome"}],"items_purged_floors":[12],"is_endless":false,"potions_floor_spawned":[6,8,14,16,21,30],"killed_by":"Collector","ascension_level":20}