{"gold_per_floor":[110,75,93,103,116,142,142,142,142,142,152,152,181,195,195,267,267,287,287,297,297,222,255,255,170,193,212,141,141,159,173,173,173],"floor_reached":33,"playtime":1760,"items_purged":["Well Laid Plans"],"score":457,"play_id":"0d38d405-8710-43da-b421-17a17e5f1ed2","local_time":"20190613195553","is_ascension_mode":true,"campfire_choices":[{"floor":7.0,"key":"REST"},{"data":"Bouncing Flask","floor":10.0,"key":"SMITH"},{"floor":12.0,"key":"REST"},{"floor":15.0,"key":"REST"},{"floor":24.0,"key":"REST"},{"floor":29,"key":"REST"},{"floor":32,"key":"REST"}],"neow_cost":"NONE","seed_source_timestamp":0,"circlet_count":0,"master_deck":["AscendersBane","Defend_G","Defend_G","Defend_G","Defend_G","Defend_G","Strike_G","Strike_G","Strike_G","Strike_G","Strike_G","Survivor","Neutralize","Cloak And Dagger","Escape Plan","Die Die Die","Bouncing Flask+1","Bane","Bullet Time","Wraith Form v2","Dash","Wraith Form v2","PiercingWail","Flechettes+1","Noxious Fumes","Deadly Poison"],"special_seed":0,"relics":["Lizard Tail","StoneCalendar","Dodecahedron","Letter Opener","Runic Pyramid","MutagenicStrength","Molten Egg 2","Smiling Mask","Bag of Marbles"],"potions_floor_usage":[33],"damage_taken":[{"damage":1.0,"enemies":"Small Slimes","floor":1.0,"turns":5.0},{"damage":0.0,"enemies":"Cultist","floor":3.0,"turns":4.0},{"damage":4.0,"enemies":"Jaw Worm","floor":4.0,"turns":5.0},{"damage":9.0,"enemies":"3 Louse","floor":5.0,"turns":3.0},{"damage":28.0,"enemies":"Lagavulin","floor":6.0,"turns":8.0},{"damage":28.0,"enemies":"Exordium Wildlife","floor":11.0,"turns":6.0},{"damage":22.0,"enemies":"3 Sentries","floor":13.0,"turns":7.0},{"damage":17.0,"enemies":"Gremlin Gang","floor":14.0,"turns":3.0},{"damage":48.0,"enemies":"The Guardian","floor":16.0,"turns":10.0},{"damage":2.0,"enemies":"Chosen","floor":18.0,"turns":6.0},{"damage":10.0,"enemies":"Shell Parasite","floor":20.0,"turns":6.0},{"damage":28.0,"enemies":"Slavers","floor":23.0,"turns":6.0},{"damage":9.0,"enemies":"Centurion and Healer","floor":27.0,"turns":7.0},{"damage":7,"enemies":"3 Cultists","floor":30,"turns":6},{"damage":3,"enemies":"Shelled Parasite and Fungi","floor":31,"turns":6},{"damage":116,"enemies":"Automaton","floor":33,"turns":12}],"seed_played":"-7940912666367104334","potions_obtained":[{"floor":4.0,"key":"PowerPotion"},{"floor":11.0,"key":"PowerPotion"},{"floor":13.0,"key":"Poison Potion"},{"floor":16.0,"key":"Block Potion"}],"is_trial":false,"path_per_floor":["M","$","M","M","M","E","R","?","T","R","M","R","E","M","R","B",null,"M","?","M","?","$","E","R","?","T","M","$","R","M","M","R","B"],"character_chosen":"THE_SILENT","items_purchased":["Escape Plan","Noxious Fumes"],"campfire_rested":6,"item_purchase_floors":[2,28],"current_hp_per_floor":[62,62,62,58,49,21,42,42,42,42,14,35,13,35,56,8,55,53,53,43,43,43,15,36,36,36,27,27,48,41,38,59,0],"gold":173,"neow_bonus":"BOSS_RELIC","is_prod":false,"is_daily":false,"chose_seed":false,"campfire_upgraded":1,"win_rate":0,"timestamp":1560426953,"path_taken":["M","$","M","M","M","E","R","?","T","R","M","R","E","M","R","BOSS","M","?","?","?","$","E","R","?","T","M","?","R","M","M","R","BOSS"],"build_version":"2019-01-23","purchased_purges":1,"victory":false,"max_hp_per_floor":[70,70,70,70,70,70,70,70,70,70,70,70,70,70,70,70,70,70,70,70,70,70,70,70,70,70,70,70,70,70,70,70,70],"card_choices":[{"not_picked":["Poisoned Stab","Deflect"],"picked":"Cloak And Dagger","floor":1.0},{"not_picked":["Deflect","Slice"],"picked":"Die Die Die","floor":3.0},{"not_picked":["Deflect","PiercingWail"],"picked":"Bouncing Flask","floor":4.0},{"not_picked":["Setup","Masterful Stab","PiercingWail"],"picked":"SKIP","floor":5.0},{"not_picked":["Deadly Poison","Slice"],"picked":"Well Laid Plans","floor":6.0},{"not_picked":["Acrobatics","Prepared"],"picked":"Bane","floor":11.0},{"not_picked":["Sucker Punch","Masterful Stab"],"picked":"Bullet Time","floor":13.0},{"not_picked":["PiercingWail","Bane","Backflip"],"picked":"SKIP","floor":14.0},{"not_picked":["After Image","Corpse Explosion"],"picked":"Wraith Form v2","floor":16.0},{"not_picked":["Masterful Stab","Prepared"],"picked":"Dash","floor":18.0},{"not_picked":["Backflip+1","Finisher"],"picked":"PiercingWail","floor":20.0},{"not_picked":["Deflect","Bane"],"picked":"Flechettes","floor":23.0},{"not_picked":["Tactician","Setup","Backflip"],"picked":"SKIP","floor":27.0},{"not_picked":["Poisoned Stab+1","Blur"],"picked":"Deadly Poison","floor":30},{"not_picked":["Predator+1","Endless Agony+1","Slice+1"],"picked":"SKIP","floor":31}],"player_experience":786346,"relics_obtained":[{"floor":6.0,"key":"StoneCalendar"},{"floor":9.0,"key":"Dodecahedron"},{"floor":13.0,"key":"Letter Opener"},{"floor":23.0,"key":"Molten Egg 2"},{"floor":26.0,"key":"Bag of Marbles"}],"event_choices":[{"damage_healed":0.0,"max_hp_gain":0.0,"max_hp_loss":0.0,"gold_gain":0.0,"event_name":"FaceTrader","player_choice":"Leave","floor":8.0,"gold_loss":0.0,"damage_taken":0.0},{"damage_healed":0.0,"max_hp_gain":0.0,"max_hp_loss":0.0,"gold_gain":0.0,"event_name":"Duplicator","player_choice":"Copied","floor":19.0,"gold_loss":0.0,"damage_taken":0.0,"cards_obtained":["Wraith Form v2"]},{"damage_healed":0.0,"max_hp_gain":0.0,"max_hp_loss":0.0,"gold_gain":0.0,"event_name":"Drug Dealer","player_choice":"Inject Mutagens","floor":21.0,"gold_loss":0.0,"damage_taken":0.0,"relics_obtained":["MutagenicStrength"]},{"damage_healed":0.0,"max_hp_gain":0.0,"max_hp_loss":0.0,"gold_gain":0.0,"event_name":"Addict","player_choice":"Obtained Relic","floor":25.0,"gold_loss":85.0,"damage_taken":0.0,"relics_obtained":["Smiling Mask"]}],"is_beta":false,"boss_relics":[{"not_picked":["Astrolabe","Pandora\u0027s Box"],"picked":"Runic Pyramid"}],"items_purged_floors":[22],"is_endless":false,"potions_floor_spawned":[4,11,13,16,18,20],"killed_by":"Automaton","ascension_level":13}