{"gold_per_floor":[110,127,142,67,82,82,113,113,113,51,66,66,141,141],"floor_reached":14,"playtime":682,"items_purged":["Strike_R"],"score":144,"play_id":"4f1a80b9-c8e2-44e4-9a46-511cf0d7c2e6","local_time":"20190303145300","is_ascension_mode":true,"campfire_choices":[{"data":"Bash","floor":6,"key":"SMITH"},{"data":"Cleave","floor":8,"key":"SMITH"},{"data":"Hemokinesis","floor":12,"key":"SMITH"}],"neow_cost":"NONE","seed_source_timestamp":22706951137636344,"circlet_count":0,"master_deck":["AscendersBane","Strike_R","Strike_R","Strike_R","Strike_R","Defend_R","Defend_R","Defend_R","Defend_R","Bash+1","Brutality","Twin Strike","Seeing Red","Rupture","Cleave+1","Flame Barrier","Hemokinesis+1"],"relics":["Burning Blood","The Courier","Sundial"],"potions_floor_usage":[14,14],"damage_taken":[{"damage":8,"enemies":"Cultist","floor":1,"turns":3},{"damage":7,"enemies":"Jaw Worm","floor":2,"turns":4},{"damage":2,"enemies":"2 Louse","floor":3,"turns":4},{"damage":14,"enemies":"2 Fungi Beasts","floor":5,"turns":4},{"damage":41,"enemies":"3 Sentries","floor":7,"turns":8},{"damage":7,"enemies":"3 Louse","floor":11,"turns":4},{"damage":18,"enemies":"Exordium Wildlife","floor":14,"turns":5}],"seed_played":"1009435590851180897","potions_obtained":[{"floor":3,"key":"Dexterity Potion"},{"floor":7,"key":"Swift Potion"}],"is_trial":false,"path_per_floor":["M","M","M","$","M","R","E","R","T","$","M","R","?","M"],"character_chosen":"IRONCLAD","items_purchased":["Flame Barrier"],"campfire_rested":0,"item_purchase_floors":[10],"current_hp_per_floor":[70,69,73,73,65,65,30,30,30,30,29,29,18,0],"gold":141,"neow_bonus":"ONE_RANDOM_RARE_CARD","is_prod":false,"is_daily":false,"chose_seed":false,"campfire_upgraded":3,"win_rate":0,"timestamp":1551621180,"path_taken":["M","M","M","?","M","R","E","R","T","$","M","R","?","M"],"build_version":"2019-01-23","purchased_purges":1,"victory":false,"max_hp_per_floor":[80,80,80,80,80,80,80,80,80,80,80,80,80,80],"card_choices":[{"not_picked":["Uppercut","Clothesline"],"picked":"Twin Strike","floor":1},{"not_picked":["Wild Strike","Burning Pact","Warcry"],"picked":"SKIP","floor":2},{"not_picked":["Power Through","Clash"],"picked":"Seeing Red","floor":3},{"not_picked":["Sword Boomerang","Warcry"],"picked":"Rupture","floor":5},{"not_picked":["Dropkick","Wild Strike"],"picked":"Cleave","floor":7},{"not_picked":["Perfected Strike","Thunderclap"],"picked":"Hemokinesis","floor":11}],"player_experience":366776,"relics_obtained":[{"floor":7,"key":"The Courier"},{"floor":9,"key":"Sundial"}],"event_choices":[{"damage_healed":0,"gold_gain":75,"player_choice":"Gather Gold","damage_taken":11,"max_hp_gain":0,"max_hp_loss":0,"event_name":"World of Goop","floor":13,"gold_loss":0}],"is_beta":false,"boss_relics":[],"items_purged_floors":[4],"is_endless":false,"potions_floor_spawned":[3,7],"killed_by":"Exordium Wildlife","ascension_level":12}