{"gold_per_floor":[113,38,38,54,64,98,98,117,144,170,86,86,100,0,0,74,74,91,110,110,120,131,161,161,86,133,144,19,19,37,56,56,130,130,150,0,0,0,13,13,33,49,49,49,67,77,77,77,77,77],"floor_reached":51,"playtime":3024,"items_purged":["Strike_G","Strike_G","Strike_G","Injury"],"score":1255,"play_id":"c81c59a1-a31b-4d34-ac17-4ff23fe42a7d","local_time":"20190422154352","is_ascension_mode":true,"campfire_choices":[{"floor":7,"key":"REST"},{"data":"Footwork","floor":12,"key":"SMITH"},{"data":"Neutralize","floor":15,"key":"SMITH"},{"floor":24,"key":"REST"},{"floor":32,"key":"REST"},{"floor":40,"key":"REST"},{"floor":44,"key":"REST"},{"floor":47,"key":"REST"},{"floor":49,"key":"REST"}],"neow_cost":"TEN_PERCENT_HP_LOSS","seed_source_timestamp":928392769239673,"circlet_count":0,"master_deck":["AscendersBane","Defend_G","Defend_G","Defend_G","Defend_G","Defend_G","Strike_G","Survivor","Neutralize+1","All Out Attack","Neutralize","Well Laid Plans","Predator","Unload","Backstab","Footwork+1","Blur","Adrenaline","Deflect","Backflip","Noxious Fumes","Dash","Doppelganger","Well Laid Plans","Footwork","Deflect+1"],"relics":["Ring of the Snake","FossilizedHelix","Snake Skull","Vajra","Ancient Tea Set","Fusion Hammer","Sundial","Omamori","Calling Bell","Happy Flower","Pantograph","Pocketwatch","Red Mask","Mercury Hourglass"],"potions_floor_usage":[16,21,23,33,50,50],"damage_taken":[{"damage":0,"enemies":"Jaw Worm","floor":1,"turns":6},{"damage":0,"enemies":"Cultist","floor":4,"turns":4},{"damage":0,"enemies":"Small Slimes","floor":5,"turns":3},{"damage":36,"enemies":"Lagavulin","floor":6,"turns":7},{"damage":0,"enemies":"Exordium Wildlife","floor":8,"turns":3},{"damage":12,"enemies":"3 Sentries","floor":10,"turns":8},{"damage":0,"enemies":"3 Louse","floor":13,"turns":3},{"damage":15,"enemies":"Hexaghost","floor":16,"turns":16},{"damage":0,"enemies":"Chosen","floor":18,"turns":8},{"damage":0,"enemies":"Spheric Guardian","floor":19,"turns":4},{"damage":0,"enemies":"Snake Plant","floor":21,"turns":6},{"damage":2,"enemies":"Shelled Parasite and Fungi","floor":22,"turns":8},{"damage":12,"enemies":"Gremlin Leader","floor":23,"turns":6},{"damage":4,"enemies":"Centurion and Healer","floor":27,"turns":5},{"damage":10,"enemies":"Snake Plant","floor":30,"turns":4},{"damage":0,"enemies":"Snecko","floor":31,"turns":6},{"damage":25,"enemies":"Automaton","floor":33,"turns":15},{"damage":19,"enemies":"3 Darklings","floor":35,"turns":5},{"damage":0,"enemies":"3 Shapes","floor":39,"turns":6},{"damage":18,"enemies":"Transient","floor":41,"turns":6},{"damage":0,"enemies":"Jaw Worm Horde","floor":42,"turns":5},{"damage":0,"enemies":"Sphere and 2 Shapes","floor":45,"turns":6},{"damage":0,"enemies":"Transient","floor":46,"turns":6},{"damage":39,"enemies":"Time Eater","floor":50,"turns":19}],"seed_played":"-4750383535588141129","potions_obtained":[{"floor":4,"key":"Block Potion"},{"floor":6,"key":"Energy Potion"},{"floor":13,"key":"Weak Potion"},{"floor":16,"key":"PowerPotion"},{"floor":23,"key":"Swift Potion"},{"floor":29,"key":"Ancient Potion"},{"floor":30,"key":"AttackPotion"},{"floor":33,"key":"SteroidPotion"},{"floor":39,"key":"PowerPotion"},{"floor":42,"key":"Dexterity Potion"}],"is_trial":false,"path_per_floor":["M","$","?","M","M","E","R","M","T","E","$","R","M","$","R","B",null,"M","M","$","M","M","E","R","?","T","M","$","?","M","M","R","B",null,"M","$","?","?","M","R","M","M","T","R","M","M","R","?","R","B",null],"character_chosen":"THE_SILENT","items_purchased":["Footwork"],"campfire_rested":7,"item_purchase_floors":[11],"current_hp_per_floor":[59,59,59,59,59,23,41,41,41,29,29,29,29,29,29,14,49,49,49,49,49,47,35,53,53,53,49,49,49,39,39,57,32,53,34,34,34,34,34,51,33,33,33,50,50,50,57,57,57,18],"gold":77,"neow_bonus":"ONE_RARE_RELIC","is_prod":false,"is_daily":false,"chose_seed":false,"campfire_upgraded":2,"win_rate":0,"timestamp":1555940632,"path_taken":["M","$","?","?","M","E","R","M","T","E","$","R","M","$","R","BOSS","M","M","$","?","M","E","R","?","T","M","?","?","M","?","R","BOSS","M","$","?","?","M","R","M","M","T","R","M","M","R","?","R","BOSS"],"build_version":"2019-01-23","purchased_purges":4,"victory":true,"max_hp_per_floor":[60,60,60,60,60,60,60,60,60,60,60,60,60,60,60,60,60,60,60,60,60,60,60,60,60,60,60,60,60,60,60,60,60,60,60,60,57,57,57,57,57,57,57,57,57,57,57,57,57,57],"card_choices":[{"not_picked":["Dodge and Roll","Cloak And Dagger"],"picked":"All Out Attack","floor":1},{"not_picked":["Bane","Eviscerate"],"picked":"Well Laid Plans","floor":4},{"not_picked":["Outmaneuver","Expertise"],"picked":"Predator","floor":5},{"not_picked":["Outmaneuver","PiercingWail"],"picked":"Unload","floor":6},{"not_picked":["Dodge and Roll","Blade Dance","Calculated Gamble"],"picked":"SKIP","floor":8},{"not_picked":["Grand Finale","Deflect"],"picked":"Backstab","floor":10},{"not_picked":["Endless Agony","Outmaneuver"],"picked":"Blur","floor":13},{"not_picked":["Bullet Time","Burst"],"picked":"Adrenaline","floor":16},{"not_picked":["Prepared","Outmaneuver"],"picked":"Deflect","floor":18},{"not_picked":["Blade Dance","Flechettes","Accuracy"],"picked":"SKIP","floor":19},{"not_picked":["Flechettes","Deflect+1"],"picked":"Backflip","floor":21},{"not_picked":["Quick Slash","Dagger Spray","Poisoned Stab"],"picked":"SKIP","floor":22},{"not_picked":["Poisoned Stab","Acrobatics+1"],"picked":"Noxious Fumes","floor":23},{"not_picked":["Quick Slash","Dagger Throw","Calculated Gamble"],"picked":"SKIP","floor":27},{"not_picked":["Finisher","Infinite Blades"],"picked":"Dash","floor":30},{"not_picked":["Masterful Stab+1","Predator","Riddle With Holes"],"picked":"SKIP","floor":31},{"not_picked":["Night Terror","Bullet Time"],"picked":"Doppelganger","floor":33},{"not_picked":["All Out Attack","Flechettes"],"picked":"Well Laid Plans","floor":35},{"not_picked":["Bane","Sucker Punch","Prepared+1"],"picked":"SKIP","floor":39},{"not_picked":["Backflip","Cloak And Dagger"],"picked":"Footwork","floor":41},{"not_picked":["Slice+1","Expertise","Quick Slash+1"],"picked":"SKIP","floor":42},{"not_picked":["Poisoned Stab","Acrobatics","Dagger Throw"],"picked":"SKIP","floor":45},{"not_picked":["Outmaneuver","Quick Slash"],"picked":"Deflect+1","floor":46}],"player_experience":514589,"relics_obtained":[{"floor":6,"key":"Snake Skull"},{"floor":9,"key":"Vajra"},{"floor":10,"key":"Ancient Tea Set"},{"floor":23,"key":"Sundial"},{"floor":26,"key":"Omamori"},{"floor":34,"key":"Happy Flower"},{"floor":34,"key":"Pantograph"},{"floor":34,"key":"Pocketwatch"},{"floor":43,"key":"Mercury Hourglass"}],"event_choices":[{"damage_healed":0,"gold_gain":0,"player_choice":"1 cards matched","damage_taken":0,"max_hp_gain":0,"max_hp_loss":0,"event_name":"Match and Keep!","floor":3,"gold_loss":0,"cards_obtained":["Neutralize"]},{"cards_removed":["Strike_G"],"damage_healed":0,"gold_gain":0,"player_choice":"Gave Gold","damage_taken":0,"max_hp_gain":0,"max_hp_loss":0,"event_name":"Beggar","floor":25,"gold_loss":75},{"damage_healed":0,"gold_gain":0,"player_choice":"Got Potions","damage_taken":0,"max_hp_gain":0,"max_hp_loss":0,"event_name":"Lab","floor":29,"gold_loss":0},{"damage_healed":0,"gold_gain":0,"player_choice":"Max HP","damage_taken":0,"max_hp_gain":0,"max_hp_loss":3,"event_name":"Winding Halls","floor":37,"gold_loss":0},{"damage_healed":0,"gold_gain":0,"player_choice":"Paid","damage_taken":0,"relics_obtained":["Red Mask"],"max_hp_gain":0,"max_hp_loss":0,"event_name":"Tomb of Lord Red Mask","floor":38,"gold_loss":0},{"damage_healed":0,"gold_gain":0,"player_choice":"Leave","damage_taken":0,"max_hp_gain":0,"max_hp_loss":0,"event_name":"FaceTrader","floor":48,"gold_loss":0}],"is_beta":false,"boss_relics":[{"not_picked":["Ectoplasm","Snecko Eye"],"picked":"Fusion Hammer"},{"not_picked":["Velvet Choker","Pandora\u0027s Box"],"picked":"Calling Bell"}],"items_purged_floors":[2,14,28,36],"is_endless":false,"potions_floor_spawned":[4,6,13,16,18,23,30,31,33,39,42],"ascension_level":19}