{"gold_per_floor":[214,214,237,237,252,252,272,272,296,327,327,358,358,393,393,487,487,508,423,119,138,157,157,195,208,208,208,231,231,231,265,265,358,358,379,27,27,40,40,79,79,113,125,137,190,535,547,573,585,597,609],"floor_reached":51,"playtime":1785,"items_purged":["Pain"],"score":1553,"play_id":"410aacc0-3bd6-474f-984e-fb956ada2919","local_time":"20190611153250","is_ascension_mode":true,"campfire_choices":[{"data":"Bash","floor":6,"key":"SMITH"},{"data":"Inflame","floor":8,"key":"SMITH"},{"floor":11,"key":"REST"},{"floor":13,"key":"REST"},{"data":"Immolate","floor":15,"key":"SMITH"},{"floor":23,"key":"REST"},{"floor":30,"key":"REST"},{"data":"Feel No Pain","floor":32,"key":"SMITH"},{"data":"Havoc","floor":41,"key":"SMITH"},{"floor":47,"key":"RECALL"},{"floor":49,"key":"REST"}],"neow_cost":"NONE","seed_source_timestamp":187698316955850,"circlet_count":0,"master_deck":["AscendersBane","Strike_R+1","Strike_R+1","Defend_R+1","Defend_R+1","Defend_R+1","Defend_R+1","Bash+1","Iron Wave","Cleave","Hemokinesis","Inflame+1","Immolate+1","True Grit","Limit Break","Corruption+1","Metallicize","Sword Boomerang","Spot Weakness","Feel No Pain+1","Infernal Blade+1","Reaper","Havoc+1","Evolve","Shrug It Off","Heavy Blade+1","Inflame","Pain","Reckless Charge+1"],"relics":["Burning Blood","WarpedTongs","War Paint","Potion Belt","Regal Pillow","Smiling Mask","Black Star","Bird Faced Urn","ClockworkSouvenir","Ancient Tea Set","Bronze Scales","Mummified Hand","Blood Vial","Meat on the Bone","Cursed Key","Mercury Hourglass","Boot","Red Skull","Blue Candle","MawBank","Frozen Egg 2","Vajra"],"potions_floor_usage":[10,12,22,24,25,31,33,42,50,51],"damage_taken":[{"damage":9,"enemies":"2 Louse","floor":1,"turns":4},{"damage":6,"enemies":"Small Slimes","floor":3,"turns":4},{"damage":3,"enemies":"Cultist","floor":5,"turns":3},{"damage":17,"enemies":"Large Slime","floor":7,"turns":3},{"damage":18,"enemies":"3 Sentries","floor":10,"turns":7},{"damage":8,"enemies":"Gremlin Nob","floor":12,"turns":3},{"damage":22,"enemies":"3 Sentries","floor":14,"turns":4},{"damage":43,"enemies":"Slime Boss","floor":16,"turns":7},{"damage":9,"enemies":"Chosen","floor":18,"turns":3},{"damage":29,"enemies":"Shell Parasite","floor":21,"turns":8},{"damage":43,"enemies":"Chosen and Byrds","floor":22,"turns":5},{"damage":25,"enemies":"Gremlin Leader","floor":24,"turns":5},{"damage":13,"enemies":"Snecko","floor":25,"turns":4},{"damage":14,"enemies":"Sentry and Sphere","floor":28,"turns":5},{"damage":6,"enemies":"Slavers","floor":31,"turns":3},{"damage":56,"enemies":"Automaton","floor":33,"turns":10},{"damage":42,"enemies":"3 Darklings","floor":35,"turns":4},{"damage":4,"enemies":"3 Shapes","floor":38,"turns":8},{"damage":67,"enemies":"Giant Head","floor":40,"turns":6},{"damage":27,"enemies":"Reptomancer","floor":42,"turns":7},{"damage":26,"enemies":"Nemesis","floor":45,"turns":6},{"damage":65,"enemies":"Maw","floor":48,"turns":7},{"damage":88,"enemies":"Donu and Deca","floor":50,"turns":6},{"damage":55,"enemies":"Time Eater","floor":51,"turns":4}],"seed_played":"5902440526354377281","potions_obtained":[{"floor":3,"key":"SteroidPotion"},{"floor":7,"key":"Strength Potion"},{"floor":10,"key":"Dexterity Potion"},{"floor":14,"key":"Energy Potion"},{"floor":18,"key":"AttackPotion"},{"floor":21,"key":"Explosive Potion"},{"floor":24,"key":"SteroidPotion"},{"floor":33,"key":"Energy Potion"},{"floor":38,"key":"FearPotion"},{"floor":45,"key":"Energy Potion"},{"floor":48,"key":"BloodPotion"}],"is_trial":false,"path_per_floor":["M","?","M","?","M","R","M","R","T","E","R","E","R","E","R","B",null,"M","?","$","M","M","R","E","M","T","?","M","?","R","E","R","B",null,"M","$","?","M","$","E","R","E","T","?","E","?","R","M","R","B","B"],"character_chosen":"IRONCLAD","items_purchased":["ClockworkSouvenir","Metallicize","Evolve","Mercury Hourglass"],"campfire_rested":5,"item_purchase_floors":[20,20,36,36],"current_hp_per_floor":[65,39,39,39,42,42,31,31,31,19,41,39,75,59,59,22,62,59,59,59,42,11,48,31,30,30,30,30,30,67,69,69,41,67,67,67,67,75,75,53,53,73,73,71,59,59,59,26,62,23,0],"gold":609,"neow_bonus":"HUNDRED_GOLD","is_prod":false,"is_daily":false,"chose_seed":false,"campfire_upgraded":5,"win_rate":0,"timestamp":1560292370,"path_taken":["M","?","M","?","?","R","M","R","T","E","R","E","R","E","R","BOSS","M","?","$","M","M","R","E","M","T","?","M","?","R","E","R","BOSS","M","$","?","M","?","E","R","E","T","?","E","?","R","M","R","BOSS","BOSS"],"build_version":"2019-06-10","purchased_purges":1,"victory":false,"max_hp_per_floor":[75,75,75,75,75,75,75,75,75,75,75,75,75,75,75,75,75,75,75,75,75,75,75,75,75,75,75,75,75,75,75,75,75,75,75,75,75,75,75,75,75,75,75,71,71,71,71,71,71,71,71],"card_choices":[{"not_picked":["Perfected Strike","Bloodletting"],"picked":"Iron Wave","floor":1},{"not_picked":["Combust","Searing Blow"],"picked":"Cleave","floor":3},{"not_picked":["Metallicize","Burning Pact"],"picked":"Hemokinesis","floor":5},{"not_picked":["Flex","Warcry"],"picked":"Inflame","floor":7},{"not_picked":["Sword Boomerang","Warcry"],"picked":"Immolate","floor":10},{"not_picked":["Sentinel","Perfected Strike"],"picked":"True Grit","floor":12},{"not_picked":["Blood for Blood","Flex","Thunderclap"],"picked":"SKIP","floor":14},{"not_picked":["Bludgeon","Exhume"],"picked":"Limit Break","floor":16},{"not_picked":["Flex","Iron Wave"],"picked":"Corruption+1","floor":18},{"not_picked":["Sentinel","Evolve+1"],"picked":"Sword Boomerang","floor":21},{"not_picked":["Carnage","Cleave","Clothesline"],"picked":"SKIP","floor":22},{"not_picked":["Iron Wave","Dropkick","Immolate"],"picked":"SKIP","floor":24},{"not_picked":["Headbutt","Thunderclap","Hemokinesis"],"picked":"SKIP","floor":25},{"not_picked":["Entrench","Combust"],"picked":"Infernal Blade+1","floor":28},{"not_picked":["Twin Strike","Fire Breathing","Entrench+1"],"picked":"SKIP","floor":31},{"not_picked":["Bludgeon","Juggernaut"],"picked":"Reaper","floor":33},{"not_picked":["Armaments","Warcry"],"picked":"Havoc","floor":35},{"not_picked":["Dropkick+1","Warcry"],"picked":"Shrug It Off","floor":38},{"not_picked":["Infernal Blade","Anger"],"picked":"Heavy Blade+1","floor":40},{"not_picked":["Dual Wield+1","Perfected Strike+1"],"picked":"Inflame","floor":42},{"not_picked":["Clash","Cleave+1"],"picked":"Reckless Charge+1","floor":45},{"not_picked":["Havoc","Thunderclap","Clash"],"picked":"SKIP","floor":48}],"player_experience":1318586,"relics_obtained":[{"floor":9,"key":"War Paint"},{"floor":10,"key":"Potion Belt"},{"floor":12,"key":"Regal Pillow"},{"floor":14,"key":"Smiling Mask"},{"floor":24,"key":"Ancient Tea Set"},{"floor":24,"key":"Bronze Scales"},{"floor":26,"key":"Mummified Hand"},{"floor":31,"key":"Blood Vial"},{"floor":31,"key":"Meat on the Bone"},{"floor":40,"key":"Boot"},{"floor":40,"key":"Red Skull"},{"floor":42,"key":"Blue Candle"},{"floor":42,"key":"MawBank"},{"floor":45,"key":"Frozen Egg 2"},{"floor":45,"key":"Vajra"}],"event_choices":[{"damage_healed":0,"gold_gain":0,"player_choice":"Take Damage","damage_taken":26,"relics_obtained":["Golden Idol"],"max_hp_gain":0,"max_hp_loss":0,"event_name":"Golden Idol","floor":2,"gold_loss":0},{"damage_healed":0,"gold_gain":0,"player_choice":"Rummage","damage_taken":0,"relics_obtained":["WarpedTongs"],"max_hp_gain":0,"max_hp_loss":0,"event_name":"Accursed Blacksmith","floor":4,"gold_loss":0,"cards_obtained":["Pain"]},{"damage_healed":0,"gold_gain":0,"player_choice":"Obtained Relic","damage_taken":0,"relics_obtained":["Bird Faced Urn"],"max_hp_gain":0,"max_hp_loss":0,"event_name":"Addict","floor":19,"gold_loss":85},{"damage_healed":0,"gold_gain":0,"cards_transformed":["Strike_R","Strike_R"],"player_choice":"Became Test Subject","damage_taken":0,"max_hp_gain":0,"max_hp_loss":0,"event_name":"Drug Dealer","floor":27,"gold_loss":0,"cards_obtained":["Spot Weakness","Feel No Pain"]},{"damage_healed":0,"gold_gain":0,"player_choice":"Simplicity","damage_taken":0,"max_hp_gain":0,"max_hp_loss":0,"event_name":"Back to Basics","floor":29,"gold_loss":0,"cards_upgraded":["Strike_R","Strike_R","Strike_R","Defend_R","Defend_R"]},{"cards_removed":["Strike_R"],"damage_healed":0,"gold_gain":0,"player_choice":"Offered Basic","damage_taken":0,"max_hp_gain":0,"max_hp_loss":0,"event_name":"Bonfire Elementals","floor":37,"gold_loss":0},{"damage_healed":0,"gold_gain":0,"player_choice":"Max HP","damage_taken":0,"max_hp_gain":0,"max_hp_loss":4,"event_name":"Winding Halls","floor":44,"gold_loss":0},{"damage_healed":0,"gold_gain":333,"player_choice":"Gave Idol","damage_taken":0,"max_hp_gain":0,"max_hp_loss":0,"event_name":"The Moai Head","floor":46,"relics_lost":["Golden Idol"],"gold_loss":0}],"is_beta":true,"boss_relics":[{"not_picked":["Eternal Feather","Black Blood"],"picked":"Black Star"},{"not_picked":["Runic Dome","Calling Bell"],"picked":"Cursed Key"}],"items_purged_floors":[20],"is_endless":false,"potions_floor_spawned":[3,7,10,14,18,21,24,33,38,45,48],"killed_by":"Time Eater","ascension_level":20}