{"gold_per_floor":[118,137,49,49,61,87,87,120,120,154,154,164,181,181,181,255,255,269,282,207,227,69,69,69,69,96,127,327,337,372,87,87,87],"floor_reached":33,"playtime":1198,"items_purged":["Strike_G"],"score":606,"play_id":"86bd5e7a-83f4-4319-9dbe-0aa9a3cd1aa9","local_time":"20190501135808","is_ascension_mode":true,"campfire_choices":[{"data":"Glass Knife","floor":7,"key":"SMITH"},{"floor":11,"key":"REST"},{"data":"Neutralize","floor":15,"key":"SMITH"},{"floor":23,"key":"REST"},{"floor":25,"key":"REST"},{"floor":32,"key":"REST"}],"neow_cost":"NONE","seed_source_timestamp":20493434658510,"circlet_count":0,"master_deck":["AscendersBane","Defend_G","Defend_G","Defend_G","Defend_G","Defend_G","Strike_G","Strike_G","Survivor","Neutralize+1","Poisoned Stab","Backstab","Caltrops","Poisoned Stab","Glass Knife+1","Quick Slash","Burst","Leg Sweep","Backflip","PiercingWail","Eviscerate","Violence"],"relics":["Velvet Choker","Oddly Smooth Stone","Calipers","Bronze Scales","Runic Pyramid","Regal Pillow","Vajra","Frozen Egg 2","Incense Burner"],"potions_floor_usage":[6,8,10,16,21,27,30],"damage_taken":[{"damage":0,"enemies":"Small Slimes","floor":1,"turns":5},{"damage":0,"enemies":"Cultist","floor":2,"turns":4},{"damage":0,"enemies":"Jaw Worm","floor":5,"turns":3},{"damage":30,"enemies":"Gremlin Nob","floor":6,"turns":4},{"damage":19,"enemies":"Lagavulin","floor":8,"turns":6},{"damage":6,"enemies":"Gremlin Nob","floor":10,"turns":3},{"damage":0,"enemies":"Lots of Slimes","floor":12,"turns":3},{"damage":0,"enemies":"2 Fungi Beasts","floor":13,"turns":2},{"damage":6,"enemies":"The Guardian","floor":16,"turns":9},{"damage":18,"enemies":"Shell Parasite","floor":18,"turns":4},{"damage":2,"enemies":"Spheric Guardian","floor":19,"turns":4},{"damage":19,"enemies":"Shelled Parasite and Fungi","floor":21,"turns":6},{"damage":36,"enemies":"Gremlin Leader","floor":27,"turns":8},{"damage":7,"enemies":"Chosen and Byrds","floor":29,"turns":5},{"damage":22,"enemies":"Slavers","floor":30,"turns":5},{"damage":94,"enemies":"Champ","floor":33,"turns":27}],"seed_played":"4312369088141599991","potions_obtained":[{"floor":1,"key":"Regen Potion"},{"floor":5,"key":"SkillPotion"},{"floor":6,"key":"PowerPotion"},{"floor":10,"key":"FairyPotion"},{"floor":14,"key":"SteroidPotion"},{"floor":18,"key":"AttackPotion"},{"floor":21,"key":"Fire Potion"},{"floor":29,"key":"Fire Potion"}],"is_trial":false,"path_per_floor":["M","M","$","?","M","E","R","E","T","E","R","M","M","?","R","B",null,"M","M","?","M","$","R","?","R","T","E","?","M","E","$","R","B"],"character_chosen":"THE_SILENT","items_purchased":["Caltrops","Regal Pillow","Violence"],"campfire_rested":4,"item_purchase_floors":[3,22,31],"current_hp_per_floor":[59,59,59,59,59,29,29,25,25,19,38,38,38,38,38,32,58,40,38,38,19,19,53,35,71,71,35,35,28,6,6,42,0],"gold":87,"neow_bonus":"BOSS_RELIC","is_prod":false,"is_daily":false,"chose_seed":false,"campfire_upgraded":2,"win_rate":0,"timestamp":1556744288,"path_taken":["M","M","$","?","?","E","R","E","T","E","R","M","M","?","R","BOSS","M","?","?","M","$","R","?","R","T","E","?","?","E","?","R","BOSS"],"build_version":"2019-04-23","purchased_purges":1,"victory":false,"max_hp_per_floor":[66,66,66,66,66,66,66,66,66,66,66,66,66,66,66,66,66,66,66,66,66,66,66,71,71,71,71,71,71,71,71,71,71],"card_choices":[{"not_picked":["Backstab","Dagger Spray"],"picked":"Poisoned Stab","floor":1},{"not_picked":["Prepared","Eviscerate"],"picked":"Backstab","floor":2},{"not_picked":["Acrobatics","Endless Agony","Riddle With Holes"],"picked":"SKIP","floor":5},{"not_picked":["Acrobatics","Crippling Poison"],"picked":"Glass Knife","floor":6},{"not_picked":["Underhanded Strike","Blade Dance","Outmaneuver"],"picked":"SKIP","floor":8},{"not_picked":["Heel Hook","Underhanded Strike"],"picked":"Quick Slash","floor":10},{"not_picked":["Outmaneuver","Escape Plan","Masterful Stab"],"picked":"SKIP","floor":12},{"not_picked":["Caltrops","Acrobatics","Prepared"],"picked":"SKIP","floor":13},{"not_picked":["Doppelganger","Phantasmal Killer"],"picked":"Burst","floor":16},{"not_picked":["Backflip","Concentrate+1"],"picked":"Leg Sweep","floor":18},{"not_picked":["Cloak And Dagger","Dodge and Roll"],"picked":"Backflip","floor":19},{"not_picked":["Deflect","Outmaneuver","Terror"],"picked":"SKIP","floor":21},{"not_picked":["Underhanded Strike","Concentrate","Deflect"],"picked":"SKIP","floor":27},{"not_picked":["Blade Dance+1","Outmaneuver"],"picked":"PiercingWail","floor":29},{"not_picked":["Outmaneuver","Underhanded Strike"],"picked":"Eviscerate","floor":30}],"player_experience":1201683,"relics_obtained":[{"floor":6,"key":"Oddly Smooth Stone"},{"floor":8,"key":"Calipers"},{"floor":10,"key":"Bronze Scales"},{"floor":26,"key":"Vajra"},{"floor":27,"key":"Frozen Egg 2"},{"floor":30,"key":"Incense Burner"}],"event_choices":[{"damage_healed":0,"gold_gain":0,"cards_transformed":["Strike_G"],"player_choice":"Transformed","damage_taken":0,"max_hp_gain":0,"max_hp_loss":0,"event_name":"Transmorgrifier","floor":4,"gold_loss":0,"cards_obtained":["Poisoned Stab"]},{"damage_healed":0,"gold_gain":0,"player_choice":"Got Potions","damage_taken":0,"max_hp_gain":0,"max_hp_loss":0,"event_name":"Lab","floor":14,"gold_loss":0},{"cards_removed":["Strike_G"],"damage_healed":0,"gold_gain":0,"player_choice":"Gave Gold","damage_taken":0,"max_hp_gain":0,"max_hp_loss":0,"event_name":"Beggar","floor":20,"gold_loss":75},{"damage_healed":0,"gold_gain":0,"player_choice":"Shed Blood","damage_taken":23,"max_hp_gain":5,"max_hp_loss":0,"event_name":"Forgotten Altar","floor":24,"gold_loss":0},{"damage_healed":0,"gold_gain":200,"player_choice":"Gold","damage_taken":0,"max_hp_gain":0,"max_hp_loss":0,"event_name":"Wheel of Change","floor":28,"gold_loss":0}],"is_beta":true,"boss_relics":[{"not_picked":["HoveringKite","Lizard Tail"],"picked":"Runic Pyramid"}],"items_purged_floors":[31],"is_endless":false,"potions_floor_spawned":[1,5,6,10,18,21,29],"killed_by":"Champ","ascension_level":20}