{"gold_per_floor":[109,34,51,61,72,72,97,97,97,22,97,126,139,139,139,215,215,215,24,24,24,24,24,24,24,24,24,24,24,24,24,24,24,24,24,24,24,24,24,24,24,24],"floor_reached":42,"playtime":1540,"items_purged":["Strike_R","Strike_R"],"score":844,"play_id":"62f26295-7f66-40f4-a1e4-65b596f27190","local_time":"20190525160739","is_ascension_mode":true,"campfire_choices":[{"data":"Body Slam","floor":6,"key":"SMITH"},{"data":"True Grit","floor":8,"key":"SMITH"},{"data":"Demon Form","floor":15,"key":"SMITH"},{"floor":23,"key":"REST"},{"data":"Heavy Blade","floor":25,"key":"SMITH"},{"floor":27,"key":"REST"},{"floor":32,"key":"REST"},{"floor":40,"key":"REST"}],"neow_cost":"NONE","seed_source_timestamp":591049282944901,"circlet_count":0,"master_deck":["AscendersBane","Strike_R+1","Strike_R+1","Defend_R+1","Defend_R+1","Defend_R+1","Defend_R+1","Bash","Inflame","Intimidate","Body Slam+1","Demon Form+1","True Grit+1","Thunderclap","Cleave","Reaper","Armaments+1","Shrug It Off","Metallicize","Heavy Blade+1","Shrug It Off+1","Shrug It Off+1"],"relics":["Black Blood","Bottled Tornado","Sundial","Blue Candle","Ectoplasm","Du-Vu Doll"],"potions_floor_usage":[12,13,30,42],"damage_taken":[{"damage":1,"enemies":"Cultist","floor":1,"turns":3},{"damage":14,"enemies":"Small Slimes","floor":3,"turns":4},{"damage":1,"enemies":"2 Louse","floor":4,"turns":4},{"damage":24,"enemies":"Red Slaver","floor":5,"turns":5},{"damage":20,"enemies":"Lagavulin","floor":7,"turns":6},{"damage":27,"enemies":"Gremlin Nob","floor":12,"turns":4},{"damage":11,"enemies":"Looter","floor":13,"turns":3},{"damage":34,"enemies":"Hexaghost","floor":16,"turns":8},{"damage":3,"enemies":"Chosen","floor":18,"turns":5},{"damage":28,"enemies":"3 Byrds","floor":20,"turns":5},{"damage":44,"enemies":"Colosseum Slavers","floor":21,"turns":4},{"damage":23,"enemies":"3 Cultists","floor":24,"turns":6},{"damage":23,"enemies":"Centurion and Healer","floor":30,"turns":6},{"damage":31,"enemies":"Snecko","floor":31,"turns":5},{"damage":55,"enemies":"Automaton","floor":33,"turns":8},{"damage":42,"enemies":"Orb Walker","floor":35,"turns":5},{"damage":17,"enemies":"3 Shapes","floor":36,"turns":7},{"damage":45,"enemies":"Spire Growth","floor":38,"turns":5},{"damage":37,"enemies":"Sphere and 2 Shapes","floor":41,"turns":7},{"damage":111,"enemies":"Reptomancer","floor":42,"turns":3}],"seed_played":"-5531908906609030077","potions_obtained":[{"floor":4,"key":"Regen Potion"},{"floor":12,"key":"Block Potion"},{"floor":13,"key":"Swift Potion"},{"floor":18,"key":"LiquidBronze"},{"floor":24,"key":"BloodPotion"},{"floor":31,"key":"FearPotion"}],"is_trial":false,"path_per_floor":["M","$","M","M","M","R","E","R","T","?","?","E","M","?","R","B",null,"M","$","M","?","?","R","M","R","T","R","?","?","M","M","R","B",null,"M","M","?","M","?","R","M","E"],"character_chosen":"IRONCLAD","items_purchased":["Shrug It Off","Metallicize"],"campfire_rested":4,"item_purchase_floors":[19,19],"current_hp_per_floor":[80,80,72,77,59,59,45,45,45,45,34,25,20,47,47,19,66,69,69,47,29,29,53,36,36,36,60,60,60,66,55,79,41,72,53,82,82,47,47,71,63,0],"gold":24,"neow_bonus":"TEN_PERCENT_HP_BONUS","is_prod":false,"is_daily":false,"chose_seed":false,"campfire_upgraded":4,"win_rate":0,"timestamp":1558793259,"path_taken":["M","$","?","M","M","R","E","R","T","?","?","E","M","?","R","BOSS","M","$","M","?","?","R","?","R","T","R","?","?","M","M","R","BOSS","M","M","?","M","?","R","M","E"],"build_version":"2019-01-23","purchased_purges":2,"victory":false,"max_hp_per_floor":[82,82,82,82,82,82,82,82,82,82,82,82,82,82,82,82,82,82,82,82,82,82,82,82,82,82,82,82,82,82,82,82,82,82,82,82,82,82,82,82,82,82],"card_choices":[{"not_picked":["Heavy Blade","Sword Boomerang"],"picked":"Inflame","floor":1},{"not_picked":["Havoc","Anger"],"picked":"Intimidate","floor":3},{"not_picked":["Rage","Perfected Strike"],"picked":"Body Slam","floor":4},{"not_picked":["Rage","Rupture"],"picked":"Demon Form","floor":5},{"not_picked":["Seeing Red","Power Through"],"picked":"True Grit","floor":7},{"not_picked":["Reckless Charge","Clash"],"picked":"Thunderclap","floor":12},{"not_picked":["Evolve","Headbutt"],"picked":"Cleave","floor":13},{"not_picked":["Feed","Double Tap"],"picked":"Reaper","floor":16},{"not_picked":["Spot Weakness","Burning Pact+1"],"picked":"Armaments","floor":18},{"not_picked":["Headbutt","Metallicize"],"picked":"Heavy Blade","floor":20},{"not_picked":["Sword Boomerang","Uppercut+1","Perfected Strike"],"picked":"SKIP","floor":24},{"not_picked":["Havoc","Body Slam","Fiend Fire"],"picked":"SKIP","floor":30},{"not_picked":["Havoc","Blood for Blood","Intimidate"],"picked":"SKIP","floor":31},{"not_picked":["Thunderclap","Twin Strike","Warcry"],"picked":"SKIP","floor":35},{"not_picked":["Bloodletting+1","Thunderclap"],"picked":"Shrug It Off+1","floor":36},{"not_picked":["Cleave","Perfected Strike"],"picked":"Shrug It Off+1","floor":38},{"not_picked":["Cleave","Shockwave+1","Rage+1"],"picked":"SKIP","floor":41}],"player_experience":577198,"relics_obtained":[{"floor":7,"key":"Bottled Tornado"},{"floor":9,"key":"Sundial"},{"floor":12,"key":"Blue Candle"},{"floor":26,"key":"Du-Vu Doll"}],"event_choices":[{"cards_removed":["Strike_R"],"damage_healed":0,"gold_gain":0,"player_choice":"Card Removal","damage_taken":0,"max_hp_gain":0,"max_hp_loss":0,"event_name":"The Cleric","floor":10,"gold_loss":75},{"damage_healed":0,"gold_gain":75,"player_choice":"Gather Gold","damage_taken":11,"max_hp_gain":0,"max_hp_loss":0,"event_name":"World of Goop","floor":11,"gold_loss":0},{"damage_healed":27,"gold_gain":0,"player_choice":"Banana","damage_taken":0,"max_hp_gain":0,"max_hp_loss":0,"event_name":"Big Fish","floor":14,"gold_loss":0},{"damage_healed":0,"gold_gain":0,"player_choice":"Fight","damage_taken":0,"max_hp_gain":0,"max_hp_loss":0,"event_name":"Colosseum","floor":21,"gold_loss":0},{"damage_healed":0,"gold_gain":0,"player_choice":"Fled From Nobs","damage_taken":0,"max_hp_gain":0,"max_hp_loss":0,"event_name":"Colosseum","floor":21,"gold_loss":0},{"damage_healed":0,"gold_gain":0,"player_choice":"Forge","damage_taken":0,"max_hp_gain":0,"max_hp_loss":0,"event_name":"Accursed Blacksmith","floor":22,"gold_loss":0,"cards_upgraded":["Armaments"]},{"damage_healed":0,"gold_gain":0,"player_choice":"Simplicity","damage_taken":0,"max_hp_gain":0,"max_hp_loss":0,"event_name":"Back to Basics","floor":28,"gold_loss":0,"cards_upgraded":["Strike_R","Strike_R","Defend_R","Defend_R","Defend_R","Defend_R"]},{"damage_healed":0,"gold_gain":0,"player_choice":"Ignored","damage_taken":0,"max_hp_gain":0,"max_hp_loss":0,"event_name":"Cursed Tome","floor":29,"gold_loss":0},{"damage_healed":0,"gold_gain":0,"player_choice":"Ignored","damage_taken":0,"max_hp_gain":0,"max_hp_loss":0,"event_name":"Mysterious Sphere","floor":37,"gold_loss":0},{"damage_healed":0,"gold_gain":0,"player_choice":"Leave","damage_taken":0,"max_hp_gain":0,"max_hp_loss":0,"event_name":"FaceTrader","floor":39,"gold_loss":0}],"is_beta":false,"boss_relics":[{"not_picked":["Lizard Tail","Runic Cube"],"picked":"Ectoplasm"},{"not_picked":["Tiny House","Mark of Pain"],"picked":"Black Blood"}],"items_purged_floors":[2,19],"is_endless":false,"potions_floor_spawned":[4,12,13,18,24,31,33],"killed_by":"Reptomancer","ascension_level":19}