{"gold_per_floor":[116,116,116,128,147,173,173,191,191,209,238,250,250,275,275,352,352,368,568,187,203,27,56,56,69,114,126,126,142,160,170,170,245,245,264,364,126,139,150,150,150,169,169,169,32,32],"floor_reached":46,"playtime":2368,"items_purged":["Strike_R","Strike_R","Strike_R"],"score":882,"play_id":"7542beb5-cdaf-46c8-bad4-a19939c8b8cf","local_time":"20190504173242","is_ascension_mode":true,"campfire_choices":[{"data":"Shrug It Off","floor":7,"key":"SMITH"},{"floor":13,"key":"REST"},{"floor":15,"key":"REST"},{"floor":24,"key":"REST"},{"floor":28,"key":"REST"},{"floor":32,"key":"REST"},{"floor":40,"key":"REST"}],"neow_cost":"NONE","seed_source_timestamp":1972440650971020,"circlet_count":0,"master_deck":["AscendersBane","Strike_R","Strike_R","Defend_R","Defend_R+1","Defend_R","Defend_R+1","Bash","Cleave","Shrug It Off+1","Spot Weakness","Flame Barrier","Battle Trance","Heavy Blade","Reaper","Shrug It Off+1","Metallicize","Flame Barrier","Impervious","Ghostly Armor","Juggernaut","Evolve","Master of Strategy"],"relics":["Burning Blood","NeowsBlessing","Boot","Mango","Sundial","The Courier","Shuriken","Sozu","DollysMirror","Bronze Scales","Orichalcum","War Paint","Velvet Choker","FossilizedHelix","Bag of Preparation","Juzu Bracelet","Vajra"],"potions_floor_usage":[6,8,16,16],"damage_taken":[{"damage":0,"enemies":"2 Louse","floor":1,"turns":1},{"damage":0,"enemies":"Jaw Worm","floor":4,"turns":1},{"damage":0,"enemies":"Cultist","floor":5,"turns":1},{"damage":37,"enemies":"3 Sentries","floor":6,"turns":8},{"damage":28,"enemies":"Gremlin Gang","floor":8,"turns":4},{"damage":7,"enemies":"3 Louse","floor":10,"turns":4},{"damage":17,"enemies":"Lagavulin","floor":11,"turns":6},{"damage":7,"enemies":"Blue Slaver","floor":12,"turns":6},{"damage":51,"enemies":"Gremlin Nob","floor":14,"turns":6},{"damage":33,"enemies":"Slime Boss","floor":16,"turns":7},{"damage":33,"enemies":"2 Thieves","floor":18,"turns":3},{"damage":19,"enemies":"Shell Parasite","floor":21,"turns":6},{"damage":64,"enemies":"Slavers","floor":23,"turns":6},{"damage":38,"enemies":"Centurion and Healer","floor":25,"turns":9},{"damage":12,"enemies":"Chosen and Byrds","floor":27,"turns":6},{"damage":0,"enemies":"Snake Plant","floor":29,"turns":5},{"damage":23,"enemies":"Sentry and Sphere","floor":30,"turns":9},{"damage":7,"enemies":"Snecko","floor":31,"turns":7},{"damage":81,"enemies":"Collector","floor":33,"turns":14},{"damage":5,"enemies":"Orb Walker","floor":35,"turns":5},{"damage":5,"enemies":"Mind Bloom Boss Battle","floor":36,"turns":8},{"damage":15,"enemies":"3 Darklings","floor":38,"turns":6},{"damage":39,"enemies":"Jaw Worm Horde","floor":39,"turns":6},{"damage":37,"enemies":"Maw","floor":42,"turns":9},{"damage":71,"enemies":"Transient","floor":46,"turns":5}],"seed_played":"-4597942092718678780","potions_obtained":[{"floor":4,"key":"Explosive Potion"},{"floor":6,"key":"Regen Potion"},{"floor":8,"key":"SteroidPotion"},{"floor":12,"key":"BloodPotion"}],"is_trial":false,"path_per_floor":["M","?","?","M","M","E","R","M","T","M","E","M","R","E","R","B",null,"M","?","$","M","$","E","R","M","T","M","R","M","M","M","R","B",null,"M","?","$","M","M","R","?","M","T","?","$","M"],"character_chosen":"IRONCLAD","items_purchased":["DollysMirror","Bronze Scales","Metallicize","Flame Barrier","Bag of Preparation","Vajra"],"campfire_rested":6,"item_purchase_floors":[20,20,22,22,37,45],"current_hp_per_floor":[74,79,61,67,73,56,56,46,46,45,34,33,61,16,44,26,77,62,62,62,59,59,15,43,28,28,29,57,63,46,50,78,45,82,83,94,94,85,52,80,80,60,60,60,60,0],"gold":32,"neow_bonus":"THREE_ENEMY_KILL","is_prod":false,"is_daily":false,"chose_seed":false,"campfire_upgraded":1,"win_rate":0,"timestamp":1556983962,"path_taken":["M","?","?","?","M","E","R","M","T","M","E","M","R","E","R","BOSS","M","?","$","M","$","E","R","?","T","M","R","M","M","M","R","BOSS","M","?","$","M","M","R","?","M","T","?","$","M"],"build_version":"2019-01-23","purchased_purges":3,"victory":false,"max_hp_per_floor":[75,80,80,80,80,94,94,94,94,94,94,94,94,94,94,94,94,94,94,94,94,94,94,94,94,94,94,94,94,94,94,94,94,94,94,94,94,94,94,94,94,94,94,89,89,89],"card_choices":[{"not_picked":["Pummel","Twin Strike"],"picked":"Cleave","floor":1},{"not_picked":["Combust","Perfected Strike","Havoc"],"picked":"SKIP","floor":4},{"not_picked":["Rage","Wild Strike"],"picked":"Shrug It Off","floor":5},{"not_picked":["Cleave","Bloodletting"],"picked":"Spot Weakness","floor":6},{"not_picked":["Searing Blow","Havoc","Power Through"],"picked":"SKIP","floor":8},{"not_picked":["Sever Soul","Evolve"],"picked":"Flame Barrier","floor":10},{"not_picked":["Cleave","Body Slam"],"picked":"Battle Trance","floor":11},{"not_picked":["Thunderclap","Havoc","Warcry"],"picked":"SKIP","floor":12},{"not_picked":["Bludgeon","Infernal Blade"],"picked":"Heavy Blade","floor":14},{"not_picked":["Double Tap","Brutality"],"picked":"Reaper","floor":16},{"not_picked":["Sword Boomerang","Reckless Charge","Dual Wield"],"picked":"SKIP","floor":18},{"not_picked":["Dropkick","Havoc+1","True Grit"],"picked":"SKIP","floor":21},{"not_picked":["Headbutt","Perfected Strike+1","Inflame"],"picked":"SKIP","floor":23},{"not_picked":["Battle Trance","Dropkick","Twin Strike"],"picked":"SKIP","floor":25},{"not_picked":["Flex","Feel No Pain"],"picked":"Impervious","floor":27},{"not_picked":["Thunderclap","Headbutt","Twin Strike"],"picked":"SKIP","floor":29},{"not_picked":["Reckless Charge","Rage+1"],"picked":"Ghostly Armor","floor":30},{"not_picked":["Sever Soul","Combust","Perfected Strike"],"picked":"SKIP","floor":31},{"not_picked":["Impervious","Dark Embrace"],"picked":"Juggernaut","floor":33},{"not_picked":["Inflame","Sword Boomerang+1","Second Wind"],"picked":"SKIP","floor":35},{"not_picked":["Perfected Strike","Pommel Strike+1"],"picked":"Evolve","floor":36},{"not_picked":["Iron Wave+1","Clothesline+1","Flame Barrier+1"],"picked":"SKIP","floor":38},{"not_picked":["Iron Wave+1","Blood for Blood","Intimidate+1"],"picked":"SKIP","floor":39},{"not_picked":["Forethought","Finesse"],"picked":"Master of Strategy","floor":41},{"not_picked":["Searing Blow+1","Warcry","Anger+1"],"picked":"SKIP","floor":42}],"player_experience":538794,"relics_obtained":[{"floor":6,"key":"Mango"},{"floor":9,"key":"Sundial"},{"floor":11,"key":"The Courier"},{"floor":14,"key":"Shuriken"},{"floor":23,"key":"Orichalcum"},{"floor":26,"key":"War Paint"},{"floor":36,"key":"FossilizedHelix"},{"floor":43,"key":"Juzu Bracelet"}],"event_choices":[{"damage_healed":0,"gold_gain":0,"player_choice":"Donut","damage_taken":0,"max_hp_gain":5,"max_hp_loss":0,"event_name":"Big Fish","floor":2,"gold_loss":0},{"damage_healed":0,"gold_gain":0,"player_choice":"Success","damage_taken":18,"relics_obtained":["Boot"],"max_hp_gain":0,"max_hp_loss":0,"event_name":"Scrap Ooze","floor":3,"gold_loss":0},{"damage_healed":0,"gold_gain":250,"player_choice":"Bet on Owner","damage_taken":0,"max_hp_gain":0,"max_hp_loss":0,"event_name":"The Joust","floor":19,"gold_loss":50},{"damage_healed":0,"gold_gain":0,"player_choice":"Fight","damage_taken":0,"max_hp_gain":0,"max_hp_loss":0,"event_name":"MindBloom","floor":36,"gold_loss":0},{"damage_healed":0,"gold_gain":0,"player_choice":"Memory 1","damage_taken":0,"max_hp_gain":0,"max_hp_loss":0,"event_name":"SensoryStone","floor":41,"gold_loss":0},{"damage_healed":0,"gold_gain":0,"player_choice":"Max HP","damage_taken":0,"max_hp_gain":0,"max_hp_loss":5,"event_name":"Winding Halls","floor":44,"gold_loss":0}],"is_beta":false,"boss_relics":[{"not_picked":["White Beast Statue","Coffee Dripper"],"picked":"Sozu"},{"not_picked":["Mark of Pain","Black Star"],"picked":"Velvet Choker"}],"items_purged_floors":[20,22,37],"is_endless":false,"potions_floor_spawned":[4,6,8,12,21,25,29,30,31,39],"killed_by":"Transient","ascension_level":18}