{"gold_per_floor":[118,118,118,137,155,155,190,190,217,233,233,264,264,18,18,97,97,108,125,125,125],"floor_reached":21,"playtime":481,"items_purged":["Strike_B"],"score":374,"play_id":"c91a06e2-7d92-4cd8-8a6a-2fd300bb9375","local_time":"20190601222200","is_ascension_mode":true,"campfire_choices":[{"data":"Zap","floor":6,"key":"SMITH"},{"data":"Doom and Gloom","floor":8,"key":"SMITH"},{"floor":11,"key":"REST"},{"data":"Sweeping Beam","floor":13,"key":"SMITH"},{"data":"Self Repair","floor":15,"key":"SMITH"}],"neow_cost":"NONE","seed_source_timestamp":1380467867048111,"circlet_count":0,"master_deck":["AscendersBane","Strike_B","Strike_B","Defend_B","Defend_B","Defend_B","Defend_B","Zap+1","Dualcast","Ball Lightning","Auto Shields","Ball Lightning","Sweeping Beam+1","Doom and Gloom+1","BootSequence","Self Repair+1","Echo Form","Conserve Battery","Defragment"],"relics":["Cracked Core","GremlinMask","Art of War","Blood Vial","Vajra","Philosopher\u0027s Stone"],"potions_floor_usage":[12,16],"damage_taken":[{"damage":11,"enemies":"Small Slimes","floor":1,"turns":4},{"damage":0,"enemies":"Cultist","floor":4,"turns":3},{"damage":7,"enemies":"Jaw Worm","floor":5,"turns":3},{"damage":20,"enemies":"3 Sentries","floor":7,"turns":5},{"damage":10,"enemies":"3 Louse","floor":10,"turns":2},{"damage":19,"enemies":"Lagavulin","floor":12,"turns":5},{"damage":23,"enemies":"Hexaghost","floor":16,"turns":9},{"damage":22,"enemies":"2 Thieves","floor":18,"turns":3},{"damage":31,"enemies":"Chosen","floor":19,"turns":6},{"damage":46,"enemies":"Snake Plant","floor":21,"turns":3}],"seed_played":"8020912028843038831","potions_obtained":[{"floor":5,"key":"Dexterity Potion"},{"floor":7,"key":"Swift Potion"},{"floor":18,"key":"Energy Potion"}],"is_trial":false,"path_per_floor":["M","?","?","M","M","R","E","R","T","M","R","E","R","$","R","B",null,"M","M","$","M"],"character_chosen":"DEFECT","items_purchased":["Self Repair","LiquidBronze"],"campfire_rested":1,"item_purchase_floors":[14,14],"current_hp_per_floor":[53,53,53,53,46,46,26,26,26,18,39,22,22,22,22,11,56,46,37,37,0],"gold":125,"neow_bonus":"THREE_CARDS","is_prod":false,"is_daily":false,"chose_seed":false,"campfire_upgraded":4,"win_rate":0,"timestamp":1559452920,"path_taken":["M","?","?","M","?","R","E","R","T","M","R","E","R","$","R","BOSS","M","M","$","M"],"build_version":"2019-05-31","purchased_purges":1,"victory":false,"max_hp_per_floor":[71,71,71,71,71,71,71,71,71,71,71,71,71,71,71,71,71,71,71,71,71],"card_choices":[{"not_picked":["Turbo","Genetic Algorithm"],"picked":"Ball Lightning","floor":0},{"not_picked":["Turbo","Gash"],"picked":"Auto Shields","floor":1},{"not_picked":["Go for the Eyes","Barrage"],"picked":"Ball Lightning","floor":4},{"not_picked":["Steam","Stack"],"picked":"Sweeping Beam","floor":5},{"not_picked":["Sweeping Beam","Chaos"],"picked":"Doom and Gloom","floor":7},{"not_picked":["Fusion","Auto Shields","Barrage"],"picked":"SKIP","floor":10},{"not_picked":["Force Field","Ball Lightning"],"picked":"BootSequence","floor":12},{"not_picked":["Rainbow","Creative AI"],"picked":"Echo Form","floor":16},{"not_picked":["Ball Lightning","Go for the Eyes"],"picked":"Conserve Battery","floor":18},{"not_picked":["Rebound","Compile Driver"],"picked":"Defragment","floor":19}],"player_experience":1294398,"relics_obtained":[{"floor":7,"key":"Art of War"},{"floor":9,"key":"Blood Vial"},{"floor":12,"key":"Vajra"}],"event_choices":[{"cards_removed":["Strike_B"],"damage_healed":0,"gold_gain":0,"player_choice":"Forget","damage_taken":0,"max_hp_gain":0,"max_hp_loss":0,"event_name":"Living Wall","floor":2,"gold_loss":0},{"damage_healed":0,"gold_gain":0,"player_choice":"Trade","damage_taken":0,"relics_obtained":["GremlinMask"],"max_hp_gain":0,"max_hp_loss":0,"event_name":"FaceTrader","floor":3,"gold_loss":0}],"is_beta":true,"boss_relics":[{"not_picked":["Empty Cage","Busted Crown"],"picked":"Philosopher\u0027s Stone"}],"items_purged_floors":[14],"is_endless":false,"potions_floor_spawned":[5,7,18],"killed_by":"Snake Plant","ascension_level":20}