{"gold_per_floor":[362,512,526,526,538,538,480,511,511,41,41,61,73,105,105,182,182,195,120,135,109,109,109,109],"floor_reached":24,"playtime":552,"items_purged":["Strike_R"],"score":458,"play_id":"efb6c418-f40d-4d40-bbe0-21faf4e8547d","local_time":"20190608113442","is_ascension_mode":true,"campfire_choices":[{"data":"Bash","floor":6,"key":"SMITH"},{"floor":11,"key":"REST"},{"data":"Inflame","floor":15,"key":"SMITH"},{"data":"Limit Break","floor":23,"key":"SMITH"}],"neow_cost":"PERCENT_DAMAGE","seed_source_timestamp":86747354270452,"circlet_count":0,"master_deck":["AscendersBane","Strike_R","Strike_R","Strike_R","Defend_R","Defend_R","Defend_R","Defend_R","Bash+1","Twin Strike","Pommel Strike","Anger","Iron Wave","Inflame+1","Feel No Pain","Limit Break+1","Havoc+1","Uppercut","True Grit","Decay"],"special_seed":0,"relics":["Burning Blood","Kunai","Pocketwatch","Paper Frog","Medical Kit","Red Skull","Runic Pyramid"],"potions_floor_usage":[16,20,24],"damage_taken":[{"damage":4.0,"enemies":"2 Louse","floor":1.0,"turns":4.0},{"damage":13,"enemies":"Small Slimes","floor":3,"turns":5},{"damage":1,"enemies":"Cultist","floor":5,"turns":3},{"damage":42,"enemies":"3 Sentries","floor":8,"turns":10},{"damage":11,"enemies":"Exordium Thugs","floor":12,"turns":4},{"damage":0,"enemies":"2 Fungi Beasts","floor":13,"turns":2},{"damage":0,"enemies":"Lagavulin","floor":14,"turns":3},{"damage":24,"enemies":"Hexaghost","floor":16,"turns":5},{"damage":22,"enemies":"Chosen","floor":18,"turns":6},{"damage":23,"enemies":"2 Thieves","floor":20,"turns":3},{"damage":32,"enemies":"Slavers","floor":24,"turns":2}],"seed_played":"-4830446660000725756","potions_obtained":[{"floor":5,"key":"LiquidBronze"},{"floor":8,"key":"Energy Potion"},{"floor":13,"key":"PowerPotion"},{"floor":16,"key":"Fire Potion"}],"is_trial":false,"path_per_floor":["M","?","M","?","M","R","?","E","T","$","R","M","M","E","R","B",null,"M","?","M","$","?","R","E"],"character_chosen":"IRONCLAD","items_purchased":["Medical Kit","Red Skull","True Grit"],"campfire_rested":1,"item_purchase_floors":[10,10,21],"current_hp_per_floor":[52,52,45,45,50,50,50,14,14,14,36,31,37,43,43,25,63,47,47,30,30,30,30,0],"gold":109,"neow_bonus":"TWO_FIFTY_GOLD","is_prod":false,"is_daily":false,"chose_seed":false,"campfire_upgraded":3,"win_rate":0,"timestamp":1560018882,"path_taken":["M","?","M","?","M","R","?","E","T","$","R","?","M","E","R","BOSS","M","?","M","$","?","R","E"],"build_version":"2019-06-07","purchased_purges":1,"victory":false,"max_hp_per_floor":[75,75,75,75,75,75,75,75,75,75,75,75,75,75,75,75,75,75,75,75,75,75,75,75],"card_choices":[{"not_picked":["Perfected Strike","Reckless Charge"],"picked":"Twin Strike","floor":1.0},{"not_picked":["Armaments","Warcry"],"picked":"Pommel Strike","floor":3},{"not_picked":["Rampage","Fire Breathing"],"picked":"Anger","floor":5},{"not_picked":["Heavy Blade","Headbutt","Barricade"],"picked":"SKIP","floor":8},{"not_picked":["Flex","Combust"],"picked":"Iron Wave","floor":12},{"not_picked":["Perfected Strike","Thunderclap"],"picked":"Inflame","floor":13},{"not_picked":["Flex","Blood for Blood"],"picked":"Feel No Pain","floor":14},{"not_picked":["Dark Embrace","Demon Form"],"picked":"Limit Break","floor":16},{"not_picked":["Clash+1","Body Slam"],"picked":"Havoc+1","floor":18},{"not_picked":["Hemokinesis","Sever Soul"],"picked":"Uppercut","floor":20}],"player_experience":1312351,"relics_obtained":[{"floor":8,"key":"Pocketwatch"},{"floor":9,"key":"Paper Frog"}],"event_choices":[{"damage_healed":0.0,"max_hp_gain":0.0,"max_hp_loss":0.0,"gold_gain":150.0,"event_name":"Liars Game","player_choice":"AGREE","floor":2.0,"gold_loss":0.0,"damage_taken":0.0,"cards_obtained":["Doubt"]},{"cards_removed":["Doubt"],"damage_healed":0,"gold_gain":0,"player_choice":"Forget","damage_taken":0,"max_hp_gain":0,"max_hp_loss":0,"event_name":"Living Wall","floor":4,"gold_loss":0},{"damage_healed":0,"gold_gain":0,"player_choice":"Paid Gold","damage_taken":0,"relics_obtained":["Kunai"],"max_hp_gain":0,"max_hp_loss":0,"event_name":"WeMeetAgain","floor":7,"gold_loss":58},{"cards_removed":["Strike_R"],"damage_healed":0,"gold_gain":0,"player_choice":"Gave Gold","damage_taken":0,"max_hp_gain":0,"max_hp_loss":0,"event_name":"Beggar","floor":19,"gold_loss":75},{"damage_healed":0,"gold_gain":0,"player_choice":"Smashed Altar","damage_taken":0,"max_hp_gain":0,"max_hp_loss":0,"event_name":"Forgotten Altar","floor":22,"gold_loss":0,"cards_obtained":["Decay"]}],"is_beta":true,"boss_relics":[{"not_picked":["Runic Cube","Philosopher\u0027s Stone"],"picked":"Runic Pyramid"}],"items_purged_floors":[10],"is_endless":false,"potions_floor_spawned":[5,8,13,14,16,18],"killed_by":"Slavers","ascension_level":20}