{"gold_per_floor":[116,41,41,41,41,72,84,84,108,124,156,156,184,184,184,261,261,271,282,207,220,235,235,235],"floor_reached":24,"playtime":729,"items_purged":["Strike_R"],"score":478,"play_id":"d8c5eb62-eac7-460d-8783-69b98b4e2444","local_time":"20190607003912","is_ascension_mode":true,"campfire_choices":[{"data":"Bash","floor":8.0,"key":"SMITH"},{"data":"Carnage","floor":12.0,"key":"SMITH"},{"data":"True Grit","floor":15.0,"key":"SMITH"},{"floor":23,"key":"REST"}],"neow_cost":"NONE","seed_source_timestamp":1820469536804673,"circlet_count":0,"master_deck":["AscendersBane","Strike_R","Strike_R","Defend_R","Defend_R","Defend_R","Defend_R","Bash+1","Flame Barrier","Carnage+1","Clothesline","Shrug It Off","True Grit+1","Pommel Strike","Disarm","Feed","Shrug It Off","Twin Strike","Havoc","Anger"],"special_seed":0,"relics":["Burning Blood","NeowsBlessing","Ancient Tea Set","Smiling Mask","PreservedInsect","Boot","Lizard Tail"],"potions_floor_usage":[16,24],"damage_taken":[{"damage":0.0,"enemies":"Jaw Worm","floor":1.0,"turns":1.0},{"damage":0.0,"enemies":"3 Sentries","floor":6.0,"turns":2.0},{"damage":0.0,"enemies":"2 Louse","floor":7.0,"turns":1.0},{"damage":0.0,"enemies":"Cultist","floor":10.0,"turns":2.0},{"damage":36.0,"enemies":"Lagavulin","floor":11.0,"turns":6.0},{"damage":15.0,"enemies":"3 Sentries","floor":13.0,"turns":6.0},{"damage":27,"enemies":"Slime Boss","floor":16,"turns":8},{"damage":65,"enemies":"Spheric Guardian","floor":18,"turns":8},{"damage":20,"enemies":"Shell Parasite","floor":19,"turns":25},{"damage":23,"enemies":"Centurion and Healer","floor":21,"turns":9},{"damage":17,"enemies":"Snecko","floor":22,"turns":8},{"damage":51,"enemies":"Gremlin Leader","floor":24,"turns":6}],"seed_played":"-4260770597197094132","potions_obtained":[{"floor":7.0,"key":"Poison Potion"},{"floor":10.0,"key":"SteroidPotion"},{"floor":11.0,"key":"Ancient Potion"},{"floor":19,"key":"SteroidPotion"}],"is_trial":false,"path_per_floor":["M","$","?","?","$","E","M","R","T","M","E","R","E","$","R","B",null,"M","M","?","M","M","R","E"],"character_chosen":"IRONCLAD","items_purchased":[],"campfire_rested":1,"item_purchase_floors":[],"current_hp_per_floor":[74,74,74,74,74,75,75,75,75,75,45,45,36,36,36,15,60,46,35,35,21,13,39,0],"gold":235,"neow_bonus":"THREE_ENEMY_KILL","is_prod":false,"is_daily":false,"chose_seed":false,"campfire_upgraded":3,"win_rate":0,"timestamp":1559893152,"path_taken":["M","$","?","?","?","E","M","R","T","M","E","R","E","$","R","BOSS","M","?","?","M","M","R","E"],"build_version":"2019-06-05","purchased_purges":1,"victory":false,"max_hp_per_floor":[75,75,75,75,75,75,75,75,75,75,75,75,75,75,75,75,75,78,81,81,84,87,87,87],"card_choices":[{"not_picked":["Wild Strike","Cleave"],"picked":"Flame Barrier","floor":1.0},{"not_picked":["Sword Boomerang","Evolve"],"picked":"Clothesline","floor":6.0},{"not_picked":["Hemokinesis","Spot Weakness"],"picked":"Shrug It Off","floor":7.0},{"not_picked":["Fire Breathing","Reckless Charge"],"picked":"True Grit","floor":10.0},{"not_picked":["Heavy Blade","Blood for Blood"],"picked":"Pommel Strike","floor":11.0},{"not_picked":["Clothesline","Warcry"],"picked":"Disarm","floor":13.0},{"not_picked":["Impervious","Offering"],"picked":"Feed","floor":16},{"not_picked":["Iron Wave","Rage"],"picked":"Shrug It Off","floor":18},{"not_picked":["Body Slam","Rage"],"picked":"Twin Strike","floor":19},{"not_picked":["Uppercut","Sword Boomerang"],"picked":"Havoc","floor":21},{"not_picked":["Fire Breathing","Wild Strike"],"picked":"Anger","floor":22}],"player_experience":1308443,"relics_obtained":[{"floor":6.0,"key":"Ancient Tea Set"},{"floor":9.0,"key":"Smiling Mask"},{"floor":11.0,"key":"PreservedInsect"},{"floor":13.0,"key":"Boot"}],"event_choices":[{"damage_healed":0.0,"max_hp_gain":0.0,"max_hp_loss":0.0,"gold_gain":0.0,"cards_transformed":["Strike_R"],"event_name":"Living Wall","player_choice":"Change","floor":3.0,"gold_loss":0.0,"damage_taken":0.0,"cards_obtained":["Carnage"]},{"damage_healed":0.0,"max_hp_gain":0.0,"max_hp_loss":0.0,"gold_gain":0.0,"event_name":"The Cleric","player_choice":"Leave","floor":4.0,"gold_loss":0.0,"damage_taken":0.0},{"cards_removed":["Strike_R"],"damage_healed":0,"gold_gain":0,"player_choice":"Gave Gold","damage_taken":0,"max_hp_gain":0,"max_hp_loss":0,"event_name":"Beggar","floor":20,"gold_loss":75}],"is_beta":true,"boss_relics":[{"not_picked":["Tiny House","Orrery"],"picked":"Lizard Tail"}],"items_purged_floors":[2],"is_endless":false,"potions_floor_spawned":[7,10,11,19],"killed_by":"Gremlin Leader","ascension_level":20}