{"path_per_floor":["M","M","$","?","?","R","M","M","T","T","R","?","R","E","R","B",null,"M","$","?","$","M","E","R","M","T","M","M","?","?"],"character_chosen":"IRONCLAD","items_purchased":["Battle Trance","True Grit","Inflame","Body Slam"],"gold_per_floor":[216,230,81,81,81,81,98,108,160,235,235,235,235,260,260,359,359,314,169,169,56,56,56,56,56,56,56,56,56,56],"floor_reached":31,"campfire_rested":0,"playtime":2080,"current_hp_per_floor":[72,70,70,70,70,70,69,60,60,60,60,53,53,51,51,24,66,59,59,44,44,48,38,38,31,31,22,9,9,9],"items_purged":["Strike_R","Strike_R"],"gold":56,"score":342,"play_id":"eb53113a-e677-4c16-b783-4c58d88afb39","is_prod":false,"is_daily":false,"is_ascension_mode":true,"campfire_upgraded":5,"path_taken":["M","M","$","?","?","R","M","M","T","?","R","?","R","E","R","BOSS","M","$","?","?","M","E","R","M","T","M","?","?","?","?"],"build_version":"2018-02-15-PROD1","purchased_purges":2,"victory":false,"master_deck":["Strike_R","Defend_R","Defend_R","Defend_R","Defend_R","Bash+1","Body Slam+1","Iron Wave+1","Battle Trance","Evolve+1","Mind Blast","Pommel Strike","Heavy Blade","Fiend Fire","Whirlwind+1","True Grit","Inflame+1","Body Slam","Warcry+1"],"max_hp_per_floor":[80,80,80,80,80,80,80,80,80,80,80,80,80,80,80,80,80,80,80,85,85,85,85,85,85,85,85,85,85,85],"relics":["Burning Blood","Bag of Preparation","Frozen Egg 2","Prayer Wheel","Ectoplasm","Dodecahedron","Regal Pillow"],"card_choices":[{"not_picked":["Thunderclap","Headbutt"],"picked":"Body Slam"},{"not_picked":["Warcry","Seeing Red"],"picked":"Iron Wave"},{"not_picked":["Blood for Blood","Clothesline"],"picked":"Pommel Strike"},{"not_picked":["Perfected Strike","Combust"],"picked":"Heavy Blade"},{"not_picked":["Immolate","Impervious"],"picked":"Fiend Fire"},{"not_picked":["Dual Wield","Anger"],"picked":"Whirlwind"},{"not_picked":["Combust","Armaments"],"picked":"Warcry"}],"player_experience":117093,"potions_floor_usage":[16],"damage_taken":[{"damage":6,"enemies":"Cultist","floor":1,"turns":3},{"damage":8,"enemies":"2 Louse","floor":2,"turns":4},{"damage":7,"enemies":"Jaw Worm","floor":7,"turns":3},{"damage":15,"enemies":"Exordium Thugs","floor":8,"turns":5},{"damage":8,"enemies":"3 Sentries","floor":14,"turns":6},{"damage":33,"enemies":"Hexaghost","floor":16,"turns":8},{"damage":13,"enemies":"2 Thieves","floor":18,"turns":4},{"damage":2,"enemies":"Shell Parasite","floor":22,"turns":3},{"damage":16,"enemies":"Book of Stabbing","floor":23,"turns":3},{"damage":13,"enemies":"Snecko","floor":25,"turns":3},{"damage":15,"enemies":"Centurion and Healer","floor":27,"turns":4},{"damage":19,"enemies":"3 Cultists","floor":28,"turns":5},{"damage":9,"enemies":"Snake Plant","floor":31,"turns":1}],"event_choices":[{"event_name":"Match and Keep!","player_choice":"2 cards matched","floor":4,"damage_taken":0},{"event_name":"Bonfire Elementals","player_choice":"BASIC","floor":5,"damage_taken":0},{"event_name":"Golden Wing","player_choice":"Card Removal","floor":12,"damage_taken":0},{"event_name":"Forgotten Altar","player_choice":"Shed Blood","floor":20,"damage_taken":0},{"event_name":"Drug Dealer","player_choice":"Ignored","floor":29,"damage_taken":0},{"event_name":"Cursed Tome","player_choice":"Ignored","floor":30,"damage_taken":0}],"boss_relics":[{"not_picked":["White Beast Statue","Black Star"],"picked":"Ectoplasm"}],"potions_floor_spawned":[2,14,22],"seed_played":"3507425615972007023","killed_by":"Snake Plant","ascension_level":7,"is_trial":false}