{"path_per_floor":["M","M","M","M","M","R","?","?","T","R","M","$","R","M","R","B",null,"M","?","?","M","M","R","?","?","T","R","M","M","$","M","R"],"character_chosen":"IRONCLAD","items_purchased":["Dark Shackles","Metallicize"],"gold_per_floor":[110,123,141,155,170,170,170,170,252,252,270,102,102,115,115,215,215,234,234,234,250,264,264,189,189,189,189,204,217,80,92,92],"floor_reached":33,"campfire_rested":1,"playtime":3876,"current_hp_per_floor":[72,75,76,66,57,57,50,50,50,50,39,39,39,45,45,34,66,60,60,67,64,48,48,48,32,32,73,63,65,65,67,67],"items_purged":["Strike_R","Strike_R"],"gold":92,"score":386,"play_id":"f5ab3ab6-d5cd-45f8-b3fb-36062f5c6b5c","local_time":"20180307214518","is_prod":false,"is_daily":false,"is_ascension_mode":true,"campfire_upgraded":6,"timestamp":1520455518,"path_taken":["M","M","M","?","M","R","?","?","T","R","M","$","R","?","R","BOSS","M","?","?","M","M","R","?","?","T","R","M","M","$","M","R","BOSS"],"build_version":"2018-03-01-PROD1","purchased_purges":2,"victory":false,"master_deck":["Strike_R+1","Strike_R+1","Strike_R+1","Defend_R+1","Defend_R+1","Defend_R+1","Defend_R+1","Bash","Pommel Strike","Heavy Blade","Rampage+1","True Grit+1","Shrug It Off+1","Pommel Strike+1","Dark Shackles","Shrug It Off+1","Offering","Body Slam+1","Battle Trance","Cleave","Metallicize"],"max_hp_per_floor":[80,80,80,80,80,80,77,77,77,77,77,77,77,77,77,77,77,77,77,84,84,84,84,84,89,89,89,89,89,89,89,89],"relics":["Burning Blood","Regal Pillow","Bottled Flame","Cursed Key","Strawberry"],"card_choices":[{"not_picked":["Wild Strike","Warcry"],"picked":"Pommel Strike"},{"not_picked":["Cleave","Iron Wave"],"picked":"Heavy Blade"},{"not_picked":["Wild Strike","Searing Blow"],"picked":"Rampage"},{"not_picked":["Flex","Blood for Blood"],"picked":"True Grit"},{"not_picked":["Seeing Red","Iron Wave"],"picked":"Shrug It Off"},{"not_picked":["Twin Strike","Feel No Pain"],"picked":"Pommel Strike"},{"not_picked":["Warcry","Perfected Strike"],"picked":"Shrug It Off"},{"not_picked":["Impervious","Exhume"],"picked":"Offering"},{"not_picked":["Havoc","Thunderclap"],"picked":"Body Slam"},{"not_picked":["Body Slam","Heavy Blade"],"picked":"Battle Trance"},{"not_picked":["Clothesline","Power Through"],"picked":"Cleave"}],"player_experience":240193,"potions_floor_usage":[16,29,33],"damage_taken":[{"damage":6,"enemies":"Cultist","floor":1,"turns":3},{"damage":3,"enemies":"2 Louse","floor":2,"turns":3},{"damage":5,"enemies":"Small Slimes","floor":3,"turns":4},{"damage":16,"enemies":"Blue Slaver","floor":4,"turns":4},{"damage":15,"enemies":"Looter","floor":5,"turns":5},{"damage":17,"enemies":"Exordium Wildlife","floor":11,"turns":5},{"damage":0,"enemies":"Red Slaver","floor":14,"turns":3},{"damage":17,"enemies":"The Guardian","floor":16,"turns":12},{"damage":12,"enemies":"2 Thieves","floor":18,"turns":5},{"damage":9,"enemies":"3 Byrds","floor":21,"turns":7},{"damage":22,"enemies":"3 Cultists","floor":22,"turns":6},{"damage":16,"enemies":"Snake Plant","floor":28,"turns":4},{"damage":4,"enemies":"Cultist and Chosen","floor":29,"turns":4},{"damage":4,"enemies":"Centurion and Healer","floor":31,"turns":5},{"damage":78,"enemies":"Champ","floor":33,"turns":12}],"event_choices":[{"event_name":"Golden Wing","player_choice":"Card Removal","floor":7,"damage_taken":0},{"event_name":"Liars Game","player_choice":"disagreed","floor":8,"damage_taken":0},{"event_name":"Back to Basics","player_choice":"Simplicity","floor":19,"damage_taken":0},{"event_name":"The Mausoleum","player_choice":"Yes","floor":20,"damage_taken":0},{"event_name":"Beggar","player_choice":"Gave Gold","floor":24,"damage_taken":0},{"event_name":"Forgotten Altar","player_choice":"Shed Blood","floor":25,"damage_taken":0}],"boss_relics":[{"not_picked":["Black Blood","Snecko Eye"],"picked":"Cursed Key"}],"potions_floor_spawned":[2,5,14,18],"seed_played":"-1662507653100468053","killed_by":"Champ","ascension_level":12,"is_trial":false}