{"gold_per_floor":[114,128,148,167,187,187,187,187,187,187,187,187,201,228,228,306,306,286,286,301,351,368,368,368],"floor_reached":24,"playtime":928,"items_purged":[],"score":380,"play_id":"261abddf-a652-4543-bd2f-79dd795180d0","local_time":"20190422231237","is_ascension_mode":true,"campfire_choices":[{"data":"Flame Barrier","floor":6,"key":"SMITH"},{"data":"Shrug It Off","floor":8,"key":"SMITH"},{"floor":12,"key":"REST"},{"floor":15,"key":"REST"},{"data":"Armaments","floor":23,"key":"SMITH"}],"neow_cost":"NONE","seed_source_timestamp":957424209326286,"circlet_count":0,"master_deck":["AscendersBane","Strike_R+1","Strike_R+1","Strike_R","Strike_R","Strike_R","Defend_R","Defend_R","Defend_R","Defend_R","Bash","Shrug It Off+1","Clothesline","Flame Barrier+1","Fiend Fire","Armaments+1","Iron Wave","Impervious","Rampage","Cleave"],"relics":["Burning Blood","Dodecahedron","Regal Pillow","Mark of Pain"],"potions_floor_usage":[4,5,10,16,24],"damage_taken":[{"damage":10,"enemies":"Small Slimes","floor":1,"turns":4},{"damage":12,"enemies":"Cultist","floor":2,"turns":4},{"damage":6,"enemies":"Jaw Worm","floor":3,"turns":5},{"damage":18,"enemies":"Exordium Wildlife","floor":4,"turns":5},{"damage":17,"enemies":"3 Louse","floor":5,"turns":4},{"damage":0,"enemies":"Large Slime","floor":10,"turns":2},{"damage":0,"enemies":"Looter","floor":13,"turns":3},{"damage":55,"enemies":"3 Sentries","floor":14,"turns":16},{"damage":45,"enemies":"Hexaghost","floor":16,"turns":13},{"damage":7,"enemies":"2 Thieves","floor":18,"turns":4},{"damage":32,"enemies":"Spheric Guardian","floor":20,"turns":8},{"damage":24,"enemies":"Snake Plant","floor":22,"turns":6},{"damage":28,"enemies":"Snecko","floor":24,"turns":5}],"seed_played":"-3972619593755107162","potions_obtained":[{"floor":1,"key":"LiquidBronze"},{"floor":3,"key":"SkillPotion"},{"floor":4,"key":"BloodPotion"},{"floor":5,"key":"SmokeBomb"},{"floor":14,"key":"Ancient Potion"},{"floor":20,"key":"Strength Potion"}],"is_trial":false,"path_per_floor":["M","M","M","M","M","R","?","R","T","M","?","R","M","E","R","B",null,"M","?","M","?","M","R","M"],"character_chosen":"IRONCLAD","items_purchased":[],"campfire_rested":2,"item_purchase_floors":[],"current_hp_per_floor":[71,65,65,53,50,50,50,50,50,56,31,55,61,12,51,12,65,64,64,38,38,20,20,0],"gold":368,"neow_bonus":"TEN_PERCENT_HP_BONUS","is_prod":false,"is_daily":false,"chose_seed":false,"campfire_upgraded":3,"win_rate":0,"timestamp":1555967557,"path_taken":["M","M","M","M","M","R","?","R","T","?","?","R","M","E","R","BOSS","M","?","M","?","M","R","M"],"build_version":"2019-01-23","purchased_purges":0,"victory":false,"max_hp_per_floor":[82,82,82,82,82,82,82,82,82,82,82,82,82,82,82,82,82,82,82,82,82,82,82,82],"card_choices":[{"not_picked":["Seeing Red","Fire Breathing","Sever Soul"],"picked":"SKIP","floor":1},{"not_picked":["Ghostly Armor","Flex"],"picked":"Shrug It Off","floor":2},{"not_picked":["Rage","Sentinel"],"picked":"Clothesline","floor":3},{"not_picked":["Power Through","Flex"],"picked":"Flame Barrier","floor":4},{"not_picked":["Iron Wave","Havoc","Clash"],"picked":"SKIP","floor":5},{"not_picked":["Warcry","Body Slam"],"picked":"Armaments","floor":13},{"not_picked":["Clothesline","Hemokinesis"],"picked":"Iron Wave","floor":14},{"not_picked":["Bludgeon","Brutality"],"picked":"Impervious","floor":16},{"not_picked":["Headbutt","Anger"],"picked":"Rampage","floor":18},{"not_picked":["Seeing Red","Carnage"],"picked":"Cleave","floor":20},{"not_picked":["Clothesline","Armaments","Havoc"],"picked":"SKIP","floor":22}],"player_experience":518301,"relics_obtained":[{"floor":9,"key":"Dodecahedron"},{"floor":14,"key":"Regal Pillow"}],"event_choices":[{"damage_healed":0,"gold_gain":0,"player_choice":"1 cards matched","damage_taken":0,"max_hp_gain":0,"max_hp_loss":0,"event_name":"Match and Keep!","floor":7,"gold_loss":0,"cards_obtained":["Fiend Fire"]},{"damage_healed":0,"gold_gain":0,"player_choice":"Entered Light","damage_taken":25,"max_hp_gain":0,"max_hp_loss":0,"event_name":"Shining Light","floor":11,"gold_loss":0,"cards_upgraded":["Strike_R","Strike_R"]},{"damage_healed":0,"gold_gain":0,"player_choice":"Ignored","damage_taken":0,"max_hp_gain":0,"max_hp_loss":0,"event_name":"The Mausoleum","floor":19,"gold_loss":0},{"damage_healed":0,"gold_gain":50,"player_choice":"Stole From Cult","damage_taken":0,"max_hp_gain":0,"max_hp_loss":0,"event_name":"Nest","floor":21,"gold_loss":0}],"is_beta":false,"boss_relics":[{"not_picked":["Lizard Tail","Calling Bell"],"picked":"Mark of Pain"}],"items_purged_floors":[],"is_endless":false,"potions_floor_spawned":[1,3,4,5,14,20],"killed_by":"Snecko","ascension_level":18}