{"path_per_floor":["M","M","M","M","?","R","M","$","T","T","?","R","M","M","R","B",null,"M","$","?","?","?","R","?","R","T","M","M","M","$","?","R","B",null,"M","M","?","?","M","R","$","R","T","R","M","M","M","M","R"],"character_chosen":"THE_SILENT","items_purchased":["Malaise","Paper Crane"],"gold_per_floor":[16,27,44,57,57,57,72,72,119,146,146,146,156,174,174,276,276,295,220,220,220,145,145,145,145,145,155,170,183,112,112,112,207,207,219,236,236,236,250,250,8,8,31,31,51,61,73,93,93],"floor_reached":50,"campfire_rested":2,"playtime":3716,"current_hp_per_floor":[66,64,64,49,49,49,46,46,46,53,38,38,38,38,61,43,77,47,47,47,47,47,47,47,47,47,53,39,46,46,46,46,16,53,51,47,40,40,46,46,46,46,46,46,53,53,47,34,49],"items_purged":["Strike_G"],"gold":93,"score":489,"play_id":"00176413-914f-4574-aa46-9437cad8d2a5","is_prod":false,"is_daily":false,"is_ascension_mode":true,"campfire_upgraded":8,"path_taken":["M","M","M","M","?","R","M","$","T","?","?","R","?","M","R","BOSS","M","?","?","?","?","R","?","R","T","?","M","M","$","?","R","BOSS","M","M","?","?","M","R","$","R","T","R","M","M","M","M","R","BOSS"],"build_version":"2018-02-15-PROD1","purchased_purges":1,"victory":false,"master_deck":["Defend_G+1","Defend_G+1","Defend_G+1","Defend_G+1","Survivor+1","Neutralize+1","Noxious Fumes+1","Dagger Spray","Quick Slash","Well Laid Plans+1","Sucker Punch+1","After Image+1","PiercingWail","Bite","Bite","Bite","Bite","Bite","Bouncing Flask+1","Malaise+1","Footwork+1","Escape Plan+1","Madness","Madness","Footwork+1","Backstab","Blur","Caltrops+1","Backstab+1"],"max_hp_per_floor":[70,70,70,70,70,70,70,70,70,77,77,77,77,77,77,77,77,77,77,53,53,53,53,53,53,53,53,53,53,53,53,53,53,53,53,53,53,53,53,53,53,53,53,53,53,53,53,53,53],"relics":["Ring of the Snake","Peace Pipe","Snake Skull","Strawberry","Philosopher\u0027s Stone","Bag of Preparation","The Specimen","Paper Crane","Omamori"],"card_choices":[{"not_picked":["Sucker Punch","Dodge and Roll"],"picked":"Noxious Fumes"},{"not_picked":["Expertise","Underhanded Strike"],"picked":"Dagger Spray"},{"not_picked":["Underhanded Strike","Endless Agony"],"picked":"Quick Slash"},{"not_picked":["Deadly Poison","Flying Knee"],"picked":"Well Laid Plans"},{"not_picked":["Noxious Fumes","Adrenaline"],"picked":"Sucker Punch"},{"not_picked":["Tactician","Bullet Time"],"picked":"After Image"},{"not_picked":["Outmaneuver","All Out Attack"],"picked":"PiercingWail"},{"not_picked":["Quick Slash","Poisoned Stab"],"picked":"Bouncing Flask"},{"not_picked":["Riddle With Holes","Outmaneuver"],"picked":"Escape Plan"},{"not_picked":["Underhanded Strike","Deadly Poison"],"picked":"Backstab"},{"not_picked":["Flying Knee","Distraction"],"picked":"Blur"},{"not_picked":["Slice","Acrobatics"],"picked":"Caltrops"},{"not_picked":["Slice","Caltrops"],"picked":"Backstab"}],"player_experience":130085,"potions_floor_usage":[14,16,18,27,35,39,50,50,50],"damage_taken":[{"damage":4,"enemies":"Small Slimes","floor":1,"turns":5},{"damage":2,"enemies":"2 Louse","floor":2,"turns":3},{"damage":0,"enemies":"Cultist","floor":3,"turns":3},{"damage":15,"enemies":"Exordium Wildlife","floor":4,"turns":5},{"damage":3,"enemies":"2 Fungi Beasts","floor":7,"turns":4},{"damage":0,"enemies":"Large Slime","floor":13,"turns":4},{"damage":0,"enemies":"Exordium Thugs","floor":14,"turns":3},{"damage":33,"enemies":"Slime Boss","floor":16,"turns":10},{"damage":30,"enemies":"2 Thieves","floor":18,"turns":4},{"damage":0,"enemies":"Spheric Guardian","floor":27,"turns":5},{"damage":24,"enemies":"Snake Plant","floor":28,"turns":6},{"damage":5,"enemies":"3 Cultists","floor":29,"turns":4},{"damage":51,"enemies":"Champ","floor":33,"turns":13},{"damage":2,"enemies":"Orb Walker","floor":35,"turns":4},{"damage":12,"enemies":"3 Shapes","floor":36,"turns":5},{"damage":6,"enemies":"3 Darklings","floor":39,"turns":6},{"damage":0,"enemies":"Maw","floor":45,"turns":8},{"damage":12,"enemies":"4 Shapes","floor":46,"turns":10},{"damage":12,"enemies":"3 Darklings","floor":47,"turns":6},{"damage":25,"enemies":"Sphere and 2 Shapes","floor":48,"turns":7},{"damage":58,"enemies":"Donu and Deca","floor":50,"turns":4}],"event_choices":[{"event_name":"Liars Game","player_choice":"disagreed","floor":5,"damage_taken":0},{"event_name":"Shining Light","player_choice":"Entered Light","floor":11,"damage_taken":0},{"event_name":"Vampires","player_choice":"Became a vampire","floor":20,"damage_taken":0},{"event_name":"Back to Basics","player_choice":"Simplicity","floor":21,"damage_taken":0},{"event_name":"Beggar","player_choice":"Gave Gold","floor":22,"damage_taken":0},{"event_name":"Drug Dealer","player_choice":"Ignored","floor":24,"damage_taken":0},{"event_name":"The Library","player_choice":"Read","floor":31,"damage_taken":0},{"event_name":"Winding Halls","player_choice":"Embrace Madness","floor":37,"damage_taken":0},{"event_name":"Duplicator","player_choice":"One dupe","floor":38,"damage_taken":0}],"boss_relics":[{"not_picked":["Eternal Feather","Pandora\u0027s Box"],"picked":"Philosopher\u0027s Stone"},{"not_picked":["Runic Dome","Question Card"],"picked":"The Specimen"}],"potions_floor_spawned":[2,3,7,14,28,29,33,36,39,47],"seed_played":"5437407283484178833","killed_by":"Donu and Deca","ascension_level":4,"is_trial":false}