{"gold_per_floor":[109,184,195,195,213,213,227,227,227,152,152,24,39,50,50,122,172,192,192,25,45,79,79,90,90,116,116,129,129,129,144,144,221,221,237,256,256],"floor_reached":37,"playtime":1506,"items_purged":["Defend_B"],"score":668,"play_id":"2d349653-5f9b-4ac5-a479-910c1ba2b467","local_time":"20190407175237","is_ascension_mode":true,"campfire_choices":[{"data":"Zap","floor":6,"key":"SMITH"},{"data":"Sunder","floor":8,"key":"SMITH"},{"floor":15,"key":"REST"},{"floor":23,"key":"REST"},{"floor":25,"key":"REST"},{"data":"Go for the Eyes","floor":27,"key":"SMITH"},{"data":"Glacier","floor":29,"key":"SMITH"},{"floor":32,"key":"REST"}],"neow_cost":"PERCENT_DAMAGE","seed_source_timestamp":18625520005357,"circlet_count":0,"master_deck":["AscendersBane","Defend_B","Defend_B","Defend_B+1","Zap+1","Dualcast","Glacier+1","Sunder+1","FTL","Loop","Cold Snap","Go for the Eyes+1","Electrodynamics","Seek","Genetic Algorithm","Ball Lightning","Chill+1","Blizzard","Conserve Battery","Core Surge","Defragment","Capacitor+1"],"relics":["Cracked Core","Bird Faced Urn","Tiny House","Oddly Smooth Stone","Red Mask","Juzu Bracelet","Nuclear Battery"],"potions_floor_usage":[33,33],"damage_taken":[{"damage":14,"enemies":"Jaw Worm","floor":1,"turns":4},{"damage":0,"enemies":"2 Louse","floor":3,"turns":2},{"damage":0,"enemies":"Small Slimes","floor":5,"turns":2},{"damage":4,"enemies":"Red Slaver","floor":7,"turns":2},{"damage":4,"enemies":"3 Louse","floor":13,"turns":2},{"damage":6,"enemies":"Blue Slaver","floor":14,"turns":4},{"damage":21,"enemies":"The Guardian","floor":16,"turns":13},{"damage":13,"enemies":"Spheric Guardian","floor":18,"turns":6},{"damage":3,"enemies":"3 Byrds","floor":21,"turns":2},{"damage":23,"enemies":"Masked Bandits","floor":22,"turns":3},{"damage":20,"enemies":"Snecko","floor":24,"turns":6},{"damage":0,"enemies":"3 Cultists","floor":28,"turns":4},{"damage":5,"enemies":"Snake Plant","floor":31,"turns":6},{"damage":67,"enemies":"Automaton","floor":33,"turns":14},{"damage":32,"enemies":"3 Darklings","floor":35,"turns":5},{"damage":7,"enemies":"Orb Walker","floor":36,"turns":5},{"damage":43,"enemies":"Maw","floor":37,"turns":9}],"seed_played":"-9130340412559806944","potions_obtained":[{"floor":3,"key":"SpeedPotion"},{"floor":13,"key":"Weak Potion"},{"floor":14,"key":"AttackPotion"},{"floor":17,"key":"EssenceOfSteel"},{"floor":18,"key":"SkillPotion"},{"floor":35,"key":"Dexterity Potion"}],"is_trial":false,"path_per_floor":["M","?","M","?","M","R","M","R","T","?","?","$","M","M","R","B",null,"M","?","$","M","?","R","M","R","T","R","M","R","?","M","R","B",null,"M","M","M"],"character_chosen":"DEFECT","items_purchased":["Cold Snap","Oddly Smooth Stone"],"campfire_rested":4,"item_purchase_floors":[12,20],"current_hp_per_floor":[32,21,21,21,21,21,17,17,17,17,17,17,15,11,32,15,62,51,29,29,30,11,35,19,43,43,43,47,47,47,44,68,5,62,34,31,0],"gold":256,"neow_bonus":"REMOVE_TWO","is_prod":false,"is_daily":false,"chose_seed":false,"campfire_upgraded":4,"win_rate":0,"timestamp":1554652357,"path_taken":["M","?","M","?","M","R","M","R","T","?","?","$","M","M","R","BOSS","M","?","$","M","?","R","M","R","T","R","M","R","?","M","R","BOSS","M","M","M"],"build_version":"2019-01-23","purchased_purges":1,"victory":false,"max_hp_per_floor":[71,71,71,71,71,71,71,71,71,71,71,71,71,71,71,71,76,76,81,81,81,81,81,81,81,81,81,81,81,81,81,81,81,81,81,81,81],"card_choices":[{"not_picked":["Leap","Streamline"],"picked":"Glacier","floor":1},{"not_picked":["Heatsinks","Force Field"],"picked":"Sunder","floor":3},{"not_picked":["Recycle","Auto Shields"],"picked":"FTL","floor":5},{"not_picked":["Melter","Rebound"],"picked":"Loop","floor":7},{"not_picked":["Rebound","Storm"],"picked":"Go for the Eyes","floor":13},{"not_picked":["Rebound","Compile Driver"],"picked":"Electrodynamics","floor":14},{"not_picked":["Thunder Strike","Fission"],"picked":"Seek","floor":16},{"not_picked":["Heatsinks","Redo"],"picked":"Genetic Algorithm","floor":17},{"not_picked":["Turbo","Beam Cell","Barrage"],"picked":"SKIP","floor":18},{"not_picked":["Sweeping Beam","Rip and Tear"],"picked":"Ball Lightning","floor":21},{"not_picked":["Double Energy","Stack"],"picked":"Chill+1","floor":24},{"not_picked":["Hologram","Darkness+1","Skim"],"picked":"SKIP","floor":28},{"not_picked":["Melter","Compile Driver"],"picked":"Conserve Battery","floor":31},{"not_picked":["All For One","Meteor Strike"],"picked":"Core Surge","floor":33},{"not_picked":["Compile Driver","Go for the Eyes"],"picked":"Defragment","floor":35},{"not_picked":["Barrage+1","Turbo"],"picked":"Capacitor+1","floor":36}],"player_experience":477749,"relics_obtained":[{"floor":9,"key":"Bird Faced Urn"},{"floor":22,"key":"Red Mask"},{"floor":26,"key":"Juzu Bracelet"}],"event_choices":[{"damage_healed":0,"gold_gain":75,"player_choice":"Gather Gold","damage_taken":11,"max_hp_gain":0,"max_hp_loss":0,"event_name":"World of Goop","floor":2,"gold_loss":0},{"cards_removed":["Strike_B"],"damage_healed":0,"gold_gain":0,"player_choice":"Forget","damage_taken":0,"max_hp_gain":0,"max_hp_loss":0,"event_name":"Living Wall","floor":4,"gold_loss":0},{"cards_removed":["Strike_B"],"damage_healed":0,"gold_gain":0,"player_choice":"Card Removal","damage_taken":0,"max_hp_gain":0,"max_hp_loss":0,"event_name":"The Cleric","floor":10,"gold_loss":75},{"damage_healed":0,"gold_gain":0,"player_choice":"Fled","damage_taken":0,"max_hp_gain":0,"max_hp_loss":0,"event_name":"Scrap Ooze","floor":11,"gold_loss":0},{"damage_healed":0,"gold_gain":0,"player_choice":"Shed Blood","damage_taken":27,"max_hp_gain":5,"max_hp_loss":0,"event_name":"Forgotten Altar","floor":19,"gold_loss":0},{"damage_healed":0,"gold_gain":0,"player_choice":"Fought Bandits","damage_taken":0,"max_hp_gain":0,"max_hp_loss":0,"event_name":"Masked Bandits","floor":22,"gold_loss":0},{"damage_healed":0,"gold_gain":0,"player_choice":"1 cards matched","damage_taken":0,"max_hp_gain":0,"max_hp_loss":0,"event_name":"Match and Keep!","floor":30,"gold_loss":0,"cards_obtained":["Blizzard"]}],"is_beta":false,"boss_relics":[{"not_picked":["Calling Bell","White Beast Statue"],"picked":"Tiny House"},{"not_picked":["Orrery","Inserter"],"picked":"Nuclear Battery"}],"items_purged_floors":[12],"is_endless":false,"potions_floor_spawned":[3,13,14,18,21,28,35],"killed_by":"Maw","ascension_level":17}