{"gold_per_floor":[119,44,44,60,70,100,100,119,119,133,82,99,119,154,154,231,231,242,242,197,197,208,208,208,208,208,208,208],"floor_reached":28,"playtime":1314,"items_purged":["Strike_R"],"score":437,"play_id":"cd48fab5-de26-49ad-b0ca-09208fa5e5d4","local_time":"20190422145306","is_ascension_mode":true,"campfire_choices":[{"data":"Armaments","floor":7,"key":"SMITH"},{"data":"Blood for Blood","floor":15,"key":"SMITH"},{"floor":23,"key":"REST"},{"floor":24,"key":"REST"},{"data":"Metallicize","floor":25,"key":"SMITH"},{"data":"Shrug It Off","floor":27,"key":"SMITH"}],"neow_cost":"TEN_PERCENT_HP_LOSS","seed_source_timestamp":927067120156254,"circlet_count":0,"master_deck":["AscendersBane","Strike_R","Strike_R","Strike_R+1","Strike_R","Defend_R","Defend_R","Defend_R","Defend_R","Bash+1","Metallicize+1","Pommel Strike","Armaments+1","Intimidate","Shrug It Off+1","Blood for Blood+1","Impervious","Barricade+1"],"relics":["Burning Blood","Unceasing Top","Shuriken","Dead Branch","WingedGreaves","Busted Crown","Nilry\u0027s Codex","Darkstone Periapt"],"potions_floor_usage":[6,10,28],"damage_taken":[{"damage":4,"enemies":"Jaw Worm","floor":1,"turns":4},{"damage":4,"enemies":"2 Louse","floor":4,"turns":4},{"damage":0,"enemies":"Small Slimes","floor":5,"turns":4},{"damage":23,"enemies":"3 Sentries","floor":6,"turns":9},{"damage":0,"enemies":"2 Fungi Beasts","floor":8,"turns":4},{"damage":3,"enemies":"Lots of Slimes","floor":10,"turns":5},{"damage":3,"enemies":"Exordium Wildlife","floor":12,"turns":5},{"damage":0,"enemies":"Blue Slaver","floor":13,"turns":5},{"damage":23,"enemies":"Gremlin Nob","floor":14,"turns":5},{"damage":19,"enemies":"The Guardian","floor":16,"turns":13},{"damage":7,"enemies":"Shell Parasite","floor":18,"turns":7},{"damage":30,"enemies":"2 Thieves","floor":20,"turns":5},{"damage":10,"enemies":"Centurion and Healer","floor":22,"turns":7},{"damage":63,"enemies":"3 Cultists","floor":28,"turns":7}],"seed_played":"8711253776845150094","potions_obtained":[{"floor":1,"key":"Dexterity Potion"},{"floor":4,"key":"FearPotion"},{"floor":5,"key":"Strength Potion"},{"floor":6,"key":"Fire Potion"},{"floor":20,"key":"Ancient Potion"},{"floor":22,"key":"Regen Potion"}],"is_trial":false,"path_per_floor":["M","$","?","M","M","E","R","M","T","M","$","M","M","E","R","B",null,"M","?","M","?","M","R","R","R","T","R","M"],"character_chosen":"IRONCLAD","items_purchased":["Shrug It Off"],"campfire_rested":2,"item_purchase_floors":[11],"current_hp_per_floor":[68,68,48,50,56,39,39,45,45,48,48,51,57,40,40,27,58,57,36,12,12,8,28,48,48,48,48,0],"gold":208,"neow_bonus":"ONE_RARE_RELIC","is_prod":false,"is_daily":false,"chose_seed":false,"campfire_upgraded":4,"win_rate":0,"timestamp":1555937586,"path_taken":["M","$","?","M","M","E","R","M","T","M","$","M","M","E","R","BOSS","M","?","M","?","M","R","R","R","T","R","M"],"build_version":"2019-01-23","purchased_purges":1,"victory":false,"max_hp_per_floor":[68,68,68,68,68,68,68,68,68,68,68,68,68,68,68,68,68,68,68,68,68,68,68,68,68,68,68,68],"card_choices":[{"not_picked":["Shrug It Off","Clothesline"],"picked":"Metallicize","floor":1},{"not_picked":["Perfected Strike","Anger","Searing Blow"],"picked":"SKIP","floor":4},{"not_picked":["Shrug It Off","Iron Wave"],"picked":"Pommel Strike","floor":5},{"not_picked":["Perfected Strike","Inflame"],"picked":"Armaments","floor":6},{"not_picked":["Warcry","Clash","Anger"],"picked":"SKIP","floor":8},{"not_picked":["Brutality","Anger"],"picked":"Intimidate","floor":10},{"not_picked":["Wild Strike","Hemokinesis"],"picked":"Blood for Blood","floor":12},{"not_picked":["Wild Strike","Thunderclap","Power Through"],"picked":"SKIP","floor":13},{"not_picked":["Carnage","Shrug It Off"],"picked":"Impervious","floor":14},{"not_picked":["Immolate","Offering"],"picked":"Barricade","floor":16},{"not_picked":["Pummel"],"picked":"SKIP","floor":18},{"not_picked":["Pommel Strike"],"picked":"SKIP","floor":20},{"not_picked":["Wild Strike"],"picked":"SKIP","floor":22}],"player_experience":513275,"relics_obtained":[{"floor":6,"key":"Shuriken"},{"floor":9,"key":"Dead Branch"},{"floor":14,"key":"WingedGreaves"},{"floor":19,"key":"Nilry\u0027s Codex"},{"floor":26,"key":"Darkstone Periapt"}],"event_choices":[{"damage_healed":0,"gold_gain":0,"player_choice":"Entered Light","damage_taken":20,"max_hp_gain":0,"max_hp_loss":0,"event_name":"Shining Light","floor":3,"gold_loss":0,"cards_upgraded":["Bash","Strike_R"]},{"damage_healed":0,"gold_gain":0,"player_choice":"Obtained Book","damage_taken":21,"max_hp_gain":0,"max_hp_loss":0,"event_name":"Cursed Tome","floor":19,"gold_loss":0},{"damage_healed":0,"gold_gain":0,"player_choice":"Upgraded","damage_taken":0,"max_hp_gain":0,"max_hp_loss":0,"event_name":"Upgrade Shrine","floor":21,"gold_loss":0,"cards_upgraded":["Barricade"]}],"is_beta":false,"boss_relics":[{"not_picked":["Black Blood","Philosopher\u0027s Stone"],"picked":"Busted Crown"}],"items_purged_floors":[2],"is_endless":false,"potions_floor_spawned":[1,4,5,6,20,22],"killed_by":"3 Cultists","ascension_level":18}