{"gold_per_floor":[113,163,1,18,28,28,42,71,83,95,119,131,215,238,250,262],"floor_reached":16,"playtime":559,"items_purged":["Strike_B"],"score":199,"play_id":"d8a28b51-08b6-4f44-a920-1e7d36010a88","local_time":"20190505004030","is_ascension_mode":true,"campfire_choices":[{"data":"Zap","floor":6,"key":"SMITH"},{"data":"Go for the Eyes","floor":10,"key":"SMITH"},{"data":"Melter","floor":12,"key":"SMITH"},{"data":"Conserve Battery","floor":15,"key":"SMITH"}],"neow_cost":"TEN_PERCENT_HP_LOSS","seed_source_timestamp":1999919762215487,"circlet_count":0,"master_deck":["AscendersBane","Strike_B","Strike_B","Strike_B","Defend_B","Defend_B","Defend_B","Defend_B","Zap+1","Dualcast","Leap","Melter+1","Ball Lightning","Rebound","Coolheaded","Go for the Eyes+1","Conserve Battery+1"],"relics":["Cracked Core","Torii","MawBank","Pantograph","Ornamental Fan"],"potions_floor_usage":[8,16,16,16],"damage_taken":[{"damage":1,"enemies":"Small Slimes","floor":1,"turns":3},{"damage":0,"enemies":"Cultist","floor":4,"turns":3},{"damage":2,"enemies":"Jaw Worm","floor":5,"turns":3},{"damage":7,"enemies":"2 Fungi Beasts","floor":7,"turns":3},{"damage":14,"enemies":"Lagavulin","floor":8,"turns":5},{"damage":0,"enemies":"Large Slime","floor":11,"turns":5},{"damage":0,"enemies":"Gremlin Gang","floor":14,"turns":4},{"damage":61,"enemies":"Hexaghost","floor":16,"turns":14}],"seed_played":"613945761033799683","potions_obtained":[{"floor":1,"key":"EntropicBrew"},{"floor":7,"key":"Energy Potion"},{"floor":8,"key":"SpeedPotion"}],"is_trial":false,"path_per_floor":["M","?","$","M","M","R","M","E","T","R","M","R","T","M","R","B"],"character_chosen":"DEFECT","items_purchased":["Melter"],"campfire_rested":0,"item_purchase_floors":[3],"current_hp_per_floor":[63,57,57,57,55,55,48,34,34,34,34,34,34,34,34,0],"gold":262,"neow_bonus":"ONE_RARE_RELIC","is_prod":false,"is_daily":false,"chose_seed":false,"campfire_upgraded":4,"win_rate":0,"timestamp":1557009630,"path_taken":["M","?","?","M","M","R","M","E","T","R","M","R","?","M","R","BOSS"],"build_version":"2019-01-23","purchased_purges":1,"victory":false,"max_hp_per_floor":[64,64,64,64,64,64,64,64,64,64,64,64,64,64,64,64],"card_choices":[{"not_picked":["Aggregate","Reinforced Body"],"picked":"Leap","floor":1},{"not_picked":["Conserve Battery","Static Discharge"],"picked":"Ball Lightning","floor":4},{"not_picked":["Turbo","Skim"],"picked":"Rebound","floor":5},{"not_picked":["Hologram","Steam"],"picked":"Coolheaded","floor":7},{"not_picked":["Reboot","Streamline"],"picked":"Go for the Eyes","floor":8},{"not_picked":["Turbo","Gash","Reprogram"],"picked":"SKIP","floor":11},{"not_picked":["Go for the Eyes","Auto Shields"],"picked":"Conserve Battery","floor":14}],"player_experience":541914,"relics_obtained":[{"floor":8,"key":"MawBank"},{"floor":9,"key":"Pantograph"},{"floor":13,"key":"Ornamental Fan"}],"event_choices":[{"damage_healed":0,"gold_gain":50,"player_choice":"Touch","damage_taken":6,"max_hp_gain":0,"max_hp_loss":0,"event_name":"FaceTrader","floor":2,"gold_loss":0}],"is_beta":false,"boss_relics":[],"items_purged_floors":[3],"is_endless":false,"potions_floor_spawned":[1,7,8,14],"killed_by":"Hexaghost","ascension_level":19}