{"gold_per_floor":[119,136,151,151,48,48,74,92,92,107,107,32,51,67,67,67],"floor_reached":16,"playtime":752,"items_purged":["Strike_G"],"score":208,"play_id":"c4e7c6b9-6cd6-4df9-977e-fa8edcf138ed","local_time":"20190505003101","is_ascension_mode":true,"campfire_choices":[{"data":"Footwork","floor":6,"key":"SMITH"},{"floor":11,"key":"REST"},{"data":"Neutralize","floor":15,"key":"SMITH"}],"neow_cost":"NONE","seed_source_timestamp":1999157024694479,"circlet_count":0,"master_deck":["AscendersBane","Defend_G","Defend_G","Defend_G","Defend_G","Defend_G","Strike_G","Strike_G","Strike_G","Strike_G","Survivor","Neutralize+1","Footwork+1","Caltrops","Predator","Footwork","Sucker Punch","Footwork","Cloak And Dagger","Dash","PiercingWail"],"relics":["Ring of the Snake","NeowsBlessing","Peace Pipe","Incense Burner"],"potions_floor_usage":[7,16,16],"damage_taken":[{"damage":0,"enemies":"Cultist","floor":1,"turns":1},{"damage":0,"enemies":"Jaw Worm","floor":2,"turns":1},{"damage":0,"enemies":"2 Louse","floor":3,"turns":1},{"damage":25,"enemies":"Gremlin Nob","floor":7,"turns":6},{"damage":29,"enemies":"Lots of Slimes","floor":8,"turns":7},{"damage":6,"enemies":"3 Louse","floor":10,"turns":6},{"damage":0,"enemies":"2 Fungi Beasts","floor":13,"turns":6},{"damage":0,"enemies":"Large Slime","floor":14,"turns":10},{"damage":32,"enemies":"Hexaghost","floor":16,"turns":16}],"seed_played":"-4522084352663533337","potions_obtained":[{"floor":1,"key":"GamblersBrew"},{"floor":2,"key":"GhostInAJar"},{"floor":10,"key":"SteroidPotion"}],"is_trial":false,"path_per_floor":["M","M","M","?","$","R","E","M","T","M","R","$","M","M","R","B"],"character_chosen":"THE_SILENT","items_purchased":["Footwork","Sucker Punch"],"campfire_rested":1,"item_purchase_floors":[5,5],"current_hp_per_floor":[59,59,59,64,64,64,39,10,10,4,25,25,25,25,25,0],"gold":67,"neow_bonus":"THREE_ENEMY_KILL","is_prod":false,"is_daily":false,"chose_seed":false,"campfire_upgraded":2,"win_rate":0,"timestamp":1557009061,"path_taken":["M","M","?","?","$","R","E","M","T","M","R","?","M","?","R","BOSS"],"build_version":"2019-01-23","purchased_purges":1,"victory":false,"max_hp_per_floor":[66,66,66,71,71,71,71,71,71,71,71,71,71,71,71,71],"card_choices":[{"not_picked":["Dodge and Roll","Calculated Gamble"],"picked":"Footwork","floor":1},{"not_picked":["Poisoned Stab","Dodge and Roll"],"picked":"Caltrops","floor":2},{"not_picked":["Flechettes","Sucker Punch"],"picked":"Predator","floor":3},{"not_picked":["Concentrate","Reflex"],"picked":"Footwork","floor":7},{"not_picked":["Dagger Spray","Dodge and Roll"],"picked":"Cloak And Dagger","floor":8},{"not_picked":["Tactician","Prepared","Underhanded Strike"],"picked":"SKIP","floor":10},{"not_picked":["Slice","Endless Agony"],"picked":"Dash","floor":13},{"not_picked":["Underhanded Strike","Sucker Punch"],"picked":"PiercingWail","floor":14}],"player_experience":541162,"relics_obtained":[{"floor":7,"key":"Peace Pipe"},{"floor":9,"key":"Incense Burner"}],"event_choices":[{"damage_healed":0,"gold_gain":0,"player_choice":"Donut","damage_taken":0,"max_hp_gain":5,"max_hp_loss":0,"event_name":"Big Fish","floor":4,"gold_loss":0}],"is_beta":false,"boss_relics":[],"items_purged_floors":[12],"is_endless":false,"potions_floor_spawned":[1,2,3,10],"killed_by":"Hexaghost","ascension_level":20}