{"gold_per_floor":[15,15,15,34,44,75,150,150,150,150,169,198,44,60,60,60],"floor_reached":16,"playtime":549,"items_purged":["Strike_R"],"score":220,"play_id":"dbbc7fd3-a31e-46c8-a801-b93007c39e1f","local_time":"20190518204255","is_ascension_mode":true,"campfire_choices":[{"data":"Bash","floor":10,"key":"SMITH"},{"data":"Inflame","floor":15,"key":"SMITH"}],"neow_cost":"NO_GOLD","seed_source_timestamp":164759322520035,"circlet_count":0,"master_deck":["AscendersBane","Strike_R","Strike_R","Strike_R","Strike_R","Defend_R","Defend_R","Defend_R+1","Defend_R","Bash+1","Immolate+1","True Grit","Intimidate","Feel No Pain","Shrug It Off","Inflame+1","Shrug It Off"],"relics":["Burning Blood","Sundial","Question Card","Strawberry"],"potions_floor_usage":[6,16],"damage_taken":[{"damage":1,"enemies":"Cultist","floor":1,"turns":3},{"damage":0,"enemies":"Small Slimes","floor":4,"turns":2},{"damage":2,"enemies":"Jaw Worm","floor":5,"turns":3},{"damage":33,"enemies":"Gremlin Nob","floor":6,"turns":4},{"damage":15,"enemies":"Large Slime","floor":11,"turns":4},{"damage":25,"enemies":"Lagavulin","floor":12,"turns":5},{"damage":0,"enemies":"Exordium Wildlife","floor":14,"turns":1},{"damage":32,"enemies":"Hexaghost","floor":16,"turns":8}],"seed_played":"4182863628228619044","potions_obtained":[{"floor":1,"key":"SteroidPotion"},{"floor":6,"key":"PowerPotion"},{"floor":12,"key":"Strength Potion"}],"is_trial":false,"path_per_floor":["M","$","?","M","M","E","?","?","T","R","M","E","$","M","R","B"],"character_chosen":"IRONCLAD","items_purchased":["Inflame"],"campfire_rested":0,"item_purchase_floors":[13],"current_hp_per_floor":[73,73,50,56,60,33,22,47,47,47,38,26,26,32,32,0],"gold":60,"neow_bonus":"THREE_RARE_CARDS","is_prod":false,"is_daily":false,"chose_seed":false,"campfire_upgraded":2,"win_rate":0,"timestamp":1558237375,"path_taken":["M","?","?","M","M","E","?","?","T","R","M","E","$","?","R","BOSS"],"build_version":"2019-05-07","purchased_purges":1,"victory":false,"max_hp_per_floor":[75,75,75,75,75,75,75,75,75,75,75,82,82,82,82,82],"card_choices":[{"not_picked":["Brutality","Feed"],"picked":"Immolate","floor":0},{"not_picked":["Burning Pact","Second Wind"],"picked":"True Grit","floor":1},{"not_picked":["Heavy Blade","Warcry"],"picked":"Intimidate","floor":4},{"not_picked":["Flex","Warcry","Infernal Blade"],"picked":"SKIP","floor":5},{"not_picked":["Sever Soul","Berserk"],"picked":"Feel No Pain","floor":6},{"not_picked":["Ghostly Armor","Hemokinesis","Whirlwind"],"picked":"Shrug It Off","floor":11},{"not_picked":["Second Wind","Dark Embrace","Wild Strike","Cleave"],"picked":"SKIP","floor":12},{"not_picked":["Clothesline","Warcry","Bludgeon"],"picked":"Shrug It Off","floor":14}],"player_experience":1262062,"relics_obtained":[{"floor":6,"key":"Sundial"},{"floor":9,"key":"Question Card"},{"floor":12,"key":"Strawberry"}],"event_choices":[{"damage_healed":0,"gold_gain":0,"player_choice":"Entered Light","damage_taken":23,"max_hp_gain":0,"max_hp_loss":0,"event_name":"Shining Light","floor":3,"gold_loss":0,"cards_upgraded":["Defend_R","Immolate"]},{"damage_healed":0,"gold_gain":75,"player_choice":"Gather Gold","damage_taken":11,"max_hp_gain":0,"max_hp_loss":0,"event_name":"World of Goop","floor":7,"gold_loss":0},{"damage_healed":25,"gold_gain":0,"player_choice":"Banana","damage_taken":0,"max_hp_gain":0,"max_hp_loss":0,"event_name":"Big Fish","floor":8,"gold_loss":0}],"is_beta":true,"boss_relics":[],"items_purged_floors":[13],"is_endless":false,"potions_floor_spawned":[1,6,12],"killed_by":"Hexaghost","ascension_level":20}