{"gold_per_floor":[109,122,7,19,19,47,47,72,72,72,88,88,99,124,124,124],"floor_reached":16,"playtime":499,"items_purged":["Strike_R"],"score":240,"play_id":"7a7a282c-3fda-45b9-bb1e-525ed426be7d","local_time":"20190510182517","is_ascension_mode":true,"campfire_choices":[{"data":"Bash","floor":7.0,"key":"SMITH"},{"floor":12.0,"key":"REST"},{"data":"Demon Form","floor":15.0,"key":"SMITH"}],"neow_cost":"NONE","seed_source_timestamp":814797854275951,"circlet_count":0,"master_deck":["AscendersBane","Strike_R","Strike_R","Strike_R","Strike_R","Defend_R","Defend_R","Defend_R","Defend_R+1","Bash+1","Blind","Evolve","Twin Strike","Combust","Ghostly Armor","True Grit+1","Demon Form+1","Power Through+1","Feel No Pain"],"special_seed":0,"relics":["Burning Blood","Lantern","Ginger","Toxic Egg 2","War Paint"],"potions_floor_usage":[16,16],"damage_taken":[{"damage":4.0,"enemies":"Jaw Worm","floor":1.0,"turns":5.0},{"damage":12.0,"enemies":"2 Louse","floor":2.0,"turns":3.0},{"damage":4.0,"enemies":"Small Slimes","floor":4.0,"turns":4.0},{"damage":36.0,"enemies":"3 Sentries","floor":6.0,"turns":7.0},{"damage":23.0,"enemies":"Lagavulin","floor":8.0,"turns":7.0},{"damage":11.0,"enemies":"Exordium Wildlife","floor":11.0,"turns":4.0},{"damage":5.0,"enemies":"2 Fungi Beasts","floor":13.0,"turns":3.0},{"damage":27.0,"enemies":"3 Sentries","floor":14.0,"turns":6.0},{"damage":17,"enemies":"The Guardian","floor":16,"turns":7}],"seed_played":"5566835185938639659","potions_obtained":[{"floor":2.0,"key":"EssenceOfSteel"},{"floor":6.0,"key":"FearPotion"},{"floor":11.0,"key":"PowerPotion"}],"is_trial":false,"path_per_floor":["M","M","$","M","?","E","R","E","T","?","M","R","M","E","R","B"],"character_chosen":"IRONCLAD","items_purchased":["Combust"],"campfire_rested":1,"item_purchase_floors":[3],"current_hp_per_floor":[70,64,64,66,66,36,36,19,19,19,14,36,37,16,16,0],"gold":124,"neow_bonus":"RANDOM_COLORLESS","is_prod":false,"is_daily":false,"chose_seed":false,"campfire_upgraded":2,"win_rate":0,"timestamp":1557537917,"path_taken":["M","M","$","M","?","E","R","E","T","?","M","R","M","E","R","BOSS"],"build_version":"2019-05-07","purchased_purges":1,"victory":false,"max_hp_per_floor":[75,75,75,75,75,75,75,75,75,75,75,75,75,75,75,75],"card_choices":[{"not_picked":["Reckless Charge","Sentinel"],"picked":"Evolve","floor":1.0},{"not_picked":["Reckless Charge","Shrug It Off"],"picked":"Twin Strike","floor":2.0},{"not_picked":["Iron Wave","Thunderclap","Pummel"],"picked":"SKIP","floor":4.0},{"not_picked":["Searing Blow","Sword Boomerang"],"picked":"Ghostly Armor","floor":6.0},{"not_picked":["Havoc","Armaments"],"picked":"True Grit","floor":8.0},{"not_picked":["Flex+1","True Grit+1"],"picked":"Demon Form","floor":11.0},{"not_picked":["Heavy Blade","Pommel Strike"],"picked":"Power Through+1","floor":13.0},{"not_picked":["Anger","Entrench+1"],"picked":"Feel No Pain","floor":14.0}],"player_experience":1245047,"relics_obtained":[{"floor":6.0,"key":"Lantern"},{"floor":8.0,"key":"Ginger"},{"floor":9.0,"key":"Toxic Egg 2"},{"floor":14.0,"key":"War Paint"}],"event_choices":[{"damage_healed":0.0,"max_hp_gain":0.0,"max_hp_loss":0.0,"gold_gain":0.0,"event_name":"Liars Game","player_choice":"Ignored","floor":5.0,"gold_loss":0.0,"damage_taken":0.0},{"damage_healed":0.0,"max_hp_gain":0.0,"max_hp_loss":0.0,"gold_gain":0.0,"event_name":"Shining Light","player_choice":"Ignored","floor":10.0,"gold_loss":0.0,"damage_taken":0.0}],"is_beta":true,"boss_relics":[],"items_purged_floors":[3],"is_endless":false,"potions_floor_spawned":[2,6,11],"killed_by":"The Guardian","ascension_level":20}