{"path_per_floor":["M","M","?","T","?","R","E","M","T","R","E","$","T","E","R","B",null,"M","?","M","?","M","R","E","R","T","T","?","?","?","?","R","B",null,"M","$","M","$","?","R","?","R","T","E","M","?","?","?","R","B"],"character_chosen":"THE_SILENT","items_purchased":["Noxious Fumes","Backstab"],"gold_per_floor":[111,127,127,153,153,153,178,191,191,191,217,33,86,115,115,218,218,218,218,218,218,218,218,218,218,218,218,218,218,143,143,143,143,143,143,43,43,43,43,43,0,0,0,0,0,0,0,0,0,0],"floor_reached":51,"campfire_rested":2,"playtime":3541,"current_hp_per_floor":[70,70,56,56,56,56,56,56,56,56,52,52,52,52,52,43,70,70,70,70,70,70,70,57,57,57,57,57,44,44,28,50,60,80,79,79,80,80,86,86,86,86,96,93,103,103,103,90,104,52],"items_purged":["Strike_G","Strike_G"],"gold":0,"score":733,"play_id":"672b8111-a817-4565-883e-a76e0e5a6c3c","is_prod":false,"is_daily":false,"is_ascension_mode":true,"campfire_upgraded":7,"path_taken":["M","M","?","?","?","R","E","M","T","R","E","?","?","E","R","BOSS","M","?","M","?","M","R","E","R","T","?","?","?","?","?","R","BOSS","M","$","M","$","?","R","?","R","T","E","M","?","?","?","R","BOSS"],"build_version":"2018-02-08-PROD1","purchased_purges":2,"victory":true,"master_deck":["Defend_G+1","Defend_G+1","Defend_G+1","Defend_G+1","Strike_G+1","Strike_G+1","Survivor+1","Neutralize+1","Backflip+1","Distraction+1","Dagger Throw+1","Noxious Fumes+1","Noxious Fumes+1","Backstab+1","After Image+1","Infinite Blades","Quick Slash+1","Outmaneuver+1","Quick Slash+1","Bane+1","Noxious Fumes+1","Expertise+1","Dodge and Roll+1","Terror","Madness","Madness"],"max_hp_per_floor":[70,70,70,70,70,70,70,70,70,70,70,70,70,70,70,70,70,70,70,70,70,70,70,70,70,70,70,70,75,75,75,75,75,80,80,80,80,80,94,94,94,94,104,104,104,104,104,104,104,104],"relics":["Ring of the Snake","NeowsBlessing","Lantern","Juzu Bracelet","Thread and Needle","Bag of Preparation","Vajra","Bronze Scales","Ectoplasm","Happy Flower","Whetstone","Bird Faced Urn","Enchiridion","Tiny House","Mango","Red Mask","Pear","Shuriken"],"card_choices":[{"not_picked":["Prepared","Bane"],"picked":"Backflip"},{"not_picked":["Slice","Dodge and Roll"],"picked":"Distraction"},{"not_picked":["Choke","Prepared"],"picked":"Dagger Throw"},{"not_picked":["Night Terror","After Image"],"picked":"Noxious Fumes"},{"not_picked":["Tools of the Trade","Phantasmal Killer"],"picked":"After Image"},{"not_picked":["Dash","Backflip"],"picked":"Infinite Blades"},{"not_picked":["All Out Attack","Dagger Spray"],"picked":"Outmaneuver"},{"not_picked":["Acrobatics","After Image"],"picked":"Quick Slash"},{"not_picked":["Backflip","Masterful Stab"],"picked":"Bane"},{"not_picked":["Heel Hook","Well Laid Plans"],"picked":"Noxious Fumes"},{"not_picked":["Deadly Poison","Bane"],"picked":"Expertise"},{"not_picked":["Slice","Flechettes"],"picked":"Dodge and Roll"}],"player_experience":42023,"potions_floor_usage":[24,44,50,50],"damage_taken":[{"damage":0,"enemies":"Cultist","floor":1,"turns":1},{"damage":0,"enemies":"2 Louse","floor":2,"turns":1},{"damage":0,"enemies":"3 Sentries","floor":7,"turns":1},{"damage":0,"enemies":"Small Slimes","floor":8,"turns":4},{"damage":4,"enemies":"Lagavulin","floor":11,"turns":7},{"damage":0,"enemies":"3 Sentries","floor":14,"turns":6},{"damage":9,"enemies":"Slime Boss","floor":16,"turns":9},{"damage":0,"enemies":"Spheric Guardian","floor":18,"turns":4},{"damage":0,"enemies":"3 Byrds","floor":20,"turns":3},{"damage":0,"enemies":"Centurion and Healer","floor":22,"turns":5},{"damage":13,"enemies":"Slavers","floor":24,"turns":5},{"damage":0,"enemies":"Automaton","floor":33,"turns":8},{"damage":3,"enemies":"Orb Walker","floor":35,"turns":3},{"damage":0,"enemies":"3 Darklings","floor":37,"turns":4},{"damage":10,"enemies":"Mysterious Sphere","floor":39,"turns":5},{"damage":17,"enemies":"2 Orb Walkers","floor":44,"turns":4},{"damage":3,"enemies":"Sphere and 2 Shapes","floor":45,"turns":5},{"damage":55,"enemies":"Time Eater","floor":50,"turns":10}],"event_choices":[{"event_name":"Shining Light","player_choice":"Entered Light","floor":3,"damage_taken":0},{"event_name":"Liars Game","player_choice":"disagreed","floor":5,"damage_taken":0},{"event_name":"The Library","player_choice":"Read","floor":19,"damage_taken":0},{"event_name":"Back to Basics","player_choice":"Simplicity","floor":21,"damage_taken":0},{"event_name":"Accursed Blacksmith","player_choice":"Forge","floor":28,"damage_taken":0},{"event_name":"Forgotten Altar","player_choice":"Shed Blood","floor":29,"damage_taken":0},{"event_name":"Beggar","player_choice":"Gave Gold","floor":30,"damage_taken":0},{"event_name":"Cursed Tome","player_choice":"Obtained Book","floor":31,"damage_taken":0},{"event_name":"Mysterious Sphere","player_choice":"Fight","floor":39,"damage_taken":0},{"event_name":"Tomb of Lord Red Mask","player_choice":"Paid","floor":41,"damage_taken":0},{"event_name":"Match and Keep!","player_choice":"1 cards matched","floor":47,"damage_taken":0},{"event_name":"Winding Halls","player_choice":"Embrace Madness","floor":48,"damage_taken":0}],"boss_relics":[{"not_picked":["Runic Dome","Velvet Choker"],"picked":"Ectoplasm"},{"not_picked":["Question Card","Snecko Eye"],"picked":"Tiny House"}],"potions_floor_spawned":[2,11,16,24,35,45],"seed_played":"-2981104388560807984","ascension_level":1,"is_trial":false}