{"gold_per_floor":[115,32,32,52,76,76,76,76,76,97,120,120,120,135,135,225,225,243,112,112,132,153,153,173,98,121,164,180,204,204,204,204,204],"floor_reached":33,"playtime":1095,"items_purged":["Strike_B"],"score":554,"play_id":"b61bbda4-eca0-49f9-84c5-d0ca7ed22fc5","local_time":"20190507230020","is_ascension_mode":true,"campfire_choices":[{"data":"Sunder","floor":6,"key":"SMITH"},{"data":"Zap","floor":12,"key":"SMITH"},{"floor":15,"key":"REST"},{"floor":23,"key":"REST"},{"floor":30,"key":"REST"},{"data":"Defragment","floor":32,"key":"SMITH"}],"neow_cost":"PERCENT_DAMAGE","seed_source_timestamp":2252589047861257,"circlet_count":0,"master_deck":["AscendersBane","Defend_B+1","Defend_B","Zap+1","Dualcast","Cold Snap","Sunder+1","Auto Shields+1","FTL","Sweeping Beam","Conserve Battery","Buffer","Leap","Ball Lightning","Ball Lightning","Go for the Eyes","Loop+1","Consume","Defragment+1"],"relics":["Cracked Core","Golden Idol","Sundial","Inserter","Ancient Tea Set","Meat on the Bone"],"potions_floor_usage":[16,27,27,27,33],"damage_taken":[{"damage":5,"enemies":"2 Louse","floor":1,"turns":3},{"damage":18,"enemies":"Small Slimes","floor":4,"turns":3},{"damage":0,"enemies":"Cultist","floor":5,"turns":4},{"damage":1,"enemies":"Blue Slaver","floor":10,"turns":4},{"damage":2,"enemies":"Large Slime","floor":11,"turns":4},{"damage":0,"enemies":"Exordium Wildlife","floor":14,"turns":1},{"damage":20,"enemies":"The Guardian","floor":16,"turns":10},{"damage":1,"enemies":"Spheric Guardian","floor":18,"turns":4},{"damage":10,"enemies":"2 Thieves","floor":21,"turns":4},{"damage":40,"enemies":"Cultist and Chosen","floor":22,"turns":8},{"damage":6,"enemies":"Sentry and Sphere","floor":24,"turns":6},{"damage":0,"enemies":"Gremlin Leader","floor":27,"turns":4},{"damage":11,"enemies":"Shelled Parasite and Fungi","floor":28,"turns":6},{"damage":13,"enemies":"Centurion and Healer","floor":29,"turns":6},{"damage":38,"enemies":"Collector","floor":33,"turns":3}],"seed_played":"680924471796325532","potions_obtained":[{"floor":1,"key":"Swift Potion"},{"floor":4,"key":"GamblersBrew"},{"floor":11,"key":"Strength Potion"},{"floor":16,"key":"EntropicBrew"},{"floor":18,"key":"PowerPotion"}],"is_trial":false,"path_per_floor":["M","$","?","M","M","R","?","?","T","M","M","R","?","M","R","B",null,"M","$","?","M","M","R","M","?","T","E","M","M","R","?","R","B"],"character_chosen":"DEFECT","items_purchased":["Sunder","Ball Lightning"],"campfire_rested":3,"item_purchase_floors":[2,19],"current_hp_per_floor":[41,41,41,23,23,23,44,44,44,43,41,41,22,22,41,21,53,52,52,52,42,2,21,15,15,15,15,16,15,34,34,34,0],"gold":204,"neow_bonus":"REMOVE_TWO","is_prod":false,"is_daily":false,"chose_seed":false,"campfire_upgraded":3,"win_rate":0,"timestamp":1557262820,"path_taken":["M","$","?","M","M","R","?","?","T","?","M","R","?","M","R","BOSS","M","$","?","M","M","R","M","?","T","E","?","M","R","?","R","BOSS"],"build_version":"2019-01-23","purchased_purges":1,"victory":false,"max_hp_per_floor":[71,71,64,64,64,64,64,64,64,64,64,64,64,64,64,64,64,64,64,64,64,64,64,64,64,64,64,64,64,64,64,64,64],"card_choices":[{"not_picked":["Chaos","Stack"],"picked":"Cold Snap","floor":1},{"not_picked":["Sweeping Beam","Rebound"],"picked":"Auto Shields","floor":4},{"not_picked":["Static Discharge","Turbo"],"picked":"FTL","floor":5},{"not_picked":["Leap","Gash"],"picked":"Sweeping Beam","floor":10},{"not_picked":["Turbo","Double Energy","Fusion"],"picked":"SKIP","floor":11},{"not_picked":["Rebound","Compile Driver"],"picked":"Conserve Battery","floor":14},{"not_picked":["Biased Cognition","Meteor Strike"],"picked":"Buffer","floor":16},{"not_picked":["Rebound","Capacitor"],"picked":"Leap","floor":18},{"not_picked":["Redo","Cold Snap"],"picked":"Go for the Eyes","floor":21},{"not_picked":["Beam Cell","Leap"],"picked":"Loop+1","floor":22},{"not_picked":["Hologram","Capacitor+1"],"picked":"Consume","floor":24},{"not_picked":["Hello World","Coolheaded"],"picked":"Defragment","floor":27},{"not_picked":["Melter","Cold Snap+1","Go for the Eyes+1"],"picked":"SKIP","floor":28},{"not_picked":["Cold Snap","Barrage","Rebound"],"picked":"SKIP","floor":29}],"player_experience":551760,"relics_obtained":[{"floor":9,"key":"Sundial"},{"floor":26,"key":"Ancient Tea Set"},{"floor":27,"key":"Meat on the Bone"}],"event_choices":[{"damage_healed":0,"gold_gain":0,"player_choice":"Lose Max HP","damage_taken":0,"relics_obtained":["Golden Idol"],"max_hp_gain":0,"max_hp_loss":7,"event_name":"Golden Idol","floor":3,"gold_loss":0},{"damage_healed":21,"gold_gain":0,"player_choice":"Banana","damage_taken":0,"max_hp_gain":0,"max_hp_loss":0,"event_name":"Big Fish","floor":7,"gold_loss":0},{"cards_removed":["Strike_B"],"damage_healed":0,"gold_gain":0,"player_choice":"Purged","damage_taken":0,"max_hp_gain":0,"max_hp_loss":0,"event_name":"Purifier","floor":8,"gold_loss":0},{"damage_healed":0,"gold_gain":0,"player_choice":"Entered Light","damage_taken":19,"max_hp_gain":0,"max_hp_loss":0,"event_name":"Shining Light","floor":13,"gold_loss":0,"cards_upgraded":["Defend_B","Auto Shields"]},{"damage_healed":0,"gold_gain":0,"player_choice":"Read","damage_taken":0,"max_hp_gain":0,"max_hp_loss":0,"event_name":"The Library","floor":20,"gold_loss":0,"cards_obtained":["Ball Lightning"]},{"cards_removed":["Defend_B"],"damage_healed":0,"gold_gain":0,"player_choice":"Gave Gold","damage_taken":0,"max_hp_gain":0,"max_hp_loss":0,"event_name":"Beggar","floor":25,"gold_loss":75},{"cards_removed":["Defend_B"],"damage_healed":0,"gold_gain":0,"player_choice":"Purged","damage_taken":0,"max_hp_gain":0,"max_hp_loss":0,"event_name":"Purifier","floor":31,"gold_loss":0}],"is_beta":false,"boss_relics":[{"not_picked":["Tiny House","Runic Dome"],"picked":"Inserter"}],"items_purged_floors":[19],"is_endless":false,"potions_floor_spawned":[1,4,11,16,18,21],"killed_by":"Collector","ascension_level":19}