{"gold_per_floor":[109,34,50,65,80,110,110,127,154,172,172,188,188,13,13,117,117,117,42,42,42,42,42,42,42,42,42,42,42,42,42,42,42,42,42,42,42,42,42,42,42,42,42,42,42,42,42,42,42,42,42,42,42,42,42],"floor_reached":56,"playtime":4550,"items_purged":["Strike_G","Strike_G"],"score":1201,"play_id":"ba65ef38-482c-4939-ada4-fad023ce24d9","local_time":"20190210235434","is_ascension_mode":false,"campfire_choices":[{"data":"Noxious Fumes","floor":7.0,"key":"SMITH"},{"data":"Dagger Spray","floor":13.0,"key":"SMITH"},{"floor":15.0,"key":"REST"},{"data":"Survivor","floor":23,"key":"SMITH"},{"floor":29,"key":"REST"},{"floor":32,"key":"REST"},{"floor":40,"key":"RECALL"},{"data":"Good Instincts","floor":42,"key":"SMITH"},{"data":"Defend_G","floor":47,"key":"SMITH"},{"floor":49,"key":"REST"},{"data":"Defend_G","floor":52,"key":"SMITH"}],"neow_cost":"NONE","seed_source_timestamp":0,"circlet_count":0,"master_deck":["Defend_G+1","Defend_G","Defend_G","Defend_G+1","Survivor+1","Neutralize+1","Noxious Fumes+1","Backstab","Quick Slash","Backstab","PiercingWail","Dagger Spray+1","Footwork+1","Doppelganger+1","Noxious Fumes+1","Footwork+1","Dodge and Roll+1","Panacea","Sucker Punch+1","Adrenaline","Good Instincts+1","After Image+1","Dodge and Roll+1","Noxious Fumes+1","Escape Plan","Catalyst"],"special_seed":0,"relics":["Ring of the Snake","Frozen Egg 2","Ectoplasm","Red Mask","PreservedInsect","Calipers","Bronze Scales","Empty Cage","Old Coin","War Paint","Juzu Bracelet","Centennial Puzzle","Pen Nib"],"potions_floor_usage":[25,54,54,55],"damage_taken":[{"damage":0.0,"enemies":"Small Slimes","floor":1.0,"turns":6.0},{"damage":0.0,"enemies":"Cultist","floor":3.0,"turns":5.0},{"damage":0.0,"enemies":"2 Louse","floor":4.0,"turns":3.0},{"damage":0.0,"enemies":"Blue Slaver","floor":5.0,"turns":6.0},{"damage":45.0,"enemies":"Lagavulin","floor":6.0,"turns":6.0},{"damage":2.0,"enemies":"Exordium Wildlife","floor":8.0,"turns":4.0},{"damage":3.0,"enemies":"Red Slaver","floor":10.0,"turns":3.0},{"damage":0.0,"enemies":"Looter","floor":12.0,"turns":4.0},{"damage":16.0,"enemies":"Slime Boss","floor":16.0,"turns":10.0},{"damage":0.0,"enemies":"Spheric Guardian","floor":18.0,"turns":5.0},{"damage":11,"enemies":"Masked Bandits","floor":21,"turns":6},{"damage":0,"enemies":"3 Byrds","floor":22,"turns":3},{"damage":2,"enemies":"Sentry and Sphere","floor":24,"turns":6},{"damage":17,"enemies":"Slavers","floor":25,"turns":5},{"damage":11,"enemies":"Snecko","floor":27,"turns":5},{"damage":0,"enemies":"Snake Plant","floor":28,"turns":5},{"damage":5,"enemies":"Book of Stabbing","floor":31,"turns":6},{"damage":13,"enemies":"Collector","floor":33,"turns":9},{"damage":0,"enemies":"Orb Walker","floor":35,"turns":4},{"damage":5,"enemies":"3 Darklings","floor":36,"turns":5},{"damage":4,"enemies":"Jaw Worm Horde","floor":38,"turns":4},{"damage":0,"enemies":"Mind Bloom Boss Battle","floor":39,"turns":8},{"damage":0,"enemies":"Nemesis","floor":41,"turns":9},{"damage":3,"enemies":"Transient","floor":44,"turns":5},{"damage":1,"enemies":"Reptomancer","floor":45,"turns":7},{"damage":0,"enemies":"Sphere and 2 Shapes","floor":46,"turns":5},{"damage":0,"enemies":"Spire Growth","floor":48,"turns":7},{"damage":11,"enemies":"Time Eater","floor":50,"turns":14},{"damage":12,"enemies":"Shield and Spear","floor":54,"turns":6},{"damage":24,"enemies":"The Heart","floor":55,"turns":15}],"seed_played":"-8188892309926668788","potions_obtained":[{"floor":8.0,"key":"GhostInAJar"},{"floor":10.0,"key":"Block Potion"},{"floor":12.0,"key":"Ancient Potion"},{"floor":18.0,"key":"Ancient Potion"},{"floor":28,"key":"Block Potion"},{"floor":31,"key":"SpeedPotion"},{"floor":38,"key":"Swift Potion"}],"is_trial":false,"path_per_floor":["M","$","M","M","M","E","R","M","T","M","?","M","R","$","R","B",null,"M","?","?","?","M","R","M","E","T","M","M","R","?","E","R","B",null,"M","M","?","M","?","R","E","R","T","M","E","M","R","M","R","B",null,"R","$","E","B",null],"character_chosen":"THE_SILENT","items_purchased":["Footwork+1"],"campfire_rested":4,"item_purchase_floors":[14],"current_hp_per_floor":[70,70,70,70,70,25,25,23,23,20,20,20,20,20,41,25,70,70,70,70,59,59,59,57,40,40,29,29,50,50,45,66,53,70,70,65,65,61,61,61,61,61,61,58,57,57,57,57,70,59,70,70,70,58,34],"gold":42,"neow_bonus":"UPGRADE_CARD","is_prod":false,"is_daily":false,"chose_seed":false,"campfire_upgraded":6,"win_rate":0,"timestamp":1549839274,"path_taken":["M","$","M","M","M","E","R","M","T","M","?","M","R","$","R","BOSS","M","?","?","?","M","R","M","E","T","M","?","R","?","E","R","BOSS","M","M","?","M","?","R","E","R","T","M","E","M","R","M","R","BOSS","R","$","E","BOSS"],"build_version":"2019-01-23","purchased_purges":2,"victory":true,"max_hp_per_floor":[70,70,70,70,70,70,70,70,70,70,70,70,70,70,70,70,70,70,70,70,70,70,70,70,70,70,70,70,70,70,70,70,70,70,70,70,70,70,70,70,70,70,70,70,70,70,70,70,70,70,70,70,70,70,70],"card_choices":[{"not_picked":["Backflip","Underhanded Strike"],"picked":"Noxious Fumes","floor":1.0},{"not_picked":["Catalyst","Sucker Punch"],"picked":"Backstab","floor":3.0},{"not_picked":["Cloak And Dagger","Slice"],"picked":"Quick Slash","floor":4.0},{"not_picked":["Distraction","Choke","Finisher"],"picked":"SKIP","floor":5.0},{"not_picked":["Dodge and Roll","Blur"],"picked":"Backstab","floor":6.0},{"not_picked":["Blur","Reflex"],"picked":"PiercingWail","floor":8.0},{"not_picked":["Deadly Poison","Riddle With Holes","PiercingWail"],"picked":"SKIP","floor":10.0},{"not_picked":["Finisher","Concentrate"],"picked":"Dagger Spray","floor":12.0},{"not_picked":["Wraith Form v2+1","A Thousand Cuts+1"],"picked":"Doppelganger","floor":16.0},{"not_picked":["Flying Knee","Outmaneuver+1","Catalyst"],"picked":"SKIP","floor":18.0},{"not_picked":["Quick Slash","Cloak And Dagger+1","Blade Dance"],"picked":"SKIP","floor":22},{"not_picked":["Dash","Prepared+1"],"picked":"Noxious Fumes+1","floor":24},{"not_picked":["Prepared","Masterful Stab"],"picked":"Footwork+1","floor":25},{"not_picked":["Unload","Bane"],"picked":"Dodge and Roll","floor":27},{"not_picked":["Prepared","Poisoned Stab","Expertise+1"],"picked":"SKIP","floor":28},{"not_picked":["Riddle With Holes","Quick Slash+1"],"picked":"Sucker Punch+1","floor":31},{"not_picked":["Grand Finale","Storm of Steel"],"picked":"Adrenaline","floor":33},{"not_picked":["Cloak And Dagger","Deadly Poison+1","Prepared+1"],"picked":"SKIP","floor":35},{"not_picked":["Slice+1","Predator+1","Bane+1"],"picked":"SKIP","floor":36},{"not_picked":["Blind","Jack Of All Trades"],"picked":"Good Instincts","floor":37},{"not_picked":["Bane","Sucker Punch","Poisoned Stab+1"],"picked":"SKIP","floor":38},{"not_picked":["Distraction","Sucker Punch+1"],"picked":"After Image+1","floor":39},{"not_picked":["PiercingWail","Flying Knee+1"],"picked":"Dodge and Roll+1","floor":41},{"not_picked":["Slice","Choke+1","Dagger Spray"],"picked":"SKIP","floor":44},{"not_picked":["Dagger Throw+1","Dagger Spray+1"],"picked":"Noxious Fumes+1","floor":45},{"not_picked":["Finisher+1","Well Laid Plans+1"],"picked":"Escape Plan","floor":46},{"not_picked":["Riddle With Holes","Underhanded Strike+1","All Out Attack+1"],"picked":"SKIP","floor":48},{"not_picked":["Accuracy+1","Quick Slash"],"picked":"Catalyst","floor":54}],"player_experience":305249,"relics_obtained":[{"floor":6.0,"key":"Frozen Egg 2"},{"floor":21,"key":"Red Mask"},{"floor":25,"key":"PreservedInsect"},{"floor":26,"key":"Calipers"},{"floor":31,"key":"Bronze Scales"},{"floor":39,"key":"Old Coin"},{"floor":41,"key":"War Paint"},{"floor":43,"key":"Juzu Bracelet"},{"floor":45,"key":"Centennial Puzzle"},{"floor":54,"key":"Pen Nib"}],"event_choices":[{"cards_removed":["Strike_G"],"damage_healed":0.0,"max_hp_gain":0.0,"max_hp_loss":0.0,"gold_gain":0.0,"event_name":"Purifier","player_choice":"Purged","floor":11.0,"gold_loss":0.0,"damage_taken":0.0},{"cards_removed":["Strike_G"],"damage_healed":0.0,"max_hp_gain":0.0,"max_hp_loss":0.0,"gold_gain":0.0,"event_name":"Beggar","player_choice":"Gave Gold","floor":19.0,"gold_loss":75.0,"damage_taken":0.0},{"damage_healed":0.0,"max_hp_gain":0.0,"max_hp_loss":0.0,"gold_gain":0.0,"event_name":"Vampires","player_choice":"Ignored","floor":20.0,"gold_loss":0.0,"damage_taken":0.0},{"damage_healed":0,"gold_gain":0,"player_choice":"Fought Bandits","damage_taken":0,"max_hp_gain":0,"max_hp_loss":0,"event_name":"Masked Bandits","floor":21,"gold_loss":0},{"damage_healed":0,"gold_gain":0,"player_choice":"1 cards matched","damage_taken":0,"max_hp_gain":0,"max_hp_loss":0,"event_name":"Match and Keep!","floor":30,"gold_loss":0,"cards_obtained":["Panacea"]},{"damage_healed":0,"gold_gain":0,"player_choice":"Memory 1","damage_taken":0,"max_hp_gain":0,"max_hp_loss":0,"event_name":"SensoryStone","floor":37,"gold_loss":0},{"damage_healed":0,"gold_gain":0,"player_choice":"Fight","damage_taken":0,"max_hp_gain":0,"max_hp_loss":0,"event_name":"MindBloom","floor":39,"gold_loss":0}],"is_beta":false,"boss_relics":[{"not_picked":["WristBlade","Fusion Hammer"],"picked":"Ectoplasm"},{"not_picked":["Black Star","Runic Dome"],"picked":"Empty Cage"}],"items_purged_floors":[2,14],"is_endless":false,"potions_floor_spawned":[8,10,12,18,28,31,33,38,44,46,48],"ascension_level":0}