{"gold_per_floor":[110,126,137,150,150,150,185,203,227,227,261,286,301,266,266,364,364,384,43,43,64,0,0,24,24,106,106],"floor_reached":27,"playtime":801,"items_purged":[],"score":450,"play_id":"9b9371cf-f977-4314-ad9e-f2c0f3dd5d9a","local_time":"20190511230010","is_ascension_mode":true,"campfire_choices":[{"data":"Bash","floor":6,"key":"SMITH"},{"floor":10,"key":"REST"},{"data":"Disarm","floor":15,"key":"SMITH"},{"data":"Corruption","floor":23,"key":"SMITH"},{"data":"Armaments","floor":25,"key":"SMITH"}],"neow_cost":"TEN_PERCENT_HP_LOSS","seed_source_timestamp":917457897892005,"circlet_count":0,"master_deck":["AscendersBane","Strike_R","Strike_R","Strike_R","Defend_R","Defend_R","Defend_R","Defend_R","Bash+1","Disarm","Sword Boomerang","Corruption+1","Iron Wave","Battle Trance","Spot Weakness","Disarm+1","Uppercut","Armaments+1","Feed","Ghostly Armor","Shrug It Off"],"relics":["Burning Blood","Gambling Chip","Golden Idol","Dream Catcher","Smiling Mask","Oddly Smooth Stone","Empty Cage","Ice Cream","Mummified Hand"],"potions_floor_usage":[11,16,18,27,27],"damage_taken":[{"damage":12,"enemies":"Jaw Worm","floor":1,"turns":4},{"damage":6,"enemies":"2 Louse","floor":2,"turns":3},{"damage":1,"enemies":"Cultist","floor":3,"turns":3},{"damage":13,"enemies":"2 Fungi Beasts","floor":4,"turns":5},{"damage":36,"enemies":"Lagavulin","floor":7,"turns":7},{"damage":10,"enemies":"Looter","floor":8,"turns":3},{"damage":6,"enemies":"Gremlin Nob","floor":11,"turns":3},{"damage":24,"enemies":"Exordium Thugs","floor":12,"turns":6},{"damage":8,"enemies":"Exordium Wildlife","floor":13,"turns":4},{"damage":8,"enemies":"Hexaghost","floor":16,"turns":9},{"damage":26,"enemies":"2 Thieves","floor":18,"turns":5},{"damage":18,"enemies":"Chosen","floor":21,"turns":7},{"damage":0,"enemies":"Snake Plant","floor":24,"turns":7},{"damage":40,"enemies":"Cultist and Chosen","floor":27,"turns":7}],"seed_played":"158156861885026699","potions_obtained":[{"floor":1,"key":"LiquidBronze"},{"floor":2,"key":"GamblersBrew"},{"floor":8,"key":"AttackPotion"},{"floor":13,"key":"GamblersBrew"},{"floor":16,"key":"SteroidPotion"},{"floor":21,"key":"Block Potion"}],"is_trial":false,"path_per_floor":["M","M","M","M","?","R","E","M","T","R","E","M","M","?","R","B",null,"M","$","?","M","?","R","M","R","T","M"],"character_chosen":"IRONCLAD","items_purchased":["Ice Cream"],"campfire_rested":1,"item_purchase_floors":[19],"current_hp_per_floor":[62,62,67,60,60,60,30,26,26,44,44,26,24,39,39,37,56,40,40,40,28,28,28,37,37,37,0],"gold":106,"neow_bonus":"ONE_RARE_RELIC","is_prod":false,"is_daily":false,"chose_seed":false,"campfire_upgraded":4,"win_rate":0,"timestamp":1557640810,"path_taken":["M","M","M","M","?","R","E","M","T","R","E","M","M","?","R","BOSS","M","$","?","M","?","R","M","R","T","M"],"build_version":"2019-05-07","purchased_purges":0,"victory":false,"max_hp_per_floor":[68,68,68,68,62,62,62,62,62,62,62,62,62,62,62,62,62,66,66,66,66,66,66,69,69,69,72],"card_choices":[{"not_picked":["Dropkick","Flex"],"picked":"Disarm","floor":1},{"not_picked":["Havoc","Anger"],"picked":"Sword Boomerang","floor":2},{"not_picked":["Heavy Blade","Clothesline"],"picked":"Corruption","floor":3},{"not_picked":["Heavy Blade","Warcry"],"picked":"Iron Wave","floor":4},{"not_picked":["Double Tap","Dual Wield","Rage"],"picked":"SKIP","floor":7},{"not_picked":["Clothesline","Perfected Strike"],"picked":"Battle Trance","floor":8},{"not_picked":["Cleave","Seeing Red"],"picked":"Spot Weakness","floor":10},{"not_picked":["Warcry","Dark Embrace"],"picked":"Disarm","floor":11},{"not_picked":["Hemokinesis","Sword Boomerang"],"picked":"Uppercut","floor":12},{"not_picked":["Seeing Red","Blood for Blood"],"picked":"Armaments","floor":13},{"not_picked":["Barricade","Exhume"],"picked":"Feed","floor":16},{"not_picked":["Hemokinesis","Anger"],"picked":"Ghostly Armor","floor":18},{"not_picked":["Disarm","Wild Strike"],"picked":"Shrug It Off","floor":21},{"not_picked":["Pommel Strike","Armaments","Headbutt"],"picked":"SKIP","floor":24}],"player_experience":1253725,"relics_obtained":[{"floor":7,"key":"Dream Catcher"},{"floor":9,"key":"Smiling Mask"},{"floor":11,"key":"Oddly Smooth Stone"},{"floor":26,"key":"Mummified Hand"}],"event_choices":[{"damage_healed":0,"gold_gain":0,"player_choice":"Lose Max HP","damage_taken":0,"relics_obtained":["Golden Idol"],"max_hp_gain":0,"max_hp_loss":6,"event_name":"Golden Idol","floor":5,"gold_loss":0},{"damage_healed":15,"gold_gain":0,"player_choice":"Healed","damage_taken":0,"max_hp_gain":0,"max_hp_loss":0,"event_name":"The Cleric","floor":14,"gold_loss":35},{"damage_healed":0,"gold_gain":0,"player_choice":"Paid Fearfully","damage_taken":0,"max_hp_gain":0,"max_hp_loss":0,"event_name":"Masked Bandits","floor":22,"gold_loss":64}],"is_beta":true,"boss_relics":[{"not_picked":["Calling Bell","Orrery"],"picked":"Empty Cage"}],"items_purged_floors":[],"is_endless":false,"potions_floor_spawned":[1,2,8,13,16,21],"killed_by":"Cultist and Chosen","ascension_level":20}