{"gold_per_floor":[111,111,121,139,10,40,40,40,40,40,59,59,73,73,73,174,174,189,205,205,205,205,205,224,224,274,189,199,34,54,85,85,188,188,200,218,218,40,40,40,40,40,40,40,40,54,54,54,54,54],"floor_reached":51,"playtime":2789,"items_purged":["Strike_B","Defend_B"],"score":877,"play_id":"1cb729f9-4a1b-4124-8505-e948e72a1198","local_time":"20190303182659","is_ascension_mode":true,"campfire_choices":[{"data":"Sweeping Beam","floor":7,"key":"SMITH"},{"data":"Zap","floor":10,"key":"SMITH"},{"data":"Ball Lightning","floor":12,"key":"SMITH"},{"data":"Steam","floor":15,"key":"SMITH"},{"data":"Creative AI","floor":23,"key":"SMITH"},{"data":"Reinforced Body","floor":25,"key":"SMITH"},{"floor":32,"key":"REST"},{"data":"Capacitor","floor":40,"key":"SMITH"},{"data":"Dualcast","floor":42,"key":"SMITH"},{"data":"Defend_B","floor":47,"key":"SMITH"},{"floor":49,"key":"REST"}],"neow_cost":"NONE","seed_source_timestamp":22717670363382124,"circlet_count":0,"master_deck":["Defend_B+1","Defend_B+1","Zap+1","Dualcast+1","Reinforced Body+1","Cold Snap","Sweeping Beam+1","Go for the Eyes","Ball Lightning+1","Steam+1","Creative AI+1","Conserve Battery+1","Coolheaded","Panache","Conserve Battery+1","Compile Driver+1","Capacitor+1","Madness","Madness","Capacitor+1","Flash of Steel","Leap+1"],"relics":["Cracked Core","Pocketwatch","Oddly Smooth Stone","Pantograph","Nuclear Battery","Juzu Bracelet","Strawberry","Red Mask","Empty Cage","Question Card"],"potions_floor_usage":[6,16,33,35,50,50],"damage_taken":[{"damage":1,"enemies":"Cultist","floor":1,"turns":4},{"damage":2,"enemies":"Small Slimes","floor":3,"turns":3},{"damage":2,"enemies":"Jaw Worm","floor":4,"turns":3},{"damage":23,"enemies":"3 Sentries","floor":6,"turns":6},{"damage":0,"enemies":"Exordium Wildlife","floor":11,"turns":2},{"damage":0,"enemies":"Large Slime","floor":13,"turns":3},{"damage":12,"enemies":"Hexaghost","floor":16,"turns":9},{"damage":0,"enemies":"Spheric Guardian","floor":18,"turns":4},{"damage":0,"enemies":"3 Byrds","floor":19,"turns":5},{"damage":1,"enemies":"Colosseum Slavers","floor":22,"turns":4},{"damage":1,"enemies":"Centurion and Healer","floor":24,"turns":5},{"damage":1,"enemies":"Cultist and Chosen","floor":28,"turns":6},{"damage":0,"enemies":"Shelled Parasite and Fungi","floor":30,"turns":6},{"damage":0,"enemies":"Masked Bandits","floor":31,"turns":3},{"damage":27,"enemies":"Collector","floor":33,"turns":13},{"damage":0,"enemies":"Orb Walker","floor":35,"turns":4},{"damage":2,"enemies":"3 Darklings","floor":36,"turns":5},{"damage":2,"enemies":"Spire Growth","floor":46,"turns":6},{"damage":25,"enemies":"Donu and Deca","floor":50,"turns":10}],"seed_played":"-130776715783988086","potions_obtained":[{"floor":1,"key":"Regen Potion"},{"floor":3,"key":"Poison Potion"},{"floor":16,"key":"FearPotion"},{"floor":24,"key":"FocusPotion"},{"floor":31,"key":"SkillPotion"},{"floor":33,"key":"SteroidPotion"},{"floor":36,"key":"Energy Potion"},{"floor":46,"key":"EssenceOfSteel"}],"is_trial":false,"path_per_floor":["M","T","M","M","$","E","R","?","T","R","M","R","M","?","R","B",null,"M","M","?","?","?","R","M","R","T","?","M","$","M","?","R","B",null,"M","M","?","$","?","R","?","R","T","?","$","M","R","?","R","B",null],"character_chosen":"DEFECT","items_purchased":["Sweeping Beam","Panache","Capacitor"],"campfire_rested":2,"item_purchase_floors":[5,29,38],"current_hp_per_floor":[67,67,65,63,63,55,55,60,60,60,60,60,60,53,53,66,77,77,77,62,62,61,61,60,60,60,67,66,66,66,66,92,65,85,85,83,83,83,71,71,71,71,71,71,71,69,69,69,92,67],"gold":54,"neow_bonus":"REMOVE_CARD","is_prod":false,"is_daily":false,"chose_seed":false,"campfire_upgraded":9,"win_rate":0,"timestamp":1551634019,"path_taken":["M","?","M","M","$","E","R","?","T","R","M","R","M","?","R","BOSS","M","M","?","?","?","R","M","R","T","?","M","$","M","?","R","BOSS","M","M","?","$","?","R","?","R","T","?","$","M","R","?","R","BOSS"],"build_version":"2019-01-23","purchased_purges":2,"victory":true,"max_hp_per_floor":[75,75,75,75,75,75,75,80,80,80,80,80,80,80,80,80,80,80,80,85,85,85,85,85,85,85,92,92,92,92,92,92,92,92,92,92,92,92,92,92,92,92,92,92,92,92,92,92,92,92],"card_choices":[{"not_picked":["Force Field","Compile Driver"],"picked":"Reinforced Body","floor":1},{"not_picked":["Double Energy","Streamline"],"picked":"Cold Snap","floor":3},{"not_picked":["Fusion","Hologram","Gash"],"picked":"SKIP","floor":4},{"not_picked":["Force Field","Redo"],"picked":"Go for the Eyes","floor":6},{"not_picked":["Streamline","Fusion"],"picked":"Ball Lightning","floor":11},{"not_picked":["Reboot","Stack"],"picked":"Steam","floor":13},{"not_picked":["Multi-Cast","Amplify"],"picked":"Creative AI","floor":16},{"not_picked":["Go for the Eyes","Darkness+1"],"picked":"Conserve Battery+1","floor":18},{"not_picked":["Beam Cell","Steam Power","Heatsinks"],"picked":"SKIP","floor":19},{"not_picked":["Coolheaded","Turbo"],"picked":"Leap","floor":24},{"not_picked":["Go for the Eyes","Chaos"],"picked":"Coolheaded","floor":28},{"not_picked":["Storm","Lockon","Streamline"],"picked":"SKIP","floor":30},{"not_picked":["Leap","Self Repair"],"picked":"Conserve Battery+1","floor":31},{"not_picked":["Conserve Battery","Rebound+1","Sweeping Beam"],"picked":"SKIP","floor":35},{"not_picked":["Sunder","Go for the Eyes+1"],"picked":"Compile Driver+1","floor":36},{"not_picked":["Dark Shackles","Master of Strategy","Transmutation"],"picked":"Flash of Steel","floor":44},{"not_picked":["Auto Shields+1","Conserve Battery","Sweeping Beam+1"],"picked":"Leap+1","floor":46}],"player_experience":371997,"relics_obtained":[{"floor":2,"key":"Pocketwatch"},{"floor":6,"key":"Oddly Smooth Stone"},{"floor":9,"key":"Pantograph"},{"floor":26,"key":"Juzu Bracelet"},{"floor":31,"key":"Red Mask"},{"floor":43,"key":"Question Card"}],"event_choices":[{"damage_healed":0,"gold_gain":0,"player_choice":"Donut","damage_taken":0,"max_hp_gain":5,"max_hp_loss":0,"event_name":"Big Fish","floor":8,"gold_loss":0},{"cards_removed":["Strike_B"],"damage_healed":0,"gold_gain":0,"player_choice":"Card Removal","damage_taken":7,"max_hp_gain":0,"max_hp_loss":0,"event_name":"Golden Wing","floor":14,"gold_loss":0},{"damage_healed":0,"gold_gain":0,"player_choice":"Shed Blood","damage_taken":20,"max_hp_gain":5,"max_hp_loss":0,"event_name":"Forgotten Altar","floor":20,"gold_loss":0},{"damage_healed":0,"gold_gain":0,"player_choice":"Ignored","damage_taken":0,"max_hp_gain":0,"max_hp_loss":0,"event_name":"The Mausoleum","floor":21,"gold_loss":0},{"damage_healed":0,"gold_gain":0,"player_choice":"Fight","damage_taken":0,"max_hp_gain":0,"max_hp_loss":0,"event_name":"Colosseum","floor":22,"gold_loss":0},{"damage_healed":0,"gold_gain":0,"player_choice":"Fled From Nobs","damage_taken":0,"max_hp_gain":0,"max_hp_loss":0,"event_name":"Colosseum","floor":22,"gold_loss":0},{"damage_healed":0,"gold_gain":0,"player_choice":"Obtained Relic","damage_taken":0,"relics_obtained":["Strawberry"],"max_hp_gain":0,"max_hp_loss":0,"event_name":"Addict","floor":27,"gold_loss":85},{"damage_healed":0,"gold_gain":0,"player_choice":"Fought Bandits","damage_taken":0,"max_hp_gain":0,"max_hp_loss":0,"event_name":"Masked Bandits","floor":31,"gold_loss":0},{"cards_removed":["Leap"],"damage_healed":0,"gold_gain":0,"player_choice":"Removed Skill","damage_taken":0,"max_hp_gain":0,"max_hp_loss":0,"event_name":"Falling","floor":37,"gold_loss":0},{"damage_healed":0,"gold_gain":0,"player_choice":"Embrace Madness","damage_taken":12,"max_hp_gain":0,"max_hp_loss":0,"event_name":"Winding Halls","floor":39,"gold_loss":0,"cards_obtained":["Madness","Madness"]},{"damage_healed":0,"gold_gain":0,"player_choice":"Copied","damage_taken":0,"max_hp_gain":0,"max_hp_loss":0,"event_name":"Duplicator","floor":41,"gold_loss":0,"cards_obtained":["Capacitor"]},{"damage_healed":0,"gold_gain":0,"player_choice":"Memory 1","damage_taken":0,"max_hp_gain":0,"max_hp_loss":0,"event_name":"SensoryStone","floor":44,"gold_loss":0},{"damage_healed":0,"gold_gain":0,"player_choice":"Forge","damage_taken":0,"max_hp_gain":0,"max_hp_loss":0,"event_name":"Accursed Blacksmith","floor":48,"gold_loss":0,"cards_upgraded":["Defend_B"]}],"is_beta":false,"boss_relics":[{"not_picked":["Black Star","FrozenCore"],"picked":"Nuclear Battery"},{"not_picked":["Runic Dome","Pandora\u0027s Box"],"picked":"Empty Cage"}],"items_purged_floors":[5,38],"is_endless":false,"potions_floor_spawned":[1,3,16,22,24,31,33,36,46],"ascension_level":8}