{"gold_per_floor":[147,147,165,165,53,53,84,103,128,128,161,175,197,210,210,289,289,302,402,402,402,402,402,432,432,432,449,449,465,499,146,146,218,218,232,246,261,280,294,326,342,342,392,418,432,432,532,263,263,263,263,263,263,67,97,97],"floor_reached":57,"playtime":3042,"items_purged":["Decay","Bite"],"score":2720,"play_id":"bf2df99d-c7f0-469c-a8d3-f6113b2156b1","local_time":"20190512162344","is_ascension_mode":true,"campfire_choices":[{"data":"Bash","floor":6.0,"key":"SMITH"},{"data":"Carnage","floor":10.0,"key":"SMITH"},{"data":"Shockwave","floor":15.0,"key":"SMITH"},{"floor":23.0,"key":"REST"},{"data":"Demon Form","floor":28,"key":"SMITH"},{"data":"Metallicize","floor":32,"key":"SMITH"},{"floor":42,"key":"RECALL"},{"data":"Battle Trance","floor":46,"key":"SMITH"},{"data":"Flame Barrier","floor":49,"key":"SMITH"},{"data":"Shrug It Off","floor":53,"key":"SMITH"}],"neow_cost":"NONE","seed_source_timestamp":977749024961535,"circlet_count":0,"master_deck":["AscendersBane","Defend_R","Defend_R","Defend_R","Defend_R+1","Bash+1","Carnage+1","Flame Barrier+1","Battle Trance+1","Anger","Offering","Metallicize+1","Shockwave+1","Demon Form+1","Bite","Bite","Bite","Bite","Second Wind+1","Shrug It Off+1","Reaper+1","Dark Embrace+1","Armaments+1","Apotheosis"],"special_seed":0,"relics":["Burning Blood","Tiny Chest","Centennial Puzzle","Strawberry","StoneCalendar","Odd Mushroom","Busted Crown","Incense Burner","Frozen Egg 2","Nilry\u0027s Codex","Dead Branch","Bronze Scales","Molten Egg 2","Torii","Medical Kit","Snecko Eye","Pocketwatch","Pen Nib","Gambling Chip","Anchor","Art of War"],"potions_floor_usage":[29,33,33,56,56],"damage_taken":[{"damage":6.0,"enemies":"Jaw Worm","floor":1.0,"turns":5.0},{"damage":0.0,"enemies":"Cultist","floor":3.0,"turns":3.0},{"damage":17.0,"enemies":"3 Sentries","floor":7.0,"turns":8.0},{"damage":3.0,"enemies":"2 Louse","floor":8.0,"turns":2.0},{"damage":6.0,"enemies":"Lagavulin","floor":11.0,"turns":3.0},{"damage":6.0,"enemies":"2 Fungi Beasts","floor":12.0,"turns":3.0},{"damage":17.0,"enemies":"The Mushroom Lair","floor":13.0,"turns":3.0},{"damage":6.0,"enemies":"Large Slime","floor":14.0,"turns":4.0},{"damage":16.0,"enemies":"Hexaghost","floor":16.0,"turns":7.0},{"damage":8.0,"enemies":"2 Thieves","floor":18.0,"turns":4.0},{"damage":25.0,"enemies":"Colosseum Slavers","floor":19.0,"turns":4.0},{"damage":11.0,"enemies":"Colosseum Nobs","floor":19.0,"turns":5.0},{"damage":22.0,"enemies":"Book of Stabbing","floor":24.0,"turns":5.0},{"damage":0,"enemies":"3 Byrds","floor":27,"turns":2},{"damage":14,"enemies":"Shelled Parasite and Fungi","floor":29,"turns":3},{"damage":39,"enemies":"Slavers","floor":30,"turns":6},{"damage":50,"enemies":"Collector","floor":33,"turns":7},{"damage":0,"enemies":"3 Darklings","floor":35,"turns":5},{"damage":1,"enemies":"Orb Walker","floor":36,"turns":3},{"damage":25,"enemies":"Transient","floor":37,"turns":6},{"damage":0,"enemies":"Maw","floor":38,"turns":6},{"damage":7,"enemies":"Writhing Mass","floor":39,"turns":10},{"damage":17,"enemies":"Giant Head","floor":40,"turns":7},{"damage":7,"enemies":"Spire Growth","floor":41,"turns":3},{"damage":7,"enemies":"Nemesis","floor":44,"turns":7},{"damage":2,"enemies":"3 Darklings","floor":45,"turns":5},{"damage":1,"enemies":"Mind Bloom Boss Battle","floor":47,"turns":7},{"damage":39,"enemies":"Donu and Deca","floor":50,"turns":7},{"damage":48,"enemies":"Awakened One","floor":51,"turns":10},{"damage":27,"enemies":"Shield and Spear","floor":55,"turns":7},{"damage":38,"enemies":"The Heart","floor":56,"turns":7}],"seed_played":"-4883373274275437521","potions_obtained":[{"floor":3.0,"key":"PowerPotion"},{"floor":8.0,"key":"Poison Potion"},{"floor":16.0,"key":"Strength Potion"},{"floor":19.0,"key":"Regen Potion"},{"floor":24,"key":"Explosive Potion"},{"floor":29,"key":"Regen Potion"},{"floor":37,"key":"Fire Potion"},{"floor":39,"key":"Fire Potion"},{"floor":44,"key":"PowerPotion"},{"floor":55,"key":"PowerPotion"}],"is_trial":false,"path_per_floor":["M","?","M","?","$","R","E","M","T","R","E","M","?","M","R","B",null,"M","?","?","?","?","R","E","T","T","M","R","M","E","$","R","B",null,"M","M","M","M","M","E","M","R","T","E","M","R","?","$","R","B","B",null,"R","$","E","B",null],"character_chosen":"IRONCLAD","items_purchased":["Battle Trance","Anger","Medical Kit","Shrug It Off","Anchor","Apotheosis"],"campfire_rested":1,"item_purchase_floors":[5,5,31,31,48,54],"current_hp_per_floor":[68,68,74,51,51,51,40,43,50,50,50,50,39,39,39,29,69,67,43,22,22,22,39,41,41,41,49,49,49,32,32,32,17,47,57,57,50,57,57,57,57,57,57,57,57,57,57,57,57,54,52,56,56,56,57,31],"gold":97,"neow_bonus":"RANDOM_COMMON_RELIC","is_prod":false,"is_daily":false,"chose_seed":false,"campfire_upgraded":8,"win_rate":0,"timestamp":1557703424,"path_taken":["M","?","?","?","$","R","E","M","T","R","E","M","?","M","R","BOSS","M","?","?","?","?","R","E","?","T","M","R","M","E","$","R","BOSS","M","M","M","M","M","E","M","R","T","E","M","R","?","$","R","BOSS","BOSS","R","$","E","BOSS"],"build_version":"2019-05-07","purchased_purges":2,"victory":true,"max_hp_per_floor":[75,75,75,75,75,75,75,75,82,82,82,82,82,82,82,82,82,82,82,82,82,57,57,57,57,57,57,57,57,57,57,57,57,57,57,57,57,57,57,57,57,57,57,57,57,57,57,57,57,57,57,57,57,57,57,57],"card_choices":[{"not_picked":["True Grit","Burning Pact"],"picked":"Carnage","floor":1.0},{"not_picked":["Sword Boomerang","Clash"],"picked":"Flame Barrier","floor":3.0},{"not_picked":["Burning Pact","Thunderclap"],"picked":"Offering","floor":7.0},{"not_picked":["Heavy Blade","Combust"],"picked":"Metallicize","floor":8.0},{"not_picked":["Pommel Strike","Clash","Thunderclap"],"picked":"SKIP","floor":11.0},{"not_picked":["Twin Strike","Seeing Red"],"picked":"Shockwave","floor":12.0},{"not_picked":["Entrench","Headbutt","Body Slam"],"picked":"SKIP","floor":14.0},{"not_picked":["Reaper","Dark Embrace"],"picked":"Demon Form","floor":16.0},{"not_picked":["Carnage"],"picked":"SKIP","floor":18.0},{"not_picked":["Inflame+1"],"picked":"SKIP","floor":24},{"not_picked":["Inflame+1"],"picked":"SKIP","floor":24},{"not_picked":["Thunderclap+1"],"picked":"SKIP","floor":27},{"not_picked":["Fire Breathing+1"],"picked":"SKIP","floor":29},{"not_picked":[],"picked":"Second Wind+1","floor":30},{"not_picked":[],"picked":"Reaper+1","floor":33},{"not_picked":["Clash+1"],"picked":"SKIP","floor":35},{"not_picked":["Perfected Strike+1"],"picked":"SKIP","floor":36},{"not_picked":["Clothesline+1"],"picked":"SKIP","floor":37},{"not_picked":["Twin Strike+1"],"picked":"SKIP","floor":38},{"not_picked":[],"picked":"Dark Embrace+1","floor":39},{"not_picked":[],"picked":"Armaments+1","floor":40},{"not_picked":["Reckless Charge+1"],"picked":"SKIP","floor":41},{"not_picked":["Rampage+1"],"picked":"SKIP","floor":44},{"not_picked":["Bloodletting+1"],"picked":"SKIP","floor":45},{"not_picked":["Metallicize+1"],"picked":"SKIP","floor":55}],"player_experience":1255650,"relics_obtained":[{"floor":7.0,"key":"Centennial Puzzle"},{"floor":9.0,"key":"Strawberry"},{"floor":11.0,"key":"StoneCalendar"},{"floor":13.0,"key":"Odd Mushroom"},{"floor":19.0,"key":"Incense Burner"},{"floor":19.0,"key":"Frozen Egg 2"},{"floor":20.0,"key":"Nilry\u0027s Codex"},{"floor":24,"key":"Dead Branch"},{"floor":25,"key":"Bronze Scales"},{"floor":26,"key":"Molten Egg 2"},{"floor":30,"key":"Torii"},{"floor":40,"key":"Pocketwatch"},{"floor":44,"key":"Pen Nib"},{"floor":47,"key":"Gambling Chip"},{"floor":55,"key":"Art of War"}],"event_choices":[{"cards_removed":["Strike_R"],"damage_healed":0.0,"max_hp_gain":0.0,"max_hp_loss":0.0,"gold_gain":0.0,"event_name":"Bonfire Elementals","player_choice":"Offered Basic","floor":2.0,"gold_loss":0.0,"damage_taken":0.0},{"damage_healed":0.0,"max_hp_gain":0.0,"max_hp_loss":0.0,"gold_gain":0.0,"event_name":"Shining Light","player_choice":"Entered Light","floor":4.0,"gold_loss":0.0,"damage_taken":23.0,"cards_upgraded":["Strike_R","Defend_R"]},{"damage_healed":0.0,"max_hp_gain":0.0,"max_hp_loss":0.0,"gold_gain":0.0,"event_name":"Mushrooms","player_choice":"Fought Mushrooms","floor":13.0,"gold_loss":0.0,"damage_taken":0.0},{"damage_healed":0.0,"max_hp_gain":0.0,"max_hp_loss":0.0,"gold_gain":0.0,"event_name":"Colosseum","player_choice":"Fight","floor":19.0,"gold_loss":0.0,"damage_taken":0.0},{"damage_healed":0.0,"max_hp_gain":0.0,"max_hp_loss":0.0,"gold_gain":0.0,"event_name":"Colosseum","player_choice":"Fought Nobs","floor":19.0,"gold_loss":0.0,"damage_taken":0.0},{"damage_healed":0.0,"max_hp_gain":0.0,"max_hp_loss":0.0,"gold_gain":0.0,"event_name":"Cursed Tome","player_choice":"Obtained Book","floor":20.0,"gold_loss":0.0,"damage_taken":21.0},{"damage_healed":0.0,"max_hp_gain":0.0,"max_hp_loss":0.0,"gold_gain":0.0,"event_name":"Forgotten Altar","player_choice":"Smashed Altar","floor":21.0,"gold_loss":0.0,"damage_taken":0.0,"cards_obtained":["Decay"]},{"damage_healed":0.0,"max_hp_gain":0.0,"max_hp_loss":25.0,"gold_gain":0.0,"event_name":"Vampires","player_choice":"Became a vampire","floor":22.0,"gold_loss":0.0,"damage_taken":0.0,"cards_obtained":["Bite","Bite","Bite","Bite","Bite"]},{"damage_healed":0,"gold_gain":0,"player_choice":"Fight","damage_taken":0,"max_hp_gain":0,"max_hp_loss":0,"event_name":"MindBloom","floor":47,"gold_loss":0}],"is_beta":true,"boss_relics":[{"not_picked":["Lizard Tail","Orrery"],"picked":"Busted Crown"},{"not_picked":["Black Star","White Beast Statue"],"picked":"Snecko Eye"}],"items_purged_floors":[31,48],"is_endless":false,"potions_floor_spawned":[3,8,13,16,19,19,24,29,37,39,44,45,55],"ascension_level":20}