{"gold_per_floor":[118,137,150,75,90,90,120,131,131,131,131,31,74,88,88,183,183,196,209,229,19,19,19,34,34],"floor_reached":25,"playtime":1159,"items_purged":["Strike_R","Strike_R","Strike_R"],"score":409,"play_id":"1889cbbb-3126-4c06-935a-e166919bc6d9","local_time":"20190428182935","is_ascension_mode":true,"campfire_choices":[{"data":"Armaments","floor":6,"key":"SMITH"},{"floor":15,"key":"REST"},{"floor":23,"key":"REST"}],"neow_cost":"NONE","seed_source_timestamp":1458632911835793,"circlet_count":0,"master_deck":["AscendersBane","Strike_R","Strike_R","Defend_R","Defend_R","Defend_R","Defend_R","Bash+1","Pommel Strike","Armaments+1","Metallicize","Twin Strike","Whirlwind","Demon Form","True Grit","Fiend Fire","Intimidate","Heavy Blade","Evolve"],"relics":["Burning Blood","Calipers","Torii","Golden Idol","Pocketwatch","Nunchaku","Mark of Pain","Darkstone Periapt"],"potions_floor_usage":[13,16,20],"damage_taken":[{"damage":4,"enemies":"Small Slimes","floor":1,"turns":4},{"damage":6,"enemies":"2 Louse","floor":2,"turns":3},{"damage":1,"enemies":"Cultist","floor":3,"turns":3},{"damage":12,"enemies":"Red Slaver","floor":5,"turns":5},{"damage":39,"enemies":"3 Sentries","floor":7,"turns":13},{"damage":0,"enemies":"Lots of Slimes","floor":8,"turns":1},{"damage":19,"enemies":"Gremlin Nob","floor":13,"turns":4},{"damage":17,"enemies":"Gremlin Gang","floor":14,"turns":6},{"damage":31,"enemies":"Slime Boss","floor":16,"turns":7},{"damage":14,"enemies":"Spheric Guardian","floor":18,"turns":6},{"damage":8,"enemies":"Chosen","floor":19,"turns":5},{"damage":36,"enemies":"Sentry and Sphere","floor":20,"turns":6},{"damage":9,"enemies":"Chosen and Byrds","floor":24,"turns":7},{"damage":52,"enemies":"Cultist and Chosen","floor":25,"turns":6}],"seed_played":"-3680243700536389042","potions_obtained":[{"floor":2,"key":"EssenceOfSteel"},{"floor":8,"key":"Weak Potion"},{"floor":14,"key":"Energy Potion"},{"floor":18,"key":"Strength Potion"},{"floor":19,"key":"BloodPotion"}],"is_trial":false,"path_per_floor":["M","M","M","$","M","R","E","M","T","?","?","$","E","M","R","B",null,"M","M","M","$","T","R","M","M"],"character_chosen":"IRONCLAD","items_purchased":["Evolve"],"campfire_rested":2,"item_purchase_floors":[21],"current_hp_per_floor":[70,70,75,75,69,69,36,42,42,42,42,42,29,18,38,13,54,46,44,20,20,20,40,37,0],"gold":34,"neow_bonus":"UPGRADE_CARD","is_prod":false,"is_daily":false,"chose_seed":false,"campfire_upgraded":1,"win_rate":0,"timestamp":1556468975,"path_taken":["M","M","M","$","M","R","E","M","T","?","?","$","E","M","R","BOSS","M","M","?","$","?","R","M","?"],"build_version":"2019-01-23","purchased_purges":3,"victory":false,"max_hp_per_floor":[75,75,75,75,75,75,75,75,75,68,68,68,68,68,68,68,68,68,68,68,68,68,68,68,68],"card_choices":[{"not_picked":["Heavy Blade","Wild Strike"],"picked":"Pommel Strike","floor":1},{"not_picked":["Anger","Perfected Strike"],"picked":"Armaments","floor":2},{"not_picked":["Headbutt","Armaments"],"picked":"Metallicize","floor":3},{"not_picked":["Sentinel","Body Slam"],"picked":"Twin Strike","floor":5},{"not_picked":["Iron Wave","True Grit"],"picked":"Whirlwind","floor":7},{"not_picked":["Dual Wield","Bloodletting","Carnage"],"picked":"SKIP","floor":8},{"not_picked":["Thunderclap","Warcry"],"picked":"Demon Form","floor":13},{"not_picked":["Seeing Red","Clothesline"],"picked":"True Grit","floor":14},{"not_picked":["Double Tap","Berserk"],"picked":"Fiend Fire","floor":16},{"not_picked":["Clothesline","Perfected Strike"],"picked":"Intimidate","floor":18},{"not_picked":["Blood for Blood","Perfected Strike","Pommel Strike+1"],"picked":"SKIP","floor":19},{"not_picked":["Thunderclap","Flex"],"picked":"Heavy Blade","floor":20},{"not_picked":["Seeing Red","Infernal Blade+1","Rampage+1"],"picked":"SKIP","floor":24}],"player_experience":525106,"relics_obtained":[{"floor":7,"key":"Calipers"},{"floor":9,"key":"Torii"},{"floor":13,"key":"Nunchaku"},{"floor":22,"key":"Darkstone Periapt"}],"event_choices":[{"damage_healed":0,"gold_gain":0,"player_choice":"Lose Max HP","damage_taken":0,"relics_obtained":["Golden Idol"],"max_hp_gain":0,"max_hp_loss":7,"event_name":"Golden Idol","floor":10,"gold_loss":0},{"damage_healed":0,"gold_gain":0,"player_choice":"Gave Potion","damage_taken":0,"relics_obtained":["Pocketwatch"],"max_hp_gain":0,"max_hp_loss":0,"event_name":"WeMeetAgain","floor":11,"gold_loss":0}],"is_beta":false,"boss_relics":[{"not_picked":["Astrolabe","Black Blood"],"picked":"Mark of Pain"}],"items_purged_floors":[4,12,21],"is_endless":false,"potions_floor_spawned":[2,8,14,18,19],"killed_by":"Cultist and Chosen","ascension_level":18}