{"gold_per_floor":[119,130,53,64,81,81,110,110,110,156,191,191,211,10,10,89,89,108,68,68,68,68,98,116,116,116,116,116,142,156,188,188,263,263,277,146,146,162,180,180,193,193],"floor_reached":42,"playtime":1272,"items_purged":["Bite"],"score":928,"play_id":"d8ae40b1-e6ec-4159-96a1-e938e61c365e","local_time":"20190601112837","is_ascension_mode":true,"campfire_choices":[{"data":"Bash","floor":6,"key":"SMITH"},{"data":"Carnage","floor":8,"key":"SMITH"},{"data":"Mayhem","floor":15,"key":"SMITH"},{"data":"Spot Weakness","floor":25,"key":"SMITH"},{"data":"Disarm","floor":27,"key":"SMITH"},{"data":"Metallicize","floor":32,"key":"SMITH"},{"data":"Limit Break","floor":40,"key":"SMITH"}],"neow_cost":"NONE","seed_source_timestamp":1340470421002714,"circlet_count":0,"master_deck":["AscendersBane","Defend_R","Defend_R","Defend_R","Defend_R","Bash+1","Ghostly Armor","Intimidate","Battle Trance","Metallicize+1","Carnage+1","Anger","Immolate","Disarm+1","Mayhem+1","Reaper","Headbutt+1","Feel No Pain","Bite","Bite","Bite","Spot Weakness+1","Havoc+1","Shrug It Off","Limit Break+1","True Grit","Body Slam+1"],"relics":["Burning Blood","NeowsBlessing","Bag of Marbles","Sundial","Art of War","Ginger","Runic Pyramid","Molten Egg 2","Gremlin Horn","Centennial Puzzle","Ornamental Fan","Ancient Tea Set","Busted Crown"],"potions_floor_usage":[5,7,18,23,31,42],"damage_taken":[{"damage":0,"enemies":"Cultist","floor":1,"turns":1},{"damage":0,"enemies":"2 Louse","floor":2,"turns":1},{"damage":0,"enemies":"Small Slimes","floor":4,"turns":1},{"damage":1,"enemies":"Looter","floor":5,"turns":4},{"damage":20,"enemies":"3 Sentries","floor":7,"turns":8},{"damage":11,"enemies":"Gremlin Nob","floor":11,"turns":3},{"damage":0,"enemies":"Lots of Slimes","floor":13,"turns":1},{"damage":20,"enemies":"Hexaghost","floor":16,"turns":8},{"damage":18,"enemies":"3 Byrds","floor":18,"turns":6},{"damage":35,"enemies":"Slavers","floor":23,"turns":3},{"damage":20,"enemies":"Chosen","floor":24,"turns":6},{"damage":30,"enemies":"Book of Stabbing","floor":29,"turns":4},{"damage":8,"enemies":"Centurion and Healer","floor":30,"turns":6},{"damage":11,"enemies":"Gremlin Leader","floor":31,"turns":5},{"damage":33,"enemies":"Champ","floor":33,"turns":9},{"damage":25,"enemies":"3 Darklings","floor":35,"turns":5},{"damage":11,"enemies":"3 Shapes","floor":38,"turns":7},{"damage":48,"enemies":"Jaw Worm Horde","floor":39,"turns":5},{"damage":52,"enemies":"4 Shapes","floor":41,"turns":9},{"damage":30,"enemies":"Nemesis","floor":42,"turns":2}],"seed_played":"8842420923089877354","potions_obtained":[{"floor":4,"key":"Poison Potion"},{"floor":5,"key":"AttackPotion"},{"floor":11,"key":"Energy Potion"},{"floor":12,"key":"Fire Potion"},{"floor":23,"key":"BloodPotion"},{"floor":24,"key":"AttackPotion"},{"floor":30,"key":"SmokeBomb"},{"floor":33,"key":"SpeedPotion"}],"is_trial":false,"path_per_floor":["M","M","$","M","M","R","E","R","T","T","E","?","M","$","R","B",null,"M","$","?","$","?","E","M","R","T","R","?","E","M","E","R","B",null,"M","$","?","M","M","R","M","E"],"character_chosen":"IRONCLAD","items_purchased":["Battle Trance","Mayhem","Feel No Pain","True Grit"],"campfire_rested":0,"item_purchase_floors":[3,14,19,36],"current_hp_per_floor":[74,75,75,75,75,75,61,61,61,61,56,56,62,62,62,48,68,62,62,52,52,52,25,35,35,35,35,35,17,52,51,51,51,52,52,52,52,51,52,52,23,0],"gold":193,"neow_bonus":"THREE_ENEMY_KILL","is_prod":false,"is_daily":false,"chose_seed":false,"campfire_upgraded":7,"win_rate":0,"timestamp":1559413717,"path_taken":["M","?","$","?","M","R","E","R","T","?","E","?","M","$","R","BOSS","M","$","?","$","?","E","M","R","T","R","?","E","M","E","R","BOSS","M","?","?","M","M","R","M","E"],"build_version":"2019-05-31","purchased_purges":1,"victory":false,"max_hp_per_floor":[75,75,75,75,75,75,75,75,75,75,75,75,75,75,75,75,75,75,75,52,52,52,52,52,52,52,52,52,52,52,52,52,52,52,52,52,52,52,52,52,52,52],"card_choices":[{"not_picked":["Heavy Blade","Flex"],"picked":"Ghostly Armor","floor":1},{"not_picked":["Flex","Second Wind"],"picked":"Intimidate","floor":2},{"not_picked":["Second Wind","Thunderclap"],"picked":"Metallicize","floor":4},{"not_picked":["Shrug It Off","Thunderclap"],"picked":"Carnage","floor":5},{"not_picked":["Sever Soul","Body Slam"],"picked":"Anger","floor":7},{"not_picked":["Twin Strike","True Grit"],"picked":"Immolate","floor":11},{"not_picked":["Iron Wave","Headbutt"],"picked":"Disarm","floor":13},{"not_picked":["Dark Embrace","Double Tap"],"picked":"Reaper","floor":16},{"not_picked":["Intimidate","Thunderclap"],"picked":"Headbutt+1","floor":18},{"not_picked":["Body Slam","Cleave","Blood for Blood"],"picked":"SKIP","floor":23},{"not_picked":["Flex","Dual Wield"],"picked":"Spot Weakness","floor":24},{"not_picked":["Pommel Strike+1","Double Tap"],"picked":"Havoc+1","floor":29},{"not_picked":["Bloodletting","Reckless Charge+1"],"picked":"Shrug It Off","floor":30},{"not_picked":["Hemokinesis+1","Heavy Blade+1","Perfected Strike+1"],"picked":"SKIP","floor":31},{"not_picked":["Barricade","Offering"],"picked":"Limit Break","floor":33},{"not_picked":["Spot Weakness"],"picked":"SKIP","floor":35},{"not_picked":[],"picked":"Body Slam+1","floor":38},{"not_picked":["Sever Soul+1"],"picked":"SKIP","floor":39},{"not_picked":["Uppercut+1"],"picked":"SKIP","floor":41}],"player_experience":1290333,"relics_obtained":[{"floor":7,"key":"Bag of Marbles"},{"floor":9,"key":"Sundial"},{"floor":10,"key":"Art of War"},{"floor":11,"key":"Ginger"},{"floor":23,"key":"Molten Egg 2"},{"floor":26,"key":"Gremlin Horn"},{"floor":29,"key":"Ornamental Fan"},{"floor":31,"key":"Ancient Tea Set"}],"event_choices":[{"damage_healed":0,"gold_gain":0,"player_choice":"Got Potions","damage_taken":0,"max_hp_gain":0,"max_hp_loss":0,"event_name":"Lab","floor":12,"gold_loss":0},{"damage_healed":0,"gold_gain":0,"player_choice":"Became a vampire","damage_taken":0,"max_hp_gain":0,"max_hp_loss":23,"event_name":"Vampires","floor":20,"gold_loss":0,"cards_obtained":["Bite","Bite","Bite","Bite","Bite"]},{"damage_healed":0,"gold_gain":0,"player_choice":"Ignored","damage_taken":0,"max_hp_gain":0,"max_hp_loss":0,"event_name":"Ghosts","floor":22,"gold_loss":0},{"damage_healed":0,"gold_gain":0,"player_choice":"Gave Potion","damage_taken":0,"relics_obtained":["Centennial Puzzle"],"max_hp_gain":0,"max_hp_loss":0,"event_name":"WeMeetAgain","floor":28,"gold_loss":0},{"cards_removed":["Bite"],"damage_healed":5,"gold_gain":0,"player_choice":"Offered Special","damage_taken":0,"max_hp_gain":0,"max_hp_loss":0,"event_name":"Bonfire Elementals","floor":37,"gold_loss":0}],"is_beta":true,"boss_relics":[{"not_picked":["Coffee Dripper","Ectoplasm"],"picked":"Runic Pyramid"},{"not_picked":["Black Blood","Lizard Tail"],"picked":"Busted Crown"}],"items_purged_floors":[36],"is_endless":false,"potions_floor_spawned":[4,5,11,13,23,24,30,33],"killed_by":"Nemesis","ascension_level":20}