{"gold_per_floor":[219,236,33,33,45,45,60,60,60,89,89,123,141,158,158,236,236,254,254,270,270,283,283,283],"floor_reached":24,"playtime":853,"items_purged":[],"score":416,"play_id":"2bd7b3da-2e6d-4ee7-b278-e484102817d5","local_time":"20190426211542","is_ascension_mode":true,"campfire_choices":[{"data":"Neutralize","floor":6,"key":"SMITH"},{"floor":11,"key":"REST"},{"data":"Noxious Fumes","floor":15,"key":"SMITH"},{"data":"Leg Sweep","floor":23,"key":"SMITH"}],"neow_cost":"NONE","seed_source_timestamp":988079785699898,"circlet_count":0,"master_deck":["AscendersBane","Defend_G+1","Defend_G+1","Defend_G+1","Defend_G+1","Defend_G+1","Strike_G+1","Strike_G+1","Strike_G+1","Strike_G+1","Survivor","Neutralize+1","Leg Sweep+1","Deadly Poison","Noxious Fumes+1","Dash","Skewer","Masterful Stab","Backflip","Die Die Die","Backflip","Ghostly","Ghostly","Ghostly"],"relics":["Ring of the Snake","Singing Bowl","Frozen Egg 2","Centennial Puzzle","Coffee Dripper"],"potions_floor_usage":[10,16,16],"damage_taken":[{"damage":1,"enemies":"Small Slimes","floor":1,"turns":5},{"damage":0,"enemies":"Cultist","floor":2,"turns":5},{"damage":2,"enemies":"2 Louse","floor":5,"turns":3},{"damage":9,"enemies":"Large Slime","floor":7,"turns":7},{"damage":19,"enemies":"3 Sentries","floor":10,"turns":9},{"damage":30,"enemies":"Gremlin Nob","floor":12,"turns":6},{"damage":0,"enemies":"Looter","floor":13,"turns":4},{"damage":0,"enemies":"2 Fungi Beasts","floor":14,"turns":3},{"damage":19,"enemies":"Hexaghost","floor":16,"turns":11},{"damage":19,"enemies":"Spheric Guardian","floor":18,"turns":6},{"damage":16,"enemies":"3 Byrds","floor":20,"turns":7},{"damage":1,"enemies":"Centurion and Healer","floor":22,"turns":8},{"damage":26,"enemies":"Book of Stabbing","floor":24,"turns":7}],"seed_played":"7453627999090304756","potions_obtained":[{"floor":2,"key":"Swift Potion"},{"floor":7,"key":"PowerPotion"},{"floor":10,"key":"PowerPotion"},{"floor":20,"key":"Strength Potion"}],"is_trial":false,"path_per_floor":["M","M","$","?","M","R","M","$","T","E","R","E","M","M","R","B",null,"M","?","M","?","M","R","E"],"character_chosen":"THE_SILENT","items_purchased":["Noxious Fumes","Dash","Skewer"],"campfire_rested":1,"item_purchase_floors":[3,3,3],"current_hp_per_floor":[58,58,58,58,56,56,47,47,47,28,47,19,21,23,23,4,55,36,36,22,22,23,23,0],"gold":283,"neow_bonus":"HUNDRED_GOLD","is_prod":false,"is_daily":false,"chose_seed":false,"campfire_upgraded":3,"win_rate":0,"timestamp":1556338542,"path_taken":["M","M","$","?","M","R","M","$","T","E","R","E","M","?","R","BOSS","M","?","M","?","M","R","E"],"build_version":"2019-04-23","purchased_purges":0,"victory":false,"max_hp_per_floor":[66,66,66,66,66,66,66,66,66,66,66,68,70,72,72,72,72,72,36,38,38,40,40,40],"card_choices":[{"not_picked":["Blade Dance","Sucker Punch"],"picked":"Leg Sweep","floor":1},{"not_picked":["Distraction","Underhanded Strike"],"picked":"Deadly Poison","floor":2},{"not_picked":["Deadly Poison","Terror","Flying Knee"],"picked":"SKIP","floor":5},{"not_picked":["Outmaneuver","Flying Knee","Sucker Punch"],"picked":"SKIP","floor":7},{"not_picked":["Blur","Storm of Steel"],"picked":"Backflip","floor":10},{"not_picked":["Underhanded Strike","Calculated Gamble","Escape Plan"],"picked":"Singing Bowl","floor":12},{"not_picked":["Acrobatics","Deadly Poison","Poisoned Stab"],"picked":"Singing Bowl","floor":13},{"not_picked":["Deadly Poison","Masterful Stab","Choke"],"picked":"Singing Bowl","floor":14},{"not_picked":["Glass Knife","Tools of the Trade+1"],"picked":"Die Die Die","floor":16},{"not_picked":["Outmaneuver+1","Calculated Gamble"],"picked":"Backflip","floor":18},{"not_picked":["Prepared","Blade Dance","Outmaneuver+1"],"picked":"Singing Bowl","floor":20},{"not_picked":["Dodge and Roll","Riddle With Holes","Prepared"],"picked":"Singing Bowl","floor":22}],"player_experience":1194367,"relics_obtained":[{"floor":9,"key":"Singing Bowl"},{"floor":10,"key":"Frozen Egg 2"},{"floor":12,"key":"Centennial Puzzle"}],"event_choices":[{"damage_healed":0,"gold_gain":0,"cards_transformed":["Strike_G"],"player_choice":"Transformed","damage_taken":0,"max_hp_gain":0,"max_hp_loss":0,"event_name":"Transmorgrifier","floor":4,"gold_loss":0,"cards_obtained":["Masterful Stab"]},{"damage_healed":0,"gold_gain":0,"player_choice":"Became a Ghost","damage_taken":0,"max_hp_gain":0,"max_hp_loss":36,"event_name":"Ghosts","floor":19,"gold_loss":0,"cards_obtained":["Ghostly","Ghostly","Ghostly"]},{"damage_healed":0,"gold_gain":0,"player_choice":"Simplicity","damage_taken":0,"max_hp_gain":0,"max_hp_loss":0,"event_name":"Back to Basics","floor":21,"gold_loss":0,"cards_upgraded":["Defend_G","Defend_G","Defend_G","Defend_G","Defend_G","Strike_G","Strike_G","Strike_G","Strike_G"]}],"is_beta":true,"boss_relics":[{"not_picked":["Philosopher\u0027s Stone","Runic Pyramid"],"picked":"Coffee Dripper"}],"items_purged_floors":[],"is_endless":false,"potions_floor_spawned":[2,7,10,14,20],"killed_by":"Book of Stabbing","ascension_level":20}