{"path_per_floor":["M","$","M","?","M","R","M","R","T","R","M","M","M","$","R","B",null,"M","M","?","$","?","R","?","R","T","M","E","?","?","?","R","B",null,"M","?","M","M","$","R","T","?","T","M","M","M","R","?","R","B"],"character_chosen":"THE_SILENT","items_purchased":["Footwork","Footwork","Caltrops","Sucker Punch","Bag of Marbles"],"gold_per_floor":[109,33,53,53,71,71,83,83,108,108,122,140,158,13,13,114,114,83,97,97,60,60,60,60,60,60,72,105,105,105,105,105,208,208,223,223,238,258,60,60,60,60,60,77,97,113,113,113,113,113],"floor_reached":51,"campfire_rested":2,"playtime":4128,"current_hp_per_floor":[56,56,56,56,55,55,55,55,55,55,47,44,44,44,64,16,54,35,47,47,47,47,47,47,67,67,67,43,65,65,46,46,46,46,46,46,43,46,46,46,46,46,46,46,46,46,46,40,40,46],"items_purged":["Strike_G"],"gold":113,"score":734,"play_id":"de9d6f91-d914-4903-8616-4a31713c62d6","local_time":"20180303203114","is_prod":false,"is_daily":false,"is_ascension_mode":true,"campfire_upgraded":8,"timestamp":1520105474,"path_taken":["M","$","M","?","?","R","M","R","T","R","M","M","M","$","R","BOSS","M","M","?","$","?","R","?","R","T","M","E","?","?","?","R","BOSS","M","?","M","M","$","R","?","?","T","M","M","M","R","?","R","BOSS"],"build_version":"2018-03-01-PROD1","purchased_purges":1,"victory":true,"master_deck":["Defend_G+1","Defend_G+1","Defend_G+1","Defend_G+1","Survivor","Neutralize+1","Flying Knee+1","Footwork+1","Backflip+1","Flying Knee+1","Backflip","Footwork+1","After Image","Blur+1","Footwork","Caltrops+1","Escape Plan","Noxious Fumes+1","Bite+1","Bite","Bite","Bite+1","Bite","Burst+1","Quick Slash+1","Cloak And Dagger+1","Well Laid Plans","Sucker Punch+1","PiercingWail+1","Leg Sweep+1","Madness","Madness"],"max_hp_per_floor":[67,67,67,67,67,67,67,67,67,67,67,67,67,67,67,67,67,67,67,67,67,67,67,67,67,67,67,67,67,67,46,46,46,46,46,46,46,46,46,46,46,46,46,46,46,46,46,46,46,46],"relics":["Ring of the Snake","Juzu Bracelet","Sozu","Bird Faced Urn","Mummified Hand","Philosopher\u0027s Stone","Bag of Marbles","Whetstone","Ginger"],"card_choices":[{"not_picked":["Deflect","Bane"],"picked":"Flying Knee"},{"not_picked":["Bouncing Flask","Calculated Gamble"],"picked":"Backflip"},{"not_picked":["Corpse Explosion","Poisoned Stab"],"picked":"Flying Knee"},{"not_picked":["Skewer","Slice"],"picked":"Backflip"},{"not_picked":["Wraith Form","Corpse Explosion"],"picked":"After Image"},{"not_picked":["Crippling Poison","Expertise"],"picked":"Blur"},{"not_picked":["Predator","Blade Dance"],"picked":"Footwork"},{"not_picked":["Prepared","Dagger Throw"],"picked":"Escape Plan"},{"not_picked":["Crippling Poison","Cloak And Dagger"],"picked":"Noxious Fumes"},{"not_picked":["Storm of Steel","Unload"],"picked":"Burst"},{"not_picked":["Poisoned Stab","Prepared"],"picked":"Quick Slash"},{"not_picked":["Flying Knee","Masterful Stab"],"picked":"Cloak And Dagger"},{"not_picked":["Bane","Outmaneuver"],"picked":"Well Laid Plans"},{"not_picked":["Dodge and Roll","Leg Sweep"],"picked":"PiercingWail"},{"not_picked":["Underhanded Strike","Backflip"],"picked":"Leg Sweep"}],"player_experience":215838,"potions_floor_usage":[16,16,19,50],"damage_taken":[{"damage":7,"enemies":"Jaw Worm","floor":1,"turns":7},{"damage":0,"enemies":"Cultist","floor":3,"turns":4},{"damage":1,"enemies":"2 Louse","floor":5,"turns":3},{"damage":0,"enemies":"Red Slaver","floor":7,"turns":4},{"damage":8,"enemies":"3 Louse","floor":11,"turns":5},{"damage":3,"enemies":"2 Fungi Beasts","floor":12,"turns":4},{"damage":0,"enemies":"Large Slime","floor":13,"turns":8},{"damage":48,"enemies":"Slime Boss","floor":16,"turns":28},{"damage":19,"enemies":"2 Thieves","floor":18,"turns":5},{"damage":0,"enemies":"Shell Parasite","floor":19,"turns":12},{"damage":1,"enemies":"Chosen and Byrds","floor":27,"turns":11},{"damage":28,"enemies":"Gremlin Leader","floor":28,"turns":9},{"damage":9,"enemies":"Automaton","floor":33,"turns":14},{"damage":6,"enemies":"3 Darklings","floor":35,"turns":7},{"damage":8,"enemies":"Orb Walker","floor":37,"turns":5},{"damage":6,"enemies":"Maw","floor":38,"turns":10},{"damage":3,"enemies":"Sphere and 2 Shapes","floor":44,"turns":6},{"damage":5,"enemies":"3 Darklings","floor":45,"turns":5},{"damage":11,"enemies":"4 Shapes","floor":46,"turns":7},{"damage":36,"enemies":"Donu and Deca","floor":50,"turns":15}],"event_choices":[{"event_name":"Upgrade Shrine","player_choice":"Upgraded","floor":4,"damage_taken":0},{"event_name":"Accursed Blacksmith","player_choice":"Forge","floor":20,"damage_taken":0},{"event_name":"Back to Basics","player_choice":"Simplicity","floor":22,"damage_taken":0},{"event_name":"N\u0027loth","player_choice":"Ignored","floor":24,"damage_taken":0},{"event_name":"The Library","player_choice":"Heal","floor":29,"damage_taken":0},{"event_name":"Drug Dealer","player_choice":"Ignored","floor":30,"damage_taken":0},{"event_name":"Vampires","player_choice":"Became a vampire","floor":31,"damage_taken":0},{"event_name":"Tomb of Lord Red Mask","player_choice":"Ignored","floor":36,"damage_taken":0},{"event_name":"Winding Halls","player_choice":"Embrace Madness","floor":48,"damage_taken":0}],"boss_relics":[{"not_picked":["Astrolabe","Lizard Tail"],"picked":"Sozu"},{"not_picked":["Orrery","Pandora\u0027s Box"],"picked":"Philosopher\u0027s Stone"}],"potions_floor_spawned":[3,11,13,16,18,27,28,35,44,46],"seed_played":"-393988194626572853","ascension_level":11,"is_trial":false}