{"path_per_floor":["M","$","?","?","?","E","R","M","T","M","?","M","R","M","R","B",null,"M","M","?","?","M","?","R","$","T","R","?","R","M","M","R","B",null,"M","M","T","M","M","R","E","R","T","M","?","$","M","M","R","B"],"character_chosen":"THE_SILENT","items_purchased":["Caltrops","Bandage Up","Footwork","Dodecahedron","Whetstone","Dodge and Roll"],"gold_per_floor":[109,34,34,34,34,365,365,377,377,395,345,359,359,370,370,475,475,463,478,478,478,495,495,495,321,400,400,400,400,416,429,429,526,556,568,587,587,597,615,615,647,647,647,665,665,57,68,84,84,84],"floor_reached":51,"campfire_rested":0,"playtime":5377,"current_hp_per_floor":[63,63,63,56,56,56,56,56,56,58,58,44,44,46,46,39,62,66,70,70,70,69,69,69,69,69,69,69,69,70,69,69,53,71,75,75,75,62,66,66,72,72,72,65,65,65,74,75,75,75],"items_purged":["Strike_G","Acrobatics"],"gold":84,"score":767,"play_id":"e5f80f16-bc5b-4dda-8a75-d2f6a82900ba","is_prod":false,"is_daily":false,"is_ascension_mode":true,"campfire_upgraded":10,"path_taken":["M","$","?","?","?","E","R","M","T","M","?","M","R","?","R","BOSS","M","M","?","?","M","?","R","$","T","R","?","R","M","?","R","BOSS","M","?","?","M","?","R","E","R","T","M","?","$","M","M","R","BOSS"],"build_version":"2018-02-22-PROD2","purchased_purges":3,"victory":true,"master_deck":["Survivor","Neutralize+1","Quick Slash+1","Noxious Fumes+1","Backflip+1","Backflip+1","Footwork+1","Adrenaline+1","Escape Plan","PiercingWail","Backflip+1","Tools of the Trade+1","Leg Sweep+1","Caltrops+1","Malaise+1","Backstab+1","Die Die Die+1","PiercingWail+1","Slice+1","Bandage Up","Footwork","Dodge and Roll+1","Terror+1","Escape Plan+1"],"max_hp_per_floor":[70,70,70,70,70,70,70,70,70,70,70,70,70,70,70,70,70,70,70,70,70,70,70,70,70,70,70,70,70,70,70,70,70,75,75,75,75,75,75,75,75,75,75,75,75,75,75,75,75,75],"relics":["Ring of the Snake","NeowsBlessing","Old Coin","Bird Faced Urn","Pandora\u0027s Box","Matryoshka","Tiny House","Ginger","Dream Catcher","Bottled Flame","Vajra","Ice Cream","Dodecahedron","Whetstone"],"card_choices":[{"not_picked":["Flying Knee","Underhanded Strike"],"picked":"Quick Slash"},{"not_picked":["Concentrate","Dash"],"picked":"Noxious Fumes"},{"not_picked":["Poisoned Stab","Noxious Fumes"],"picked":"Backflip"},{"not_picked":["Reflex","PiercingWail"],"picked":"Backflip"},{"not_picked":["Dagger Throw","Setup"],"picked":"Footwork"},{"not_picked":["Night Terror","Doppelganger"],"picked":"Adrenaline"},{"not_picked":["Heel Hook","Deadly Poison"],"picked":"Backflip"},{"not_picked":["Calculated Gamble","Prepared"],"picked":"Tools of the Trade"},{"not_picked":["Outmaneuver","Underhanded Strike"],"picked":"Leg Sweep"},{"not_picked":["Sucker Punch","Catalyst"],"picked":"Malaise"},{"not_picked":["Underhanded Strike","Blade Dance"],"picked":"Backstab"},{"not_picked":["Tools of the Trade","Adrenaline"],"picked":"Die Die Die"},{"not_picked":["Poisoned Stab","Dagger Throw"],"picked":"PiercingWail"},{"not_picked":["Calculated Gamble","Setup"],"picked":"Slice"},{"not_picked":["Backflip","Backstab"],"picked":"Terror"},{"not_picked":["Sucker Punch","PiercingWail"],"picked":"Escape Plan"}],"player_experience":185829,"potions_floor_usage":[48,50,50],"damage_taken":[{"damage":0.0,"enemies":"2 Louse","floor":1.0,"turns":1.0},{"damage":0.0,"enemies":"3 Sentries","floor":6.0,"turns":2.0},{"damage":0.0,"enemies":"Jaw Worm","floor":8.0,"turns":1.0},{"damage":0.0,"enemies":"Cultist","floor":10.0,"turns":4.0},{"damage":16.0,"enemies":"Large Slime","floor":12.0,"turns":8.0},{"damage":0.0,"enemies":"3 Louse","floor":14.0,"turns":4.0},{"damage":11.0,"enemies":"The Guardian","floor":16.0,"turns":12.0},{"damage":0.0,"enemies":"2 Thieves","floor":18.0,"turns":4.0},{"damage":0.0,"enemies":"3 Byrds","floor":19.0,"turns":5.0},{"damage":1.0,"enemies":"3 Cultists","floor":22.0,"turns":7.0},{"damage":0.0,"enemies":"Snecko","floor":30.0,"turns":7.0},{"damage":1.0,"enemies":"Snake Plant","floor":31.0,"turns":5.0},{"damage":19.0,"enemies":"Collector","floor":33.0,"turns":15.0},{"damage":0.0,"enemies":"Orb Walker","floor":35.0,"turns":6.0},{"damage":0.0,"enemies":"3 Shapes","floor":36.0,"turns":4.0},{"damage":15.0,"enemies":"Sphere and 2 Shapes","floor":38.0,"turns":7.0},{"damage":4.0,"enemies":"3 Darklings","floor":39.0,"turns":5.0},{"damage":2.0,"enemies":"Nemesis","floor":41.0,"turns":13.0},{"damage":14,"enemies":"Maw","floor":44,"turns":9},{"damage":5,"enemies":"4 Shapes","floor":47,"turns":7},{"damage":0,"enemies":"3 Darklings","floor":48,"turns":6},{"damage":3,"enemies":"Awakened One","floor":50,"turns":28}],"event_choices":[{"event_name":"Living Wall","player_choice":"Forget","floor":3.0,"damage_taken":0.0},{"event_name":"Golden Wing","player_choice":"Card Removal","floor":4.0,"damage_taken":0.0},{"event_name":"Bonfire Elementals","player_choice":"BASIC","floor":5.0,"damage_taken":0.0},{"event_name":"The Cleric","player_choice":"Card Removal","floor":11.0,"damage_taken":0.0},{"event_name":"The Woman in Blue","player_choice":"Bought 0 Potions","floor":20.0,"damage_taken":0.0},{"event_name":"Back to Basics","player_choice":"Elegance","floor":21.0,"damage_taken":0.0},{"event_name":"Drug Dealer","player_choice":"Ignored","floor":23.0,"damage_taken":0.0},{"event_name":"Purifier","player_choice":"One Purge","floor":28.0,"damage_taken":0.0},{"event_name":"Mysterious Sphere","player_choice":"Ignore","floor":45,"damage_taken":0}],"boss_relics":[],"potions_floor_spawned":[10,12,19,33,35,38,41,48],"seed_played":"-6319045409859063439","ascension_level":9,"is_trial":false}