{"path_per_floor":["M","T","?","M","M","R","M","M","T","E","M","?","$","$","R","B",null,"M","?","$","M","$","R","?","R","T","?","E","T","R","$","R","B",null,"M","M","?","?","M","R","M","$","T","M","$","R","E","M","R"],"character_chosen":"THE_SILENT","items_purchased":["Toxic Egg 2","Backflip","Caltrops","Footwork","Block Potion"],"gold_per_floor":[148,200,200,212,226,226,236,253,308,338,356,306,29,29,29,130,130,148,63,25,44,44,44,44,44,71,71,99,145,145,1,1,102,102,116,134,0,0,12,12,31,31,57,74,26,26,61,76,76],"floor_reached":50,"campfire_rested":2,"playtime":4067,"current_hp_per_floor":[63,63,49,49,49,49,36,34,34,16,14,14,14,14,35,5,54,56,56,56,44,44,44,68,68,68,68,59,59,59,59,59,13,59,59,59,59,50,44,44,59,59,59,59,59,59,14,9,46],"items_purged":["Strike_G"],"gold":76,"score":594,"play_id":"879152cc-edb6-4260-b4eb-6ff4cdfb3113","is_prod":false,"is_daily":false,"is_ascension_mode":true,"campfire_upgraded":7,"path_taken":["M","?","?","M","M","R","M","M","T","E","M","?","?","$","R","BOSS","M","?","$","M","?","R","?","R","T","?","E","?","R","?","R","BOSS","M","?","?","?","M","R","?","?","T","M","$","R","E","M","R","BOSS"],"build_version":"2018-02-22-PROD2","purchased_purges":1,"victory":false,"master_deck":["Defend_G","Defend_G","Defend_G+1","Defend_G","Strike_G+1","Survivor","Neutralize+1","Cloak And Dagger","Well Laid Plans","PiercingWail","Caltrops+1","Dash+1","Quick Slash+1","Backflip+1","Die Die Die","Caltrops+1","Burst+1","Footwork+1","Adrenaline+1","Underhanded Strike+1","Cloak And Dagger+1","Calculated Gamble+1","Noxious Fumes","Dagger Spray+1","Madness+1","Madness+1","Sucker Punch+1","Noxious Fumes+1","Dagger Throw+1","Dodge and Roll+1"],"max_hp_per_floor":[70,70,70,70,70,70,70,70,70,70,70,70,70,70,70,70,70,72,72,72,74,74,74,74,74,74,74,74,74,74,74,74,74,74,74,74,74,74,76,76,76,76,76,76,76,76,76,76,76],"relics":["Ring of the Snake","Tiny Chest","Anchor","Singing Bowl","Toxic Egg 2","Snecko Eye","Gremlin Horn","Omamori","Nloth\u0027s Gift","Oddly Smooth Stone","Art of War","Astrolabe","Red Mask","Lantern","Regal Pillow"],"card_choices":[{"not_picked":["Deadly Poison","Bane"],"picked":"Cloak And Dagger"},{"not_picked":["Deadly Poison","Poisoned Stab"],"picked":"Well Laid Plans"},{"not_picked":["Finisher","Blade Dance"],"picked":"PiercingWail"},{"not_picked":["Envenom","Bane"],"picked":"Caltrops"},{"not_picked":["Die Die Die","Poisoned Stab"],"picked":"Dash"},{"not_picked":["Prepared","Deadly Poison"],"picked":"Quick Slash"},{"not_picked":["Grand Finale","Glass Knife"],"picked":"Die Die Die"},{"not_picked":["Prepared","Venomology"],"picked":"Burst"},{"not_picked":["A Thousand Cuts","Grand Finale"],"picked":"Adrenaline"},{"not_picked":["PiercingWail","Reflex"],"picked":"Noxious Fumes"},{"not_picked":["Underhanded Strike","Deflect"],"picked":"Dagger Spray"},{"not_picked":["Cloak And Dagger","Expertise"],"picked":"Sucker Punch"},{"not_picked":["Bouncing Flask","Bane"],"picked":"Noxious Fumes"},{"not_picked":["Outmaneuver","Storm of Steel"],"picked":"Dagger Throw"},{"not_picked":["Slice","Malaise"],"picked":"Dodge and Roll"}],"player_experience":154185,"potions_floor_usage":[10,41,44,47,50],"damage_taken":[{"damage":0,"enemies":"Cultist","floor":1,"turns":4},{"damage":0,"enemies":"Small Slimes","floor":4,"turns":4},{"damage":0,"enemies":"2 Louse","floor":5,"turns":3},{"damage":13,"enemies":"Lots of Slimes","floor":7,"turns":6},{"damage":2,"enemies":"Looter","floor":8,"turns":3},{"damage":18,"enemies":"Gremlin Nob","floor":10,"turns":4},{"damage":2,"enemies":"Exordium Wildlife","floor":11,"turns":6},{"damage":30,"enemies":"Hexaghost","floor":16,"turns":13},{"damage":0,"enemies":"3 Byrds","floor":18,"turns":3},{"damage":14,"enemies":"Shell Parasite","floor":21,"turns":7},{"damage":9,"enemies":"Book of Stabbing","floor":28,"turns":5},{"damage":46,"enemies":"Collector","floor":33,"turns":17},{"damage":0,"enemies":"3 Darklings","floor":35,"turns":5},{"damage":0,"enemies":"Orb Walker","floor":36,"turns":4},{"damage":8,"enemies":"Maw","floor":39,"turns":11},{"damage":0,"enemies":"4 Shapes","floor":41,"turns":7},{"damage":0,"enemies":"3 Darklings","floor":44,"turns":3},{"damage":45,"enemies":"Giant Head","floor":47,"turns":11},{"damage":5,"enemies":"Maw","floor":48,"turns":8},{"damage":47,"enemies":"Donu and Deca","floor":50,"turns":6}],"event_choices":[{"event_name":"Shining Light","player_choice":"Entered Light","floor":3,"damage_taken":0},{"event_name":"The Cleric","player_choice":"Card Removal","floor":12,"damage_taken":0},{"event_name":"Addict","player_choice":"Obtained Relic","floor":19,"damage_taken":0},{"event_name":"The Library","player_choice":"Heal","floor":24,"damage_taken":0},{"event_name":"N\u0027loth","player_choice":"Traded a Juzu Bracelet","floor":27,"damage_taken":0},{"event_name":"Tomb of Lord Red Mask","player_choice":"Paid","floor":37,"damage_taken":0},{"event_name":"Winding Halls","player_choice":"Embrace Madness","floor":38,"damage_taken":0}],"boss_relics":[{"not_picked":["Runic Pyramid","White Beast Statue"],"picked":"Snecko Eye"},{"not_picked":["Black Star","Pandora\u0027s Box"],"picked":"Astrolabe"}],"potions_floor_spawned":[4,5,7,8,21,33,36,39],"seed_played":"4891808583774121488","killed_by":"Donu and Deca","ascension_level":6,"is_trial":false}