{"gold_per_floor":[18,18,31,44,63,63,92,17,17,17,29,29,29,29,29,29],"floor_reached":16,"playtime":434,"items_purged":[],"score":190,"play_id":"63504bad-22b7-4177-a400-d9459672183f","local_time":"20190425202700","is_ascension_mode":true,"campfire_choices":[{"data":"Pommel Strike","floor":6,"key":"SMITH"},{"data":"Demon Form","floor":10,"key":"SMITH"},{"data":"Bash","floor":13,"key":"SMITH"},{"data":"Blind","floor":15,"key":"SMITH"}],"neow_cost":"NO_GOLD","seed_source_timestamp":1207189478577811,"circlet_count":0,"master_deck":["AscendersBane","Strike_R","Strike_R","Strike_R+1","Defend_R+1","Defend_R","Defend_R","Defend_R","Bash+1","Blind+1","Impatience","Sword Boomerang","Pommel Strike+1","Clothesline","Demon Form+1","Shockwave"],"relics":["Burning Blood","Dodecahedron","Letter Opener"],"potions_floor_usage":[7],"damage_taken":[{"damage":11,"enemies":"2 Louse","floor":1,"turns":3},{"damage":8,"enemies":"Small Slimes","floor":3,"turns":4},{"damage":0,"enemies":"Cultist","floor":4,"turns":3},{"damage":7,"enemies":"Blue Slaver","floor":5,"turns":4},{"damage":6,"enemies":"Gremlin Nob","floor":7,"turns":3},{"damage":4,"enemies":"Exordium Thugs","floor":11,"turns":4},{"damage":41,"enemies":"The Guardian","floor":16,"turns":8}],"seed_played":"-6214529031025710871","potions_obtained":[{"floor":3,"key":"SpeedPotion"},{"floor":4,"key":"Ancient Potion"},{"floor":5,"key":"PowerPotion"}],"is_trial":false,"path_per_floor":["M","?","M","M","M","R","E","?","T","R","M","$","R","?","R","B"],"character_chosen":"IRONCLAD","items_purchased":[],"campfire_rested":0,"item_purchase_floors":[],"current_hp_per_floor":[63,40,38,44,43,43,43,43,43,43,45,45,45,38,38,0],"gold":29,"neow_bonus":"RANDOM_COLORLESS_2","is_prod":false,"is_daily":false,"chose_seed":false,"campfire_upgraded":4,"win_rate":0,"timestamp":1556216820,"path_taken":["M","?","M","M","M","R","E","?","T","R","M","$","R","?","R","BOSS"],"build_version":"2019-01-23","purchased_purges":0,"victory":false,"max_hp_per_floor":[75,75,75,75,75,75,75,75,75,75,75,75,75,75,75,75],"card_choices":[{"not_picked":["Armaments","Body Slam"],"picked":"Sword Boomerang","floor":1},{"not_picked":["Headbutt","Clash"],"picked":"Pommel Strike","floor":3},{"not_picked":["Headbutt","Havoc"],"picked":"Clothesline","floor":4},{"not_picked":["Warcry","Body Slam","Second Wind"],"picked":"SKIP","floor":5},{"not_picked":["Warcry","Clash"],"picked":"Demon Form","floor":7},{"not_picked":["Uppercut","Iron Wave"],"picked":"Shockwave","floor":11}],"player_experience":524114,"relics_obtained":[{"floor":7,"key":"Dodecahedron"},{"floor":9,"key":"Letter Opener"}],"event_choices":[{"damage_healed":0,"gold_gain":0,"player_choice":"Entered Light","damage_taken":23,"max_hp_gain":0,"max_hp_loss":0,"event_name":"Shining Light","floor":2,"gold_loss":0,"cards_upgraded":["Strike_R","Defend_R"]},{"cards_removed":["Strike_R"],"damage_healed":0,"gold_gain":0,"player_choice":"Card Removal","damage_taken":0,"max_hp_gain":0,"max_hp_loss":0,"event_name":"The Cleric","floor":8,"gold_loss":75},{"cards_removed":["Strike_R"],"damage_healed":0,"gold_gain":0,"player_choice":"Card Removal","damage_taken":7,"max_hp_gain":0,"max_hp_loss":0,"event_name":"Golden Wing","floor":14,"gold_loss":0}],"is_beta":false,"boss_relics":[],"items_purged_floors":[],"is_endless":false,"potions_floor_spawned":[3,4,5],"killed_by":"The Guardian","ascension_level":18}