{"gold_per_floor":[110,27,44,44,63,63,73,99,175,100,100,100,110,142,142,221,221,233,233,244,7,7,7,37,37,37,37,37,37,137,169,169,169],"floor_reached":33,"playtime":776,"items_purged":[],"score":628,"play_id":"650c483b-3459-451b-9545-a61fcf30f429","local_time":"20190404131712","is_ascension_mode":true,"campfire_choices":[{"data":"Zap","floor":6.0,"key":"SMITH"},{"data":"Chill","floor":11.0,"key":"SMITH"},{"floor":15.0,"key":"REST"},{"floor":23.0,"key":"REST"},{"data":"Self Repair","floor":25,"key":"SMITH"},{"data":"Dualcast","floor":27,"key":"SMITH"},{"floor":32,"key":"DIG"}],"neow_cost":"NONE","seed_source_timestamp":437138554750643,"circlet_count":0,"master_deck":["AscendersBane","Strike_B","Strike_B","Strike_B","Defend_B","Defend_B","Defend_B","Defend_B","Zap+1","Dualcast+1","Cold Snap","Rip and Tear","Ball Lightning","Conserve Battery","Chill+1","Genetic Algorithm+1","Darkness+1","Fission+1","White Noise+1","Ball Lightning","Self Repair+1","Ghostly+1","Ghostly+1","Ghostly+1","Compile Driver+1"],"special_seed":0,"relics":["Cracked Core","Anchor","Du-Vu Doll","Toxic Egg 2","Juzu Bracelet","Busted Crown","Centennial Puzzle","Singing Bowl","Ice Cream","Shovel","Molten Egg 2","Shuriken","Strawberry"],"potions_floor_usage":[24,30,31],"damage_taken":[{"damage":0.0,"enemies":"2 Louse","floor":1.0,"turns":2.0},{"damage":0.0,"enemies":"Small Slimes","floor":3.0,"turns":2.0},{"damage":0.0,"enemies":"Cultist","floor":5.0,"turns":2.0},{"damage":0.0,"enemies":"Looter","floor":7.0,"turns":2.0},{"damage":9.0,"enemies":"3 Sentries","floor":8.0,"turns":6.0},{"damage":2.0,"enemies":"3 Louse","floor":13.0,"turns":2.0},{"damage":15.0,"enemies":"Gremlin Nob","floor":14.0,"turns":4.0},{"damage":12.0,"enemies":"Slime Boss","floor":16.0,"turns":8.0},{"damage":21.0,"enemies":"3 Byrds","floor":18.0,"turns":5.0},{"damage":15.0,"enemies":"Chosen","floor":20.0,"turns":5.0},{"damage":11,"enemies":"Slavers","floor":24,"turns":6},{"damage":5,"enemies":"Colosseum Slavers","floor":30,"turns":5},{"damage":5,"enemies":"Colosseum Nobs","floor":30,"turns":3},{"damage":0,"enemies":"Book of Stabbing","floor":31,"turns":5},{"damage":71,"enemies":"Automaton","floor":33,"turns":6}],"seed_played":"8119473924821052128","potions_obtained":[{"floor":1.0,"key":"Poison Potion"},{"floor":5.0,"key":"GamblersBrew"},{"floor":20.0,"key":"Swift Potion"},{"floor":24,"key":"PowerPotion"},{"floor":30,"key":"LiquidBronze"}],"is_trial":false,"path_per_floor":["M","$","M","?","M","R","M","E","T","?","R","?","M","E","R","B",null,"M","?","M","$","?","R","E","R","T","R","?","?","?","E","R","B"],"character_chosen":"DEFECT","items_purchased":["Rip and Tear","Self Repair","Centennial Puzzle"],"campfire_rested":2,"item_purchase_floors":[2,21,21],"current_hp_per_floor":[64,64,64,69,69,69,69,60,60,60,60,60,58,43,65,53,70,49,27,12,12,12,24,22,22,22,22,52,52,54,54,61,0],"gold":169,"neow_bonus":"RANDOM_COMMON_RELIC","is_prod":false,"is_daily":false,"chose_seed":false,"campfire_upgraded":4,"win_rate":0,"timestamp":1554409032,"path_taken":["M","$","M","?","M","R","M","E","T","?","R","?","M","E","R","BOSS","M","?","M","$","?","R","E","R","T","R","?","?","?","E","R","BOSS"],"build_version":"2019-03-15","purchased_purges":0,"victory":false,"max_hp_per_floor":[71,71,71,76,76,76,76,76,76,76,76,76,76,76,76,76,76,76,81,81,81,40,40,42,42,42,42,52,52,54,54,61,61],"card_choices":[{"not_picked":["Rebound","Scrape"],"picked":"Cold Snap","floor":1.0},{"not_picked":["Gash","Stack"],"picked":"Ball Lightning","floor":3.0},{"not_picked":["Stack","Steam"],"picked":"Conserve Battery","floor":5.0},{"not_picked":["Blizzard","Steam"],"picked":"Core Surge","floor":7.0},{"not_picked":["Blizzard","Compile Driver"],"picked":"Chill","floor":8.0},{"not_picked":["Sweeping Beam","Streamline"],"picked":"Genetic Algorithm+1","floor":13.0},{"not_picked":["Barrage","Force Field+1"],"picked":"Darkness+1","floor":14.0},{"not_picked":["Core Surge","Rainbow+1"],"picked":"Fission+1","floor":16.0},{"not_picked":[],"picked":"White Noise+1","floor":18.0},{"not_picked":[],"picked":"Ball Lightning","floor":20.0},{"not_picked":["Multi-Cast+1"],"picked":"Singing Bowl","floor":24},{"not_picked":["Beam Cell"],"picked":"Singing Bowl","floor":30},{"not_picked":[],"picked":"Compile Driver+1","floor":31}],"player_experience":1176422,"relics_obtained":[{"floor":8.0,"key":"Du-Vu Doll"},{"floor":9.0,"key":"Toxic Egg 2"},{"floor":14.0,"key":"Juzu Bracelet"},{"floor":24,"key":"Singing Bowl"},{"floor":26,"key":"Ice Cream"},{"floor":30,"key":"Shovel"},{"floor":30,"key":"Molten Egg 2"},{"floor":31,"key":"Shuriken"},{"floor":32,"key":"Strawberry"}],"event_choices":[{"damage_healed":0.0,"max_hp_gain":5.0,"max_hp_loss":0.0,"gold_gain":0.0,"event_name":"Big Fish","player_choice":"Donut","floor":4.0,"gold_loss":0.0,"damage_taken":0.0},{"cards_removed":["Strike_B"],"damage_healed":0.0,"max_hp_gain":0.0,"max_hp_loss":0.0,"gold_gain":0.0,"event_name":"The Cleric","player_choice":"Card Removal","floor":10.0,"gold_loss":75.0,"damage_taken":0.0},{"damage_healed":0.0,"max_hp_gain":0.0,"max_hp_loss":0.0,"gold_gain":0.0,"event_name":"Liars Game","player_choice":"Ignored","floor":12.0,"gold_loss":0.0,"damage_taken":0.0},{"damage_healed":0.0,"max_hp_gain":5.0,"max_hp_loss":0.0,"gold_gain":0.0,"event_name":"Forgotten Altar","player_choice":"Shed Blood","floor":19.0,"gold_loss":0.0,"damage_taken":27.0},{"damage_healed":0.0,"max_hp_gain":0.0,"max_hp_loss":41.0,"gold_gain":0.0,"event_name":"Ghosts","player_choice":"Became a Ghost","floor":22.0,"gold_loss":0.0,"damage_taken":0.0,"cards_obtained":["Ghostly","Ghostly","Ghostly"]},{"cards_removed":["Core Surge"],"damage_healed":20,"gold_gain":0,"player_choice":"Offered Rare","damage_taken":0,"max_hp_gain":10,"max_hp_loss":0,"event_name":"Bonfire Elementals","floor":28,"gold_loss":0},{"damage_healed":0,"gold_gain":0,"player_choice":"Fight","damage_taken":0,"max_hp_gain":0,"max_hp_loss":0,"event_name":"Colosseum","floor":30,"gold_loss":0},{"damage_healed":0,"gold_gain":0,"player_choice":"Fought Nobs","damage_taken":0,"max_hp_gain":0,"max_hp_loss":0,"event_name":"Colosseum","floor":30,"gold_loss":0}],"is_beta":true,"boss_relics":[{"not_picked":["Tiny House","Empty Cage"],"picked":"Busted Crown"}],"items_purged_floors":[],"is_endless":false,"potions_floor_spawned":[1,5,8,20,24,30],"killed_by":"Automaton","ascension_level":20}