{"gold_per_floor":[113,38,38,38,38,63,79,79,79,90,110,27,43,72,72,72],"floor_reached":16,"playtime":500,"items_purged":[],"score":263,"play_id":"b0a7c6c2-8d7d-42ba-bedc-d8a7d8966a78","local_time":"20190526205225","is_ascension_mode":true,"campfire_choices":[{"data":"Bash","floor":8,"key":"SMITH"},{"data":"True Grit","floor":15,"key":"SMITH"}],"neow_cost":"NONE","seed_source_timestamp":695582359424537,"circlet_count":0,"master_deck":["AscendersBane","Strike_R","Strike_R","Defend_R","Defend_R","Defend_R","Defend_R","Bash+1","Blood for Blood","Thunderclap","Sword Boomerang","Pommel Strike","Twin Strike","Shrug It Off","True Grit+1","Shrug It Off"],"relics":["Burning Blood","NeowsBlessing","Ornamental Fan","Gremlin Horn","Gambling Chip","Turnip"],"potions_floor_usage":[13,16],"damage_taken":[{"damage":0,"enemies":"2 Louse","floor":1,"turns":1},{"damage":0,"enemies":"Gremlin Nob","floor":6,"turns":1},{"damage":0,"enemies":"Jaw Worm","floor":7,"turns":1},{"damage":4,"enemies":"Small Slimes","floor":10,"turns":4},{"damage":9,"enemies":"Blue Slaver","floor":11,"turns":5},{"damage":26,"enemies":"Exordium Wildlife","floor":13,"turns":4},{"damage":32,"enemies":"3 Sentries","floor":14,"turns":6},{"damage":27,"enemies":"Hexaghost","floor":16,"turns":9}],"seed_played":"-5824866007737592922","potions_obtained":[{"floor":1,"key":"Weak Potion"},{"floor":11,"key":"SteroidPotion"}],"is_trial":false,"path_per_floor":["M","?","?","T","?","E","M","R","T","M","M","$","M","E","R","B"],"character_chosen":"IRONCLAD","items_purchased":["Shrug It Off","True Grit"],"campfire_rested":0,"item_purchase_floors":[12,12],"current_hp_per_floor":[74,74,74,74,67,73,75,75,75,75,72,72,52,26,26,0],"gold":72,"neow_bonus":"THREE_ENEMY_KILL","is_prod":false,"is_daily":false,"chose_seed":false,"campfire_upgraded":2,"win_rate":0,"timestamp":1558896745,"path_taken":["M","?","?","?","?","E","M","R","T","M","?","$","M","E","R","BOSS"],"build_version":"2019-01-23","purchased_purges":0,"victory":false,"max_hp_per_floor":[75,75,75,75,75,75,75,75,75,75,75,75,75,75,75,75],"card_choices":[{"not_picked":["Body Slam","Headbutt"],"picked":"Blood for Blood","floor":1},{"not_picked":["Shockwave","Battle Trance"],"picked":"Thunderclap","floor":6},{"not_picked":["Power Through","Wild Strike"],"picked":"Sword Boomerang","floor":7},{"not_picked":["Warcry","Twin Strike"],"picked":"Pommel Strike","floor":10},{"not_picked":["Rage","Headbutt"],"picked":"Twin Strike","floor":11},{"not_picked":["Havoc","Pommel Strike","True Grit"],"picked":"SKIP","floor":13},{"not_picked":["Combust","Flex"],"picked":"Shrug It Off","floor":14}],"player_experience":586847,"relics_obtained":[{"floor":4,"key":"Ornamental Fan"},{"floor":6,"key":"Gremlin Horn"},{"floor":9,"key":"Gambling Chip"},{"floor":14,"key":"Turnip"}],"event_choices":[{"cards_removed":["Strike_R"],"damage_healed":0,"gold_gain":0,"player_choice":"Card Removal","damage_taken":0,"max_hp_gain":0,"max_hp_loss":0,"event_name":"The Cleric","floor":2,"gold_loss":75},{"cards_removed":["Strike_R"],"damage_healed":0,"gold_gain":0,"player_choice":"Forget","damage_taken":0,"max_hp_gain":0,"max_hp_loss":0,"event_name":"Living Wall","floor":3,"gold_loss":0},{"cards_removed":["Strike_R"],"damage_healed":0,"gold_gain":0,"player_choice":"Card Removal","damage_taken":7,"max_hp_gain":0,"max_hp_loss":0,"event_name":"Golden Wing","floor":5,"gold_loss":0}],"is_beta":false,"boss_relics":[],"items_purged_floors":[],"is_endless":false,"potions_floor_spawned":[1,11],"killed_by":"Hexaghost","ascension_level":19}