{"gold_per_floor":[115,115,190,19,19,19,19,51,51,79,98,118,168,185,185,256,256,275,275,275,286,303,303,334,334,402,433,433,465,5,16,16,93,93,104,130,141,157,157,175,43,43,43,43,75,95,107,121,121,121,121,121,121,34,34],"floor_reached":55,"playtime":2944,"items_purged":[],"score":2030,"play_id":"820f2d4b-815e-4625-99a4-9acb11851e4f","local_time":"20190407003748","is_ascension_mode":true,"campfire_choices":[{"data":"Footwork","floor":6.0,"key":"SMITH"},{"data":"Neutralize","floor":15.0,"key":"SMITH"},{"data":"Cloak And Dagger","floor":23,"key":"SMITH"},{"data":"Dash","floor":25,"key":"SMITH"},{"floor":28,"key":"REST"},{"floor":32,"key":"REST"},{"data":"Footwork","floor":42,"key":"SMITH"},{"floor":49,"key":"RECALL"},{"data":"Noxious Fumes","floor":53,"key":"SMITH"}],"neow_cost":"NONE","seed_source_timestamp":131816235736813,"circlet_count":0,"master_deck":["AscendersBane","Defend_G","Defend_G","Defend_G","Defend_G","Defend_G","Strike_G","Strike_G","Strike_G+1","Survivor","Neutralize+1","Poisoned Stab","Footwork+1","Cloak And Dagger+1","All Out Attack","Dash+1","Backflip+1","Backstab","Malaise+1","Ghostly+1","Ghostly+1","Ghostly+1","Blur+1","Deflect+1","Dodge and Roll+1","Noxious Fumes+1","Doppelganger+1","Well Laid Plans","Footwork+1","Blur+1","Leg Sweep+1","Crippling Poison+1"],"special_seed":0,"relics":["Ring of the Snake","NeowsBlessing","Toxic Egg 2","Anchor","PreservedInsect","Busted Crown","Pear","Dodecahedron","Blood Vial","Bag of Marbles","Chemical X","Sozu","Whetstone","Meat on the Bone","Ice Cream"],"potions_floor_usage":[],"damage_taken":[{"damage":0.0,"enemies":"Small Slimes","floor":1.0,"turns":1.0},{"damage":0.0,"enemies":"Lagavulin","floor":8.0,"turns":1.0},{"damage":0.0,"enemies":"3 Sentries","floor":10.0,"turns":1.0},{"damage":4.0,"enemies":"Jaw Worm","floor":11.0,"turns":4.0},{"damage":0.0,"enemies":"2 Louse","floor":12.0,"turns":2.0},{"damage":9.0,"enemies":"Blue Slaver","floor":14.0,"turns":3.0},{"damage":19.0,"enemies":"The Guardian","floor":16.0,"turns":18.0},{"damage":6.0,"enemies":"Shell Parasite","floor":18.0,"turns":7.0},{"damage":5,"enemies":"Spheric Guardian","floor":21,"turns":6},{"damage":1,"enemies":"Centurion and Healer","floor":22,"turns":12},{"damage":0,"enemies":"Book of Stabbing","floor":24,"turns":8},{"damage":13,"enemies":"Slavers","floor":27,"turns":8},{"damage":30,"enemies":"Gremlin Leader","floor":29,"turns":14},{"damage":0,"enemies":"Snake Plant","floor":31,"turns":8},{"damage":18,"enemies":"Collector","floor":33,"turns":17},{"damage":2,"enemies":"3 Darklings","floor":35,"turns":7},{"damage":0,"enemies":"3 Shapes","floor":37,"turns":5},{"damage":0,"enemies":"Jaw Worm Horde","floor":38,"turns":6},{"damage":4,"enemies":"Sphere and 2 Shapes","floor":40,"turns":9},{"damage":0,"enemies":"Giant Head","floor":45,"turns":15},{"damage":0,"enemies":"Maw","floor":46,"turns":13},{"damage":0,"enemies":"Jaw Worm Horde","floor":47,"turns":9},{"damage":0,"enemies":"Sphere and 2 Shapes","floor":48,"turns":7},{"damage":32,"enemies":"Awakened One","floor":50,"turns":42},{"damage":16,"enemies":"Time Eater","floor":51,"turns":31},{"damage":43,"enemies":"Shield and Spear","floor":55,"turns":2}],"seed_played":"-7227058379631222104","potions_obtained":[{"floor":10.0,"key":"Strength Potion"},{"floor":14.0,"key":"EssenceOfSteel"},{"floor":16.0,"key":"SpeedPotion"}],"is_trial":false,"path_per_floor":["M","?","?","$","?","R","$","E","T","E","M","M","T","M","R","B",null,"M","?","?","M","M","R","E","R","T","E","R","E","$","M","R","B",null,"M","T","M","M","?","M","$","R","T","$","E","M","M","M","R","B","B",null,"R","$","E"],"character_chosen":"THE_SILENT","items_purchased":["Footwork","Cloak And Dagger","All Out Attack","Noxious Fumes","Chemical X","Doppelganger+1","Footwork","Blur+1","Crippling Poison+1"],"campfire_rested":2,"item_purchase_floors":[4,4,4,30,30,30,41,41,54],"current_hp_per_floor":[59,59,48,48,48,48,48,48,48,48,44,44,44,35,35,16,54,48,33,33,28,27,27,37,37,37,24,36,8,8,10,22,6,34,34,34,36,38,38,36,36,36,36,36,38,40,42,43,43,23,21,38,38,38,0],"gold":34,"neow_bonus":"THREE_ENEMY_KILL","is_prod":false,"is_daily":false,"chose_seed":false,"campfire_upgraded":6,"win_rate":0,"timestamp":1554622668,"path_taken":["M","?","?","$","?","R","$","E","T","E","?","M","?","M","R","BOSS","M","?","?","M","M","R","E","R","T","E","R","E","$","M","R","BOSS","M","?","M","?","?","M","$","R","T","?","E","M","M","M","R","BOSS","BOSS","R","$","E"],"build_version":"2019-04-04","purchased_purges":0,"victory":false,"max_hp_per_floor":[66,66,66,66,66,66,66,66,66,66,66,66,66,66,66,66,66,66,33,33,33,33,33,43,43,43,43,43,43,43,43,43,43,43,43,43,43,43,43,43,43,43,43,43,43,43,43,43,43,43,43,43,43,43,43],"card_choices":[{"not_picked":["Sucker Punch","Reflex"],"picked":"Poisoned Stab","floor":1.0},{"not_picked":["Underhanded Strike","Expertise"],"picked":"Dash","floor":8.0},{"not_picked":["Flying Knee","Wraith Form v2"],"picked":"Predator","floor":10.0},{"not_picked":["Deflect+1","Setup+1"],"picked":"Backflip+1","floor":11.0},{"not_picked":["Endless Agony","Deflect+1"],"picked":"Backstab","floor":12.0},{"not_picked":["Dagger Spray","Terror+1","Prepared+1"],"picked":"SKIP","floor":14.0},{"not_picked":["Grand Finale","Night Terror+1"],"picked":"Malaise+1","floor":16.0},{"not_picked":["Acrobatics+1"],"picked":"SKIP","floor":18.0},{"not_picked":[],"picked":"Blur+1","floor":21},{"not_picked":[],"picked":"Deflect+1","floor":22},{"not_picked":[],"picked":"Dodge and Roll+1","floor":24},{"not_picked":["Prepared+1"],"picked":"SKIP","floor":27},{"not_picked":["Expertise+1"],"picked":"SKIP","floor":29},{"not_picked":["Predator"],"picked":"SKIP","floor":31},{"not_picked":["Deadly Poison+1"],"picked":"SKIP","floor":35},{"not_picked":["Poisoned Stab"],"picked":"SKIP","floor":37},{"not_picked":[],"picked":"Well Laid Plans","floor":38},{"not_picked":["Dagger Spray"],"picked":"SKIP","floor":40},{"not_picked":["Storm of Steel+1"],"picked":"SKIP","floor":45},{"not_picked":["Bane+1"],"picked":"SKIP","floor":46},{"not_picked":[],"picked":"Leg Sweep+1","floor":47},{"not_picked":["Underhanded Strike+1"],"picked":"SKIP","floor":48}],"player_experience":1180784,"relics_obtained":[{"floor":8.0,"key":"Toxic Egg 2"},{"floor":10.0,"key":"Anchor"},{"floor":13.0,"key":"PreservedInsect"},{"floor":24,"key":"Pear"},{"floor":26,"key":"Dodecahedron"},{"floor":27,"key":"Blood Vial"},{"floor":29,"key":"Bag of Marbles"},{"floor":36,"key":"Whetstone"},{"floor":43,"key":"Meat on the Bone"},{"floor":45,"key":"Ice Cream"}],"event_choices":[{"cards_removed":["Strike_G"],"damage_healed":0.0,"max_hp_gain":0.0,"max_hp_loss":0.0,"gold_gain":0.0,"event_name":"Living Wall","player_choice":"Forget","floor":2.0,"gold_loss":0.0,"damage_taken":0.0},{"damage_healed":0.0,"max_hp_gain":0.0,"max_hp_loss":0.0,"gold_gain":75.0,"event_name":"World of Goop","player_choice":"Gather Gold","floor":3.0,"gold_loss":0.0,"damage_taken":11.0},{"damage_healed":0.0,"max_hp_gain":0.0,"max_hp_loss":0.0,"gold_gain":0.0,"event_name":"Liars Game","player_choice":"Ignored","floor":5.0,"gold_loss":0.0,"damage_taken":0.0},{"damage_healed":0.0,"max_hp_gain":0.0,"max_hp_loss":33.0,"gold_gain":0.0,"event_name":"Ghosts","player_choice":"Became a Ghost","floor":19.0,"gold_loss":0.0,"damage_taken":0.0,"cards_obtained":["Ghostly","Ghostly","Ghostly"]},{"cards_removed":["Strike_G"],"damage_healed":0.0,"max_hp_gain":0.0,"max_hp_loss":0.0,"gold_gain":0.0,"event_name":"Purifier","player_choice":"Purged","floor":20.0,"gold_loss":0.0,"damage_taken":0.0},{"cards_removed":["Predator"],"damage_healed":0,"gold_gain":0,"player_choice":"Removed Attack","damage_taken":0,"max_hp_gain":0,"max_hp_loss":0,"event_name":"Falling","floor":39,"gold_loss":0}],"is_beta":true,"boss_relics":[{"not_picked":["Ring of the Serpent","White Beast Statue"],"picked":"Busted Crown"},{"not_picked":["Snecko Eye","Lizard Tail"],"picked":"Sozu"}],"items_purged_floors":[],"is_endless":false,"potions_floor_spawned":[10,14,16,18,24,27,37,46,47],"killed_by":"Shield and Spear","ascension_level":20}