{"gold_per_floor":[109,129,129,129,129,156,169,185,185,185,202,230,230,230,230,230],"floor_reached":16,"playtime":461,"items_purged":[],"score":247,"play_id":"dcbe7858-2c2d-445b-81c6-de562e64bacf","local_time":"20190406012453","is_ascension_mode":true,"campfire_choices":[{"data":"Zap","floor":10,"key":"SMITH"},{"data":"Go for the Eyes","floor":13,"key":"SMITH"},{"floor":15,"key":"REST"}],"neow_cost":"NONE","seed_source_timestamp":15840476896206,"circlet_count":0,"master_deck":["AscendersBane","Strike_B","Strike_B","Strike_B","Strike_B","Defend_B","Defend_B","Defend_B","Defend_B","Zap+1","Dualcast","Cold Snap","Coolheaded","Ball Lightning","Leap","Loop","Go for the Eyes+1"],"relics":["Cracked Core","NeowsBlessing","Mango","Pantograph","The Courier","Lantern"],"potions_floor_usage":[12,14],"damage_taken":[{"damage":0,"enemies":"Small Slimes","floor":1,"turns":1},{"damage":0,"enemies":"2 Louse","floor":2,"turns":1},{"damage":0,"enemies":"3 Sentries","floor":6,"turns":2},{"damage":0,"enemies":"Cultist","floor":7,"turns":3},{"damage":1,"enemies":"Large Slime","floor":8,"turns":5},{"damage":7,"enemies":"Exordium Thugs","floor":11,"turns":5},{"damage":29,"enemies":"Gremlin Nob","floor":12,"turns":4},{"damage":0,"enemies":"3 Louse","floor":14,"turns":1},{"damage":78,"enemies":"Slime Boss","floor":16,"turns":12}],"seed_played":"3895377584522392134","potions_obtained":[{"floor":1,"key":"Weak Potion"},{"floor":5,"key":"Regen Potion"},{"floor":5,"key":"SmokeBomb"}],"is_trial":false,"path_per_floor":["M","M","?","?","?","E","M","M","T","R","M","E","R","M","R","B"],"character_chosen":"DEFECT","items_purchased":[],"campfire_rested":1,"item_purchase_floors":[],"current_hp_per_floor":[64,64,52,52,52,52,52,51,51,51,44,27,27,27,52,0],"gold":230,"neow_bonus":"THREE_ENEMY_KILL","is_prod":false,"is_daily":false,"chose_seed":false,"campfire_upgraded":2,"win_rate":0,"timestamp":1554506693,"path_taken":["M","M","?","?","?","E","?","M","T","R","M","E","R","M","R","BOSS"],"build_version":"2019-01-23","purchased_purges":0,"victory":false,"max_hp_per_floor":[71,71,85,85,85,85,85,85,85,85,85,85,85,85,85,85],"card_choices":[{"not_picked":["Melter","Leap"],"picked":"Cold Snap","floor":1},{"not_picked":["Chaos","Steam"],"picked":"Coolheaded","floor":2},{"not_picked":["Sweeping Beam","Turbo"],"picked":"Ball Lightning","floor":6},{"not_picked":["Streamline","Beam Cell"],"picked":"Leap","floor":7},{"not_picked":["Beam Cell","Force Field","Double Energy"],"picked":"SKIP","floor":8},{"not_picked":["Streamline","Hologram"],"picked":"Loop","floor":11},{"not_picked":["Storm","Amplify"],"picked":"Go for the Eyes","floor":12}],"player_experience":466517,"relics_obtained":[{"floor":6,"key":"Pantograph"},{"floor":9,"key":"The Courier"},{"floor":12,"key":"Lantern"}],"event_choices":[{"damage_healed":0,"gold_gain":0,"player_choice":"Success","damage_taken":26,"relics_obtained":["Mango"],"max_hp_gain":0,"max_hp_loss":0,"event_name":"Scrap Ooze","floor":3,"gold_loss":0},{"damage_healed":0,"gold_gain":0,"player_choice":"Ignored","damage_taken":0,"max_hp_gain":0,"max_hp_loss":0,"event_name":"Liars Game","floor":4,"gold_loss":0},{"damage_healed":0,"gold_gain":0,"player_choice":"Got Potions","damage_taken":0,"max_hp_gain":0,"max_hp_loss":0,"event_name":"Lab","floor":5,"gold_loss":0}],"is_beta":false,"boss_relics":[],"items_purged_floors":[],"is_endless":false,"potions_floor_spawned":[1,6,7,14],"killed_by":"Slime Boss","ascension_level":16}