{"gold_per_floor":[218,368,368,384,150,178,90,120,120,120,139,139,156,156,156,232,232,249,259,259,270,289,61,61,91,159,159,193,220,220,252,252,330,330,344,566,36,1035,1054,1054,1054,579,627,639,18,50,66,76,76,76,76,76,76,33,61,61],"floor_reached":57,"playtime":2989,"items_purged":["Doubt","Perfected Strike","Normality","Normality"],"score":2773,"play_id":"8ade2b90-07c7-4909-b144-2f5e555dc6d4","local_time":"20190613021822","is_ascension_mode":true,"campfire_choices":[{"floor":10.0,"key":"REST"},{"data":"True Grit","floor":12.0,"key":"SMITH"},{"data":"Clothesline","floor":15.0,"key":"SMITH"},{"floor":24.0,"key":"REST"},{"floor":27.0,"key":"REST"},{"floor":30.0,"key":"REST"},{"floor":32.0,"key":"REST"},{"floor":40.0,"key":"REST"},{"floor":41.0,"key":"RECALL"},{"data":"Demon Form","floor":44.0,"key":"SMITH"},{"data":"Uppercut","floor":49.0,"key":"SMITH"},{"data":"Corruption","floor":53.0,"key":"SMITH"}],"neow_cost":"NONE","seed_source_timestamp":9695089484400,"circlet_count":0,"master_deck":["AscendersBane","Bash+1","Cleave","Iron Wave","True Grit+1","Clothesline+1","Shrug It Off+1","Havoc+1","Headbutt+1","Infernal Blade+1","Limit Break+1","Flex+1","Demon Form+1","Double Tap+1","Clothesline","Corruption+1","Reaper","Battle Trance+1","Immolate","True Grit+1","Immolate","Heavy Blade+1","Battle Trance+1","J.A.X.+1","Shrug It Off+1","Disarm+1","Armaments+1","Warcry+1","Pummel","Shrug It Off+1","Havoc+1","Offering+1","Shrug It Off+1","Reaper","Havoc+1","Spot Weakness+1","Uppercut+1","Shrug It Off+1","True Grit+1","Ghostly Armor+1"],"special_seed":0,"relics":["Burning Blood","Toxic Egg 2","Dream Catcher","Paper Frog","Pandora\u0027s Box","Anchor","Red Mask","The Courier","Blue Candle","Red Skull","Dodecahedron","Philosopher\u0027s Stone","WingedGreaves","Whetstone","Bag of Preparation","Orichalcum","MawBank","Pocketwatch","Bag of Marbles","Regal Pillow","Strawberry","Blood Vial"],"potions_floor_usage":[56,56],"damage_taken":[{"damage":11.0,"enemies":"Jaw Worm","floor":1.0,"turns":4.0},{"damage":6.0,"enemies":"Cultist","floor":4.0,"turns":4.0},{"damage":23.0,"enemies":"3 Sentries","floor":6.0,"turns":10.0},{"damage":19.0,"enemies":"Gremlin Nob","floor":8.0,"turns":4.0},{"damage":8.0,"enemies":"Small Slimes","floor":11.0,"turns":3.0},{"damage":2.0,"enemies":"3 Louse","floor":13.0,"turns":2.0},{"damage":43.0,"enemies":"Slime Boss","floor":16.0,"turns":12.0},{"damage":40.0,"enemies":"3 Byrds","floor":18.0,"turns":5.0},{"damage":0.0,"enemies":"Chosen","floor":19.0,"turns":4.0},{"damage":32.0,"enemies":"Centurion and Healer","floor":21.0,"turns":7.0},{"damage":26.0,"enemies":"3 Cultists","floor":22.0,"turns":4.0},{"damage":20.0,"enemies":"Masked Bandits","floor":25.0,"turns":3.0},{"damage":46.0,"enemies":"Gremlin Leader","floor":28.0,"turns":5.0},{"damage":51.0,"enemies":"Slavers","floor":31.0,"turns":4.0},{"damage":77.0,"enemies":"Collector","floor":33.0,"turns":8.0},{"damage":30.0,"enemies":"3 Darklings","floor":35.0,"turns":4.0},{"damage":17.0,"enemies":"Orb Walker","floor":39.0,"turns":3.0},{"damage":9.0,"enemies":"Reptomancer","floor":46.0,"turns":2.0},{"damage":59.0,"enemies":"4 Shapes","floor":47.0,"turns":7.0},{"damage":9.0,"enemies":"Transient","floor":48.0,"turns":6.0},{"damage":71.0,"enemies":"Time Eater","floor":50.0,"turns":9.0},{"damage":106.0,"enemies":"Donu and Deca","floor":51.0,"turns":8.0},{"damage":59.0,"enemies":"Shield and Spear","floor":55.0,"turns":6.0},{"damage":138,"enemies":"The Heart","floor":56,"turns":8}],"seed_played":"4725039242936446009","potions_obtained":[{"floor":1.0,"key":"Energy Potion"},{"floor":13.0,"key":"Block Potion"},{"floor":16.0,"key":"Poison Potion"},{"floor":18.0,"key":"Block Potion"},{"floor":19.0,"key":"Dexterity Potion"},{"floor":25.0,"key":"Poison Potion"},{"floor":46.0,"key":"Energy Potion"},{"floor":55.0,"key":"SpeedPotion"}],"is_trial":false,"path_per_floor":["M","?","?","M","$","E","$","E","T","R","M","R","M","T","R","B",null,"M","M","?","M","M","$","R","?","T","R","E","T","R","E","R","B",null,"M","?","$","?","M","R","R","$","T","R","$","E","M","M","R","B","B",null,"R","$","E","B",null],"character_chosen":"IRONCLAD","items_purchased":["Fire Potion","True Grit","Clothesline","Havoc+1","Headbutt","Armaments+1","Anchor","Spot Weakness+1","WingedGreaves","Uppercut","FearPotion","AttackPotion","Whetstone","Bag of Preparation","Orichalcum","Pocketwatch","Bag of Marbles","Regal Pillow","SteroidPotion"],"campfire_rested":6,"item_purchase_floors":[5,5,5,7,7,23,23,37,37,37,37,37,42,42,42,45,45,45,54],"current_hp_per_floor":[63,63,63,63,63,46,46,33,33,55,53,53,57,57,57,20,61,27,33,33,29,12,12,34,47,47,69,38,38,60,30,52,26,63,61,61,61,61,50,72,72,72,72,72,72,76,54,82,82,82,55,75,75,75,73,59],"gold":61,"neow_bonus":"HUNDRED_GOLD","is_prod":false,"is_daily":false,"chose_seed":false,"campfire_upgraded":5,"win_rate":0,"timestamp":1560385102,"path_taken":["M","?","?","M","$","E","$","E","T","R","M","R","M","?","R","BOSS","M","?","?","M","M","$","R","?","T","R","E","?","R","E","R","BOSS","M","?","$","?","?","R","R","?","T","R","$","E","M","M","R","BOSS","BOSS","R","$","E","BOSS"],"build_version":"2019-01-23","purchased_purges":4,"victory":true,"max_hp_per_floor":[75,75,75,75,75,75,75,75,75,75,75,75,75,75,75,75,75,75,75,75,75,75,75,75,75,75,75,75,75,75,75,75,75,75,75,75,75,75,75,75,75,75,75,75,75,82,82,82,82,82,82,82,82,82,82,82],"card_choices":[{"not_picked":["Feel No Pain","Heavy Blade"],"picked":"Cleave","floor":1.0},{"not_picked":["Wild Strike","Warcry"],"picked":"Iron Wave","floor":4.0},{"not_picked":["Combust","Seeing Red"],"picked":"Shrug It Off","floor":6.0},{"not_picked":["Perfected Strike","Pommel Strike"],"picked":"Infernal Blade+1","floor":8.0},{"not_picked":["Heavy Blade","Thunderclap"],"picked":"Limit Break+1","floor":10.0},{"not_picked":["Rupture","Headbutt"],"picked":"Flex+1","floor":11.0},{"not_picked":["Twin Strike","Thunderclap","Perfected Strike"],"picked":"SKIP","floor":13.0},{"not_picked":["Feed","Fiend Fire"],"picked":"Demon Form","floor":16.0},{"not_picked":["Corruption","Clash"],"picked":"Heavy Blade","floor":18.0},{"not_picked":["Corruption","Warcry+1"],"picked":"Battle Trance+1","floor":19.0},{"not_picked":["Wild Strike","Whirlwind+1"],"picked":"Shrug It Off+1","floor":21.0},{"not_picked":["Warcry+1","Anger"],"picked":"Disarm+1","floor":22.0},{"not_picked":["Blood for Blood","Clash"],"picked":"Warcry+1","floor":24.0},{"not_picked":["Brutality","Rupture"],"picked":"Pummel","floor":27.0},{"not_picked":["Sever Soul+1","Warcry+1"],"picked":"Shrug It Off+1","floor":28.0},{"not_picked":["Iron Wave","Intimidate+1"],"picked":"Havoc+1","floor":30.0},{"not_picked":["Pommel Strike+1","Dual Wield+1"],"picked":"Offering+1","floor":31.0},{"not_picked":["Corruption","Iron Wave"],"picked":"Shrug It Off+1","floor":32.0},{"not_picked":["Offering+1","Double Tap+1"],"picked":"Reaper","floor":33.0},{"not_picked":["Clash","Heavy Blade"],"picked":"Havoc+1","floor":35.0},{"not_picked":["Perfected Strike","Headbutt+1","Entrench+1"],"picked":"SKIP","floor":39.0},{"not_picked":["Inflame","Flex+1"],"picked":"Shrug It Off+1","floor":46.0},{"not_picked":["Power Through+1","Armaments+1"],"picked":"True Grit+1","floor":47.0},{"not_picked":["Clash+1","True Grit+1","Cleave"],"picked":"SKIP","floor":48.0},{"not_picked":["Rage+1","Juggernaut"],"picked":"Ghostly Armor+1","floor":55.0}],"player_experience":410406,"relics_obtained":[{"floor":6.0,"key":"Toxic Egg 2"},{"floor":8.0,"key":"Dream Catcher"},{"floor":9.0,"key":"Paper Frog"},{"floor":25.0,"key":"Red Mask"},{"floor":26.0,"key":"The Courier"},{"floor":28.0,"key":"Blue Candle"},{"floor":29.0,"key":"Red Skull"},{"floor":31.0,"key":"Dodecahedron"},{"floor":43.0,"key":"MawBank"},{"floor":46.0,"key":"Strawberry"},{"floor":55.0,"key":"Blood Vial"}],"event_choices":[{"damage_healed":0.0,"max_hp_gain":0.0,"max_hp_loss":0.0,"gold_gain":150.0,"event_name":"Liars Game","player_choice":"AGREE","floor":2.0,"gold_loss":0.0,"damage_taken":0.0,"cards_obtained":["Doubt"]},{"damage_healed":0.0,"max_hp_gain":0.0,"max_hp_loss":0.0,"gold_gain":0.0,"event_name":"Living Wall","player_choice":"Grow","floor":3.0,"gold_loss":0.0,"damage_taken":0.0,"cards_upgraded":["Bash"]},{"damage_healed":0.0,"max_hp_gain":0.0,"max_hp_loss":0.0,"gold_gain":0.0,"event_name":"Drug Dealer","player_choice":"Obtain J.A.X.","floor":20.0,"gold_loss":0.0,"damage_taken":0.0,"cards_obtained":["J.A.X."]},{"damage_healed":0.0,"max_hp_gain":0.0,"max_hp_loss":0.0,"gold_gain":0.0,"event_name":"Masked Bandits","player_choice":"Fought Bandits","floor":25.0,"gold_loss":0.0,"damage_taken":0.0},{"damage_healed":0.0,"max_hp_gain":0.0,"max_hp_loss":0.0,"gold_gain":222.0,"event_name":"Tomb of Lord Red Mask","player_choice":"Wore Mask","floor":36.0,"gold_loss":0.0,"damage_taken":0.0},{"damage_healed":0.0,"max_hp_gain":0.0,"max_hp_loss":0.0,"gold_gain":999.0,"event_name":"MindBloom","player_choice":"Gold","floor":38.0,"gold_loss":0.0,"damage_taken":0.0,"cards_obtained":["Normality","Normality"]}],"is_beta":false,"boss_relics":[{"not_picked":["Black Blood","Busted Crown"],"picked":"Pandora\u0027s Box"},{"not_picked":["Runic Pyramid","Lizard Tail"],"picked":"Philosopher\u0027s Stone"}],"items_purged_floors":[5,37,42,45],"is_endless":false,"potions_floor_spawned":[1,13,16,18,19,25,46,55],"ascension_level":20}