{"path_per_floor":["M","?","M","M","?","R","$","R","T","R","?","?","?","M","R","B",null,"M","$","?","?","$","R","M","R","T","M","$","?","M","?","R","B",null,"M","$","M","M","$","R"],"character_chosen":"THE_SILENT","items_purchased":["Terror","Caltrops","Apotheosis","Well Laid Plans","Footwork"],"gold_per_floor":[109,109,127,147,247,247,65,65,65,65,65,65,65,80,80,206,244,264,23,23,23,23,23,37,37,37,51,51,51,71,71,71,176,176,188,138,151,162,39,39],"floor_reached":41,"campfire_rested":2,"playtime":2759,"current_hp_per_floor":[70,67,65,64,64,64,64,64,64,64,64,47,47,47,68,6,75,75,75,75,75,75,75,75,75,75,69,69,52,52,36,51,30,52,47,47,44,48,48,48],"items_purged":["Strike_G","Injury","Parasite"],"gold":39,"score":402,"play_id":"73ddec0d-1ecf-484d-8f6e-d6de61f9ff58","is_prod":false,"is_daily":false,"is_ascension_mode":true,"campfire_upgraded":6,"path_taken":["M","?","M","M","?","R","$","R","T","R","?","?","?","M","R","BOSS","M","$","?","?","$","R","M","R","T","M","?","?","?","?","R","BOSS","M","$","?","M","?","R","M"],"build_version":"2018-02-15-PROD1","purchased_purges":3,"victory":false,"master_deck":["Defend_G","Defend_G","Defend_G","Defend_G","Defend_G","Survivor","Neutralize+1","Quick Slash+1","Sucker Punch+1","Terror+1","Caltrops+1","Caltrops+1","Die Die Die+1","Acrobatics+1","PiercingWail+1","Apotheosis+1","Well Laid Plans+1","Bite","Bite","Bite","Bite","Bite","Backflip+1","After Image","Parasite","Escape Plan+1","Footwork+1"],"max_hp_per_floor":[70,70,70,70,70,70,70,70,70,70,70,70,70,70,70,70,75,75,75,75,75,75,75,75,75,75,75,75,52,52,52,52,52,52,52,52,52,52,49,49],"relics":["Ring of the Snake","Toxic Egg 2","Thread and Needle","Bloody Idol","Tiny House","Calipers","Enchiridion","Calling Bell","Unceasing Top","Regal Pillow","Smiling Mask"],"card_choices":[{"not_picked":["Cloak And Dagger","Deadly Poison"],"picked":"Quick Slash"},{"not_picked":["Escape Plan","Acrobatics"],"picked":"Sucker Punch"},{"not_picked":["Masterful Stab","Calculated Gamble"],"picked":"Caltrops"},{"not_picked":["A Thousand Cuts","Tools of the Trade"],"picked":"Die Die Die"},{"not_picked":["Quick Slash","Slice"],"picked":"Acrobatics"},{"not_picked":["Masterful Stab","Distraction"],"picked":"PiercingWail"},{"not_picked":["Sucker Punch","Dodge and Roll"],"picked":"Backflip"},{"not_picked":["Wraith Form","Corpse Explosion"],"picked":"After Image"},{"not_picked":["Quick Slash","Phantasmal Killer"],"picked":"Escape Plan"}],"player_experience":119173,"potions_floor_usage":[16,33,41],"damage_taken":[{"damage":0,"enemies":"Cultist","floor":1,"turns":4},{"damage":2,"enemies":"2 Louse","floor":3,"turns":3},{"damage":1,"enemies":"Jaw Worm","floor":4,"turns":3},{"damage":0,"enemies":"3 Louse","floor":14,"turns":2},{"damage":62,"enemies":"Slime Boss","floor":16,"turns":12},{"damage":0,"enemies":"3 Byrds","floor":18,"turns":3},{"damage":4,"enemies":"Chosen","floor":24,"turns":5},{"damage":11,"enemies":"Slaver and Parasite","floor":27,"turns":5},{"damage":5,"enemies":"3 Cultists","floor":30,"turns":4},{"damage":42,"enemies":"Champ","floor":33,"turns":18},{"damage":16,"enemies":"3 Shapes","floor":35,"turns":7},{"damage":16,"enemies":"Orb Walker","floor":37,"turns":4},{"damage":13,"enemies":"4 Shapes","floor":38,"turns":7},{"damage":50,"enemies":"Sphere and 2 Shapes","floor":41,"turns":4}],"event_choices":[{"event_name":"Scrap Ooze","player_choice":"success","floor":2,"damage_taken":3},{"event_name":"Golden Shrine","player_choice":"Pray","floor":5,"damage_taken":0},{"event_name":"Bonfire Elementals","player_choice":"BASIC","floor":11,"damage_taken":0},{"event_name":"Golden Idol","player_choice":"Take Damage","floor":12,"damage_taken":0},{"event_name":"Dead Adventurer","player_choice":"Searched \u00271\u0027 times","floor":13,"damage_taken":0},{"event_name":"Forgotten Altar","player_choice":"Gave Idol","floor":20,"damage_taken":0},{"event_name":"N\u0027loth","player_choice":"Ignored","floor":21,"damage_taken":0},{"event_name":"Vampires","player_choice":"Became a vampire","floor":29,"damage_taken":0},{"event_name":"Cursed Tome","player_choice":"Obtained Book","floor":31,"damage_taken":0}],"boss_relics":[{"not_picked":["White Beast Statue","Runic Dome"],"picked":"Tiny House"},{"not_picked":["Orrery","Black Star"],"picked":"Calling Bell"}],"potions_floor_spawned":[4,14,24,33,37,38],"seed_played":"9078083650418778650","killed_by":"Sphere and 2 Shapes","ascension_level":3,"is_trial":false}