{"gold_per_floor":[364,29,179,179,27,27,66,66,66,66,46,64,98,118,118,213,213,133,133],"floor_reached":19,"playtime":528,"items_purged":["Doubt"],"score":342,"play_id":"b4344d8c-d556-4cb5-8885-5af8dedea245","local_time":"20190512202806","is_ascension_mode":true,"campfire_choices":[{"data":"Neutralize","floor":6.0,"key":"SMITH"},{"floor":10.0,"key":"REST"},{"floor":15.0,"key":"REST"}],"neow_cost":"TEN_PERCENT_HP_LOSS","seed_source_timestamp":994968444562939,"circlet_count":0,"master_deck":["AscendersBane","Defend_G","Defend_G","Defend_G","Defend_G","Defend_G","Strike_G","Strike_G","Strike_G","Strike_G","Strike_G","Survivor","Neutralize+1","Dodge and Roll","Noxious Fumes","All Out Attack","Noxious Fumes","Masterful Stab","Backflip","Dash","After Image","Footwork","Leg Sweep","Backflip","Wraith Form v2","Blur","Footwork"],"special_seed":0,"relics":["Ring of the Snake","ClockworkSouvenir","Golden Idol","Juzu Bracelet","Question Card","Lantern","Orrery"],"potions_floor_usage":[],"damage_taken":[{"damage":8.0,"enemies":"Small Slimes","floor":1.0,"turns":5.0},{"damage":34.0,"enemies":"Gremlin Nob","floor":7.0,"turns":6.0},{"damage":0.0,"enemies":"2 Louse","floor":12.0,"turns":2.0},{"damage":19.0,"enemies":"Lagavulin","floor":13.0,"turns":9.0},{"damage":0.0,"enemies":"Cultist","floor":14.0,"turns":3.0},{"damage":25.0,"enemies":"Slime Boss","floor":16.0,"turns":9.0},{"damage":4.0,"enemies":"2 Thieves","floor":18.0,"turns":4.0},{"damage":38,"enemies":"3 Byrds","floor":19,"turns":6}],"seed_played":"-8505563768051064109","potions_obtained":[{"floor":1.0,"key":"Dexterity Potion"},{"floor":11.0,"key":"Strength Potion"}],"is_trial":false,"path_per_floor":["M","$","?","?","$","R","E","$","T","R","?","M","E","M","R","B",null,"M","M"],"character_chosen":"THE_SILENT","items_purchased":["Noxious Fumes","ClockworkSouvenir","All Out Attack","Noxious Fumes"],"campfire_rested":2,"item_purchase_floors":[2,2,2,5],"current_hp_per_floor":[51,51,51,51,51,51,17,17,17,33,33,33,14,14,30,5,42,38,0],"gold":133,"neow_bonus":"TWO_FIFTY_GOLD","is_prod":false,"is_daily":false,"chose_seed":false,"campfire_upgraded":1,"win_rate":0,"timestamp":1557718086,"path_taken":["M","$","?","?","$","R","E","$","T","R","?","M","E","M","R","BOSS","M","M"],"build_version":"2019-05-07","purchased_purges":1,"victory":false,"max_hp_per_floor":[60,60,60,54,54,54,54,54,54,54,54,54,54,54,54,54,54,54,54],"card_choices":[{"not_picked":["Blade Dance","Slice"],"picked":"Dodge and Roll","floor":1.0},{"not_picked":["Bane","Well Laid Plans"],"picked":"Masterful Stab","floor":7.0},{"not_picked":["Bane","Expertise","Storm of Steel"],"picked":"Backflip","floor":12.0},{"not_picked":["Riddle With Holes","Bane","Distraction","Acrobatics"],"picked":"SKIP","floor":13.0},{"not_picked":["Choke","Caltrops","Outmaneuver"],"picked":"Dash","floor":14.0},{"not_picked":["Venomology","Doppelganger","Glass Knife"],"picked":"After Image","floor":16.0},{"not_picked":["Noxious Fumes","Slice","Concentrate"],"picked":"Footwork","floor":17.0},{"not_picked":["Dash","Backflip","Riddle With Holes"],"picked":"Leg Sweep","floor":17.0},{"not_picked":["Prepared","Endless Agony","Acrobatics"],"picked":"Backflip","floor":17.0},{"not_picked":["Prepared","Deflect","Bane"],"picked":"Wraith Form v2","floor":17.0},{"not_picked":["Skewer","Acrobatics","Dodge and Roll"],"picked":"Blur","floor":17.0},{"not_picked":["Blur","Dodge and Roll+1","Acrobatics"],"picked":"Footwork","floor":18.0}],"player_experience":1258692,"relics_obtained":[{"floor":7.0,"key":"Juzu Bracelet"},{"floor":9.0,"key":"Question Card"},{"floor":13.0,"key":"Lantern"}],"event_choices":[{"damage_healed":0.0,"max_hp_gain":0.0,"max_hp_loss":0.0,"gold_gain":150.0,"event_name":"Liars Game","player_choice":"AGREE","floor":3.0,"gold_loss":0.0,"damage_taken":0.0,"cards_obtained":["Doubt"]},{"damage_healed":0.0,"max_hp_gain":0.0,"max_hp_loss":6.0,"gold_gain":0.0,"event_name":"Golden Idol","player_choice":"Lose Max HP","floor":4.0,"gold_loss":0.0,"damage_taken":0.0,"relics_obtained":["Golden Idol"]},{"damage_healed":0.0,"max_hp_gain":0.0,"max_hp_loss":0.0,"gold_gain":0.0,"event_name":"The Woman in Blue","player_choice":"Bought 1 Potion","floor":11.0,"gold_loss":0.0,"damage_taken":0.0}],"is_beta":true,"boss_relics":[{"not_picked":["HoveringKite","White Beast Statue"],"picked":"Orrery"}],"items_purged_floors":[5],"is_endless":false,"potions_floor_spawned":[1,12,14],"killed_by":"3 Byrds","ascension_level":20}