{"gold_per_floor":[109,119,132,10,10,39,49,49,76,76,91,117,117,131,131,210,210,226,226,243,0,18,44,44,62,62,95,95,194,248,76,76,155,155,169,169,569,589,589,413,413,413,413,413,426,426,82,93,93,93],"floor_reached":51,"playtime":3365,"items_purged":["Strike_R","Strike_R","Strike_R"],"score":1152,"play_id":"88d9d409-6049-4d9d-a440-382016815362","local_time":"20190316171727","is_ascension_mode":true,"campfire_choices":[{"data":"Thunderclap","floor":8,"key":"SMITH"},{"data":"Disarm","floor":10,"key":"SMITH"},{"floor":13,"key":"REST"},{"data":"Cleave","floor":15,"key":"SMITH"},{"floor":24,"key":"REST"},{"data":"Demon Form","floor":28,"key":"SMITH"},{"data":"Armaments","floor":32,"key":"SMITH"},{"data":"Evolve","floor":42,"key":"SMITH"},{"data":"Dark Embrace","floor":44,"key":"SMITH"},{"data":"Corruption","floor":46,"key":"SMITH"},{"data":"Feel No Pain","floor":49,"key":"SMITH"}],"neow_cost":"NONE","seed_source_timestamp":23836194337867852,"circlet_count":0,"master_deck":["AscendersBane","Defend_R","Defend_R","Defend_R","Defend_R","Evolve+1","Cleave+1","Disarm+1","Headbutt","Shrug It Off","Feel No Pain+1","Thunderclap+1","Pommel Strike","Corruption+1","Battle Trance","Shrug It Off","Demon Form+1","Pummel+1","Impervious","Armaments+1","Dark Embrace+1","Flame Barrier","Heavy Blade+1","Reaper+1"],"relics":["Burning Blood","Dream Catcher","Boot","Bag of Preparation","Busted Crown","Pantograph","Bag of Marbles","Calipers","Molten Egg 2","Omamori","Mark of Pain","Old Coin","Peace Pipe","TheAbacus"],"potions_floor_usage":[16,33,33,38,50,50],"damage_taken":[{"damage":12,"enemies":"Jaw Worm","floor":1,"turns":5},{"damage":6,"enemies":"Cultist","floor":2,"turns":4},{"damage":4,"enemies":"2 Louse","floor":3,"turns":2},{"damage":37,"enemies":"3 Sentries","floor":6,"turns":7},{"damage":3,"enemies":"Blue Slaver","floor":7,"turns":5},{"damage":6,"enemies":"3 Louse","floor":11,"turns":3},{"damage":34,"enemies":"Lagavulin","floor":12,"turns":7},{"damage":0,"enemies":"2 Fungi Beasts","floor":14,"turns":2},{"damage":30,"enemies":"Slime Boss","floor":16,"turns":10},{"damage":14,"enemies":"2 Thieves","floor":18,"turns":4},{"damage":4,"enemies":"Chosen","floor":20,"turns":4},{"damage":20,"enemies":"Centurion and Healer","floor":22,"turns":6},{"damage":20,"enemies":"Book of Stabbing","floor":23,"turns":5},{"damage":13,"enemies":"Shelled Parasite and Fungi","floor":25,"turns":5},{"damage":13,"enemies":"Gremlin Leader","floor":27,"turns":7},{"damage":59,"enemies":"Automaton","floor":33,"turns":13},{"damage":9,"enemies":"Orb Walker","floor":35,"turns":4},{"damage":4,"enemies":"Mind Bloom Boss Battle","floor":37,"turns":7},{"damage":13,"enemies":"3 Shapes","floor":38,"turns":4},{"damage":27,"enemies":"3 Darklings","floor":45,"turns":6},{"damage":19,"enemies":"Spire Growth","floor":48,"turns":5},{"damage":48,"enemies":"Time Eater","floor":50,"turns":9}],"seed_played":"8665643925951688690","potions_obtained":[{"floor":2,"key":"EssenceOfSteel"},{"floor":6,"key":"Ancient Potion"},{"floor":12,"key":"Explosive Potion"},{"floor":23,"key":"Swift Potion"},{"floor":33,"key":"PowerPotion"},{"floor":35,"key":"Block Potion"},{"floor":38,"key":"SteroidPotion"},{"floor":48,"key":"Energy Potion"}],"is_trial":false,"path_per_floor":["M","M","M","$","?","E","M","R","T","R","M","E","R","M","R","B",null,"M","?","M","$","M","E","R","M","T","E","R","?","T","$","R","B",null,"M","?","?","M","?","$","?","R","T","R","M","R","$","M","R","B",null],"character_chosen":"IRONCLAD","items_purchased":["Shrug It Off","Pantograph","Flame Barrier","Heavy Blade+1","Reaper+1","TheAbacus"],"campfire_rested":2,"item_purchase_floors":[4,21,31,40,47,47],"current_hp_per_floor":[66,66,68,68,68,37,40,40,40,40,40,12,36,42,42,18,65,57,57,59,59,45,31,55,48,48,41,41,41,41,41,41,13,63,60,60,80,73,73,73,73,73,73,73,52,52,52,55,55,72],"gold":93,"neow_bonus":"TRANSFORM_CARD","is_prod":false,"is_daily":false,"chose_seed":false,"campfire_upgraded":9,"win_rate":0,"timestamp":1552753047,"path_taken":["M","M","M","$","?","E","M","R","T","R","M","E","R","?","R","BOSS","M","?","M","$","M","E","R","M","T","E","R","?","?","$","R","BOSS","M","?","?","M","?","?","?","R","T","R","?","R","$","M","R","BOSS"],"build_version":"2019-01-23","purchased_purges":3,"victory":true,"max_hp_per_floor":[80,80,80,80,80,80,80,80,80,80,80,80,80,80,80,80,80,80,80,80,80,80,80,80,80,80,80,80,80,80,80,80,80,80,80,80,80,80,80,80,80,80,80,80,80,80,80,80,80,80],"card_choices":[{"not_picked":["Thunderclap","Feel No Pain"],"picked":"Cleave","floor":1},{"not_picked":["Clash","Rage"],"picked":"Disarm","floor":2},{"not_picked":["Searing Blow","Pummel"],"picked":"Headbutt","floor":3},{"not_picked":["Whirlwind","Clothesline"],"picked":"Feel No Pain","floor":6},{"not_picked":["Twin Strike","Flex"],"picked":"Thunderclap","floor":7},{"not_picked":["Searing Blow","Warcry"],"picked":"Pommel Strike","floor":11},{"not_picked":["Rage","Twin Strike"],"picked":"Corruption","floor":12},{"not_picked":["Reckless Charge","Seeing Red"],"picked":"Battle Trance","floor":13},{"not_picked":["Iron Wave","Dark Embrace"],"picked":"Shrug It Off","floor":14},{"not_picked":["Dark Embrace","Offering"],"picked":"Demon Form","floor":16},{"not_picked":[],"picked":"Pummel+1","floor":18},{"not_picked":["Twin Strike"],"picked":"SKIP","floor":20},{"not_picked":["Twin Strike"],"picked":"SKIP","floor":22},{"not_picked":[],"picked":"Impervious","floor":23},{"not_picked":[],"picked":"Armaments","floor":24},{"not_picked":["Armaments"],"picked":"SKIP","floor":25},{"not_picked":[],"picked":"Dark Embrace","floor":27},{"not_picked":["Sword Boomerang+1"],"picked":"SKIP","floor":35},{"not_picked":["Hemokinesis+1"],"picked":"SKIP","floor":38},{"not_picked":["Dropkick+1"],"picked":"SKIP","floor":45},{"not_picked":["Perfected Strike+1"],"picked":"SKIP","floor":48}],"player_experience":428186,"relics_obtained":[{"floor":6,"key":"Dream Catcher"},{"floor":9,"key":"Boot"},{"floor":12,"key":"Bag of Preparation"},{"floor":23,"key":"Bag of Marbles"},{"floor":26,"key":"Calipers"},{"floor":27,"key":"Molten Egg 2"},{"floor":30,"key":"Omamori"},{"floor":37,"key":"Old Coin"},{"floor":43,"key":"Peace Pipe"}],"event_choices":[{"cards_removed":["Strike_R"],"damage_healed":0,"gold_gain":0,"player_choice":"Purged","damage_taken":0,"max_hp_gain":0,"max_hp_loss":0,"event_name":"Purifier","floor":5,"gold_loss":0},{"damage_healed":0,"gold_gain":0,"player_choice":"Ignored","damage_taken":0,"max_hp_gain":0,"max_hp_loss":0,"event_name":"Ghosts","floor":19,"gold_loss":0},{"damage_healed":0,"gold_gain":99,"player_choice":"Stole From Cult","damage_taken":0,"max_hp_gain":0,"max_hp_loss":0,"event_name":"Nest","floor":29,"gold_loss":0},{"damage_healed":0,"gold_gain":0,"player_choice":"Memory 1","damage_taken":0,"max_hp_gain":0,"max_hp_loss":0,"event_name":"SensoryStone","floor":36,"gold_loss":0},{"damage_healed":0,"gold_gain":0,"player_choice":"Fight","damage_taken":0,"max_hp_gain":0,"max_hp_loss":0,"event_name":"MindBloom","floor":37,"gold_loss":0},{"damage_healed":0,"gold_gain":0,"player_choice":"Ignored","damage_taken":0,"max_hp_gain":0,"max_hp_loss":0,"event_name":"Mysterious Sphere","floor":39,"gold_loss":0},{"cards_removed":["Bash"],"damage_healed":0,"gold_gain":0,"player_choice":"Removed Attack","damage_taken":0,"max_hp_gain":0,"max_hp_loss":0,"event_name":"Falling","floor":41,"gold_loss":0}],"is_beta":false,"boss_relics":[{"not_picked":["Empty Cage","Runic Dome"],"picked":"Busted Crown"},{"not_picked":["Snecko Eye","Runic Cube"],"picked":"Mark of Pain"}],"items_purged_floors":[4,31,40],"is_endless":false,"potions_floor_spawned":[2,6,12,14,23,27,33,35,38,48],"ascension_level":13}