{"path_per_floor":["M","M","?","M","T","R","E","R","T","R","M","$","?","E","R","B",null,"M","?","?","M","$","R","M","M","T","?","M","?","M","$","R"],"character_chosen":"IRONCLAD","items_purchased":["Anchor","Finesse","Bandage Up","Bag of Marbles"],"gold_per_floor":[113,125,75,90,90,90,421,421,421,421,438,126,126,152,152,253,253,268,268,358,369,33,33,43,61,61,61,80,80,91,91,91],"floor_reached":33,"campfire_rested":2,"playtime":2402,"current_hp_per_floor":[76,76,76,76,76,76,65,65,65,65,62,62,62,50,50,35,80,64,64,48,42,42,80,34,22,22,22,24,24,23,23,62],"items_purged":["Strike_R","Strike_R"],"gold":91,"score":281,"play_id":"8e0949ac-d8ed-49fb-8f30-5b71f8161249","is_prod":false,"is_daily":false,"is_ascension_mode":true,"campfire_upgraded":4,"path_taken":["M","M","?","M","?","R","E","R","T","R","M","$","?","E","R","BOSS","M","?","?","M","$","R","M","M","T","?","?","?","?","?","R","BOSS"],"build_version":"2018-02-12-PROD1","purchased_purges":2,"victory":false,"master_deck":["Strike_R","Defend_R","Defend_R+1","Defend_R","Defend_R+1","Bash","Heavy Blade","Clash+1","Infernal Blade+1","Shrug It Off+1","Finesse+1","Disarm+1","Fire Breathing","Writhe","Bandage Up","Warcry"],"max_hp_per_floor":[80,80,80,80,80,80,80,80,80,80,80,80,80,80,80,80,80,80,80,80,80,80,80,80,80,80,80,80,80,83,83,83],"relics":["Lizard Tail","Regal Pillow","Old Coin","Bronze Scales","Anchor","Lantern","Velvet Choker","War Paint","Bag of Marbles","Gambling Chip"],"card_choices":[{"not_picked":["Rampage","Fire Breathing"],"picked":"Heavy Blade"},{"not_picked":["Burning Pact","Heavy Blade"],"picked":"Clash"},{"not_picked":["Wild Strike","Anger"],"picked":"Infernal Blade"},{"not_picked":["Intimidate","Wild Strike"],"picked":"Shrug It Off"},{"not_picked":["Power Through","Anger"],"picked":"Disarm"},{"not_picked":["Body Slam","Iron Wave"],"picked":"Fire Breathing"},{"not_picked":["Pommel Strike","Evolve"],"picked":"Warcry"}],"player_experience":66614,"potions_floor_usage":[16,21,25,28,30,30,33],"damage_taken":[{"damage":4,"enemies":"2 Louse","floor":1,"turns":4},{"damage":0,"enemies":"Small Slimes","floor":2,"turns":3},{"damage":0,"enemies":"Cultist","floor":4,"turns":2},{"damage":11,"enemies":"Gremlin Nob","floor":7,"turns":3},{"damage":3,"enemies":"Large Slime","floor":11,"turns":6},{"damage":12,"enemies":"Lagavulin","floor":14,"turns":5},{"damage":15,"enemies":"The Guardian","floor":16,"turns":6},{"damage":16,"enemies":"Spheric Guardian","floor":18,"turns":4},{"damage":6,"enemies":"2 Thieves","floor":21,"turns":3},{"damage":50,"enemies":"Cultist and Chosen","floor":24,"turns":8},{"damage":16,"enemies":"Slaver and Parasite","floor":25,"turns":8},{"damage":2,"enemies":"Snecko","floor":28,"turns":4},{"damage":69,"enemies":"Cultist and Chosen","floor":30,"turns":10},{"damage":82,"enemies":"Collector","floor":33,"turns":10}],"event_choices":[{"event_name":"The Cleric","player_choice":"Card Removal","floor":3,"damage_taken":0},{"event_name":"Purifier","player_choice":"One Purge","floor":13,"damage_taken":0},{"event_name":"The Mausoleum","player_choice":"Yes","floor":19,"damage_taken":0},{"event_name":"Knowing Skull","player_choice":"GOLD ","floor":20,"damage_taken":0},{"event_name":"The Lab","player_choice":"Got Potions","floor":27,"damage_taken":0},{"event_name":"Upgrade Shrine","player_choice":"Upgraded","floor":29,"damage_taken":0}],"boss_relics":[{"not_picked":["Question Card","Astrolabe"],"picked":"Velvet Choker"}],"potions_floor_spawned":[1,2,11,21,24,28],"seed_played":"435690004896220110","killed_by":"Collector","ascension_level":2,"is_trial":false}