{"path_per_floor":["M","$","M","?","$","R","M","R","T","M","E","M","M","$","R","B",null,"M","M","M","M","M","R","$","R","T","R","M","?","M","M","R","B",null,"M","$","?","?","M"],"character_chosen":"THE_SILENT","items_purchased":["Noxious Fumes","Apotheosis","Sucker Punch"],"gold_per_floor":[217,142,158,158,81,81,95,95,95,113,148,163,179,4,4,78,78,33,33,33,33,33,33,10,10,10,10,10,10,10,10,10,10,10,10,10,0,0,0],"floor_reached":40,"campfire_rested":3,"playtime":3402,"current_hp_per_floor":[44,44,44,44,44,44,43,43,43,31,19,16,16,16,34,33,56,36,35,35,35,19,19,19,37,37,55,52,44,44,44,44,44,44,44,44,44,44,34],"items_purged":["Parasite"],"gold":0,"score":692,"play_id":"8cf1e3f6-b000-486c-b122-673880dc31b3","local_time":"20180309234048","is_prod":false,"is_daily":false,"is_ascension_mode":true,"campfire_upgraded":4,"timestamp":1520635248,"path_taken":["M","$","M","?","$","R","M","R","T","M","E","M","M","$","R","BOSS","M","M","?","?","M","R","$","R","T","R","M","?","?","M","R","BOSS","M","$","?","?","M","E"],"build_version":"2018-03-09","purchased_purges":1,"victory":false,"master_deck":["Defend_G","Defend_G","Defend_G","Defend_G","Defend_G","Survivor","Neutralize+1","Quick Slash","Noxious Fumes+1","Well Laid Plans","Quick Slash+1","Infinite Blades","Infinite Blades","PiercingWail","Apotheosis+1","Die Die Die","Leg Sweep","Blur","Backflip","Backflip","Bane","Sucker Punch","Backflip","Bite","Bite","Bite","Bite","Bite","Caltrops+1","Venomology","Normality","Malaise"],"max_hp_per_floor":[66,63,63,63,63,63,63,63,63,63,63,63,63,63,63,63,63,63,63,63,63,63,63,63,63,63,63,63,44,44,44,44,44,44,44,44,44,44,44],"relics":["Ring of the Snake","Unceasing Top","Whetstone","Ectoplasm","Omamori","Calling Bell","Blue Candle","Bird Faced Urn","Toolbox","Red Mask"],"card_choices":[{"not_picked":["Well Laid Plans","Flechettes"],"picked":"Quick Slash"},{"not_picked":["Blur","Poisoned Stab"],"picked":"Well Laid Plans"},{"not_picked":["Acrobatics","Terror"],"picked":"Quick Slash"},{"not_picked":["Corpse Explosion","Slice"],"picked":"Infinite Blades"},{"not_picked":["Quick Slash","Reflex"],"picked":"Infinite Blades"},{"not_picked":["Finisher","Dodge and Roll"],"picked":"PiercingWail"},{"not_picked":["Envenom","Wraith Form"],"picked":"Die Die Die"},{"not_picked":["Cloak And Dagger","Prepared"],"picked":"Leg Sweep"},{"not_picked":["Deadly Poison","Masterful Stab"],"picked":"Blur"},{"not_picked":["Bane","Dagger Spray"],"picked":"Backflip"},{"not_picked":["Deflect","Bane"],"picked":"Backflip"},{"not_picked":["Distraction","Endless Agony"],"picked":"Bane"},{"not_picked":["Prepared","Quick Slash"],"picked":"Backflip"},{"not_picked":["Infinite Blades","Acrobatics"],"picked":"Caltrops"},{"not_picked":["Tactician","Phantasmal Killer"],"picked":"Venomology"},{"not_picked":["Cloak And Dagger","Quick Slash"],"picked":"Malaise"}],"player_experience":254603,"potions_floor_usage":[39,39,40,40],"damage_taken":[{"damage":15.0,"enemies":"Jaw Worm","floor":1.0,"turns":8.0},{"damage":0.0,"enemies":"2 Louse","floor":3.0,"turns":4.0},{"damage":1.0,"enemies":"Small Slimes","floor":7.0,"turns":3.0},{"damage":12.0,"enemies":"Gremlin Gang","floor":10.0,"turns":7.0},{"damage":21.0,"enemies":"Gremlin Nob","floor":11.0,"turns":5.0},{"damage":3.0,"enemies":"3 Louse","floor":12.0,"turns":4.0},{"damage":0.0,"enemies":"2 Fungi Beasts","floor":13.0,"turns":3.0},{"damage":1.0,"enemies":"The Guardian","floor":16.0,"turns":12.0},{"damage":20.0,"enemies":"2 Thieves","floor":18.0,"turns":4.0},{"damage":1.0,"enemies":"Spheric Guardian","floor":19.0,"turns":6.0},{"damage":12.0,"enemies":"Snecko","floor":20.0,"turns":7.0},{"damage":0.0,"enemies":"Centurion and Healer","floor":21.0,"turns":6.0},{"damage":16.0,"enemies":"Snake Plant","floor":22.0,"turns":6.0},{"damage":3.0,"enemies":"Cultist and Chosen","floor":28.0,"turns":8.0},{"damage":31.0,"enemies":"Slaver and Parasite","floor":30.0,"turns":9.0},{"damage":4.0,"enemies":"Sentry and Sphere","floor":31.0,"turns":8.0},{"damage":26.0,"enemies":"Collector","floor":33.0,"turns":12.0},{"damage":1,"enemies":"3 Shapes","floor":35,"turns":7},{"damage":26,"enemies":"3 Darklings","floor":39,"turns":7},{"damage":60,"enemies":"2 Orb Walkers","floor":40,"turns":4}],"event_choices":[{"event_name":"Liars Game","player_choice":"disagreed","floor":4.0,"damage_taken":0.0},{"event_name":"Vampires","player_choice":"Became a vampire","floor":29.0,"damage_taken":0.0},{"event_name":"Tomb of Lord Red Mask","player_choice":"Paid","floor":37,"damage_taken":0},{"event_name":"Mysterious Sphere","player_choice":"Ignore","floor":38,"damage_taken":0}],"boss_relics":[{"not_picked":["The Specimen","Eternal Feather"],"picked":"Calling Bell"}],"potions_floor_spawned":[3,7,16,19,22,31],"seed_played":"-9226710055260417","killed_by":"2 Orb Walkers","ascension_level":14,"is_trial":false}