{"path_per_floor":["M","?","M","?","M","R","E","R","T","R","E","?","?","M","R","B",null,"M","M","?","M","$","R","E","R","T","?","R","E","M"],"character_chosen":"IRONCLAD","items_purchased":[],"gold_per_floor":[116,116,135,135,149,149,183,183,235,235,270,294,294,310,310,405,405,421,432,432,449,374,374,403,403,703,703,703,728,739],"floor_reached":31,"campfire_rested":4,"playtime":2126,"current_hp_per_floor":[80,80,80,80,73,73,48,48,55,82,56,62,62,63,63,34,94,69,42,42,41,41,69,30,58,58,42,70,27,19],"items_purged":["Strike_R"],"gold":739,"score":334,"play_id":"e1d47632-f618-4091-9520-cb453c49f034","is_prod":false,"is_daily":false,"is_ascension_mode":true,"campfire_upgraded":3,"path_taken":["M","?","M","?","M","R","E","R","T","R","E","?","?","M","R","BOSS","M","M","?","M","$","R","E","R","T","?","R","E","M","M"],"build_version":"2018-02-08-PROD1","purchased_purges":1,"victory":false,"master_deck":["Defend_R","Defend_R","Defend_R+1","Defend_R","Bash","Armaments+1","Blood for Blood","Immolate","Feed+1","Whirlwind+1","Heavy Blade","Demon Form","Infernal Blade+1","Metallicize"],"max_hp_per_floor":[80,80,80,80,80,80,83,83,90,90,94,94,94,94,94,94,94,94,94,94,94,94,94,94,94,94,94,94,94,98],"relics":["Burning Blood","Ginger","Bag of Preparation","Odd Mushroom","Sozu","Nloth\u0027s Gift","Letter Opener","Old Coin","Nilry\u0027s Codex","War Paint"],"card_choices":[{"not_picked":["Pummel","Thunderclap"],"picked":"Armaments"},{"not_picked":["Anger","Iron Wave"],"picked":"Blood for Blood"},{"not_picked":["Uppercut","Shrug It Off"],"picked":"Feed"},{"not_picked":["Shrug It Off","Barricade"],"picked":"Whirlwind"},{"not_picked":["Headbutt","True Grit"],"picked":"Heavy Blade"},{"not_picked":["Double Tap","Offering"],"picked":"Demon Form"},{"not_picked":["Clash","Hemokinesis"],"picked":"Infernal Blade"},{"not_picked":["Battle Trance","Flame Barrier"],"picked":"Metallicize"}],"player_experience":61096,"potions_floor_usage":[12,16,16],"damage_taken":[{"damage":1,"enemies":"Cultist","floor":1,"turns":3},{"damage":0,"enemies":"Blue Slaver","floor":3,"turns":8},{"damage":13,"enemies":"Jaw Worm","floor":5,"turns":5},{"damage":34,"enemies":"Gremlin Nob","floor":7,"turns":5},{"damage":36,"enemies":"Lagavulin","floor":11,"turns":6},{"damage":0,"enemies":"The Mushroom Lair","floor":12,"turns":1},{"damage":5,"enemies":"Gremlin Gang","floor":14,"turns":2},{"damage":35,"enemies":"Hexaghost","floor":16,"turns":10},{"damage":31,"enemies":"Shell Parasite","floor":18,"turns":7},{"damage":33,"enemies":"2 Thieves","floor":19,"turns":3},{"damage":7,"enemies":"Snecko","floor":21,"turns":4},{"damage":45,"enemies":"Gremlin Leader","floor":24,"turns":6},{"damage":49,"enemies":"Book of Stabbing","floor":29,"turns":6},{"damage":18,"enemies":"Centurion and Healer","floor":30,"turns":6},{"damage":20,"enemies":"3 Cultists","floor":31,"turns":4}],"event_choices":[{"event_name":"Wheel of Change","player_choice":"Card Removal","floor":2,"damage_taken":0},{"event_name":"Transmorgrifier","player_choice":"Transform","floor":4,"damage_taken":0},{"event_name":"Mushrooms","player_choice":"Fought Mushrooms","floor":12,"damage_taken":0},{"event_name":"Living Wall","player_choice":"Forget","floor":13,"damage_taken":0},{"event_name":"N\u0027loth","player_choice":"Traded a Strawberry","floor":20,"damage_taken":0},{"event_name":"Cursed Tome","player_choice":"Obtained Book","floor":27,"damage_taken":0}],"boss_relics":[{"not_picked":["Ectoplasm","Black Star"],"picked":"Sozu"}],"potions_floor_spawned":[3,12,14,16,18,19,24,30],"seed_played":"4203355284287085483","killed_by":"3 Cultists","ascension_level":2,"is_trial":false}