{"gold_per_floor":[112,124,124,49,68,68,101,101,101,16,32,50,70,80,80,152,152,166,3,0,15,15,15,15],"floor_reached":24,"playtime":1022,"items_purged":["Strike_B"],"score":366,"play_id":"d5dd0e63-b965-4285-9487-67e8b3fc9c08","local_time":"20190414154548","is_ascension_mode":true,"campfire_choices":[{"data":"Zap","floor":6,"key":"SMITH"},{"data":"Loop","floor":8,"key":"SMITH"},{"data":"Capacitor","floor":15,"key":"SMITH"},{"data":"Glacier","floor":23,"key":"SMITH"}],"neow_cost":"NONE","seed_source_timestamp":239287605217018,"circlet_count":0,"master_deck":["AscendersBane","Strike_B","Defend_B","Defend_B","Defend_B","Defend_B","Zap+1","Dualcast","Cold Snap","Conserve Battery","Thinking Ahead","Ball Lightning","Loop+1","Glacier+1","Capacitor+1","Self Repair","Echo Form","Streamline","Machine Learning","Cold Snap+1","RitualDagger"],"relics":["Cracked Core","Mummified Hand","Bird Faced Urn","Empty Cage"],"potions_floor_usage":[16,21,24],"damage_taken":[{"damage":0,"enemies":"2 Louse","floor":1,"turns":1},{"damage":0,"enemies":"Cultist","floor":2,"turns":3},{"damage":0,"enemies":"Small Slimes","floor":5,"turns":3},{"damage":21,"enemies":"Lagavulin","floor":7,"turns":5},{"damage":3,"enemies":"Exordium Wildlife","floor":11,"turns":4},{"damage":0,"enemies":"Red Slaver","floor":12,"turns":4},{"damage":11,"enemies":"Large Slime","floor":13,"turns":4},{"damage":5,"enemies":"Lots of Slimes","floor":14,"turns":5},{"damage":28,"enemies":"The Guardian","floor":16,"turns":13},{"damage":26,"enemies":"Shell Parasite","floor":18,"turns":9},{"damage":24,"enemies":"Chosen","floor":21,"turns":5},{"damage":84,"enemies":"Gremlin Leader","floor":24,"turns":6}],"seed_played":"3794291303716718622","potions_obtained":[{"floor":1,"key":"FearPotion"},{"floor":2,"key":"SneckoOil"},{"floor":11,"key":"Regen Potion"},{"floor":14,"key":"LiquidBronze"},{"floor":16,"key":"EssenceOfSteel"}],"is_trial":false,"path_per_floor":["M","M","?","$","M","R","E","R","T","$","M","M","M","M","R","B",null,"M","$","?","M","?","R","E"],"character_chosen":"DEFECT","items_purchased":["Glacier","Machine Learning"],"campfire_rested":0,"item_purchase_floors":[10,19],"current_hp_per_floor":[64,64,64,64,64,64,43,43,43,43,42,44,37,45,45,30,61,52,52,52,70,64,64,0],"gold":15,"neow_bonus":"RANDOM_COLORLESS","is_prod":false,"is_daily":false,"chose_seed":false,"campfire_upgraded":4,"win_rate":0,"timestamp":1555249548,"path_taken":["M","M","?","$","M","R","E","R","T","$","M","M","?","M","R","BOSS","M","$","?","M","?","R","E"],"build_version":"2019-01-23","purchased_purges":1,"victory":false,"max_hp_per_floor":[71,71,71,71,71,71,71,71,71,71,71,71,71,71,71,71,71,71,71,71,71,71,71,71],"card_choices":[{"not_picked":["Beam Cell","Darkness"],"picked":"Cold Snap","floor":1},{"not_picked":["BootSequence","Steam Power"],"picked":"Conserve Battery","floor":2},{"not_picked":["Steam","Coolheaded"],"picked":"Ball Lightning","floor":5},{"not_picked":["Biased Cognition","Steam"],"picked":"Loop","floor":7},{"not_picked":["Consume","Tempest","Storm"],"picked":"SKIP","floor":11},{"not_picked":["Coolheaded","Conserve Battery"],"picked":"Capacitor","floor":12},{"not_picked":["Streamline","Conserve Battery"],"picked":"Self Repair","floor":13},{"not_picked":["Redo","Storm","Stack"],"picked":"SKIP","floor":14},{"not_picked":["Hyperbeam","Rainbow"],"picked":"Echo Form","floor":16},{"not_picked":["Barrage","Steam"],"picked":"Streamline","floor":18},{"not_picked":["Beam Cell","Turbo"],"picked":"Cold Snap+1","floor":21}],"player_experience":494934,"relics_obtained":[{"floor":7,"key":"Mummified Hand"},{"floor":9,"key":"Bird Faced Urn"}],"event_choices":[{"damage_healed":0,"gold_gain":0,"cards_transformed":["Impatience"],"player_choice":"Transformed","damage_taken":0,"max_hp_gain":0,"max_hp_loss":0,"event_name":"Transmorgrifier","floor":3,"gold_loss":0,"cards_obtained":["Thinking Ahead"]},{"damage_healed":0,"gold_gain":0,"player_choice":"Paid Fearfully","damage_taken":0,"max_hp_gain":0,"max_hp_loss":0,"event_name":"Masked Bandits","floor":20,"gold_loss":3},{"damage_healed":0,"gold_gain":0,"player_choice":"Joined the Cult","damage_taken":6,"max_hp_gain":0,"max_hp_loss":0,"event_name":"Nest","floor":22,"gold_loss":0,"cards_obtained":["RitualDagger"]}],"is_beta":false,"boss_relics":[{"not_picked":["Lizard Tail","Runic Dome"],"picked":"Empty Cage"}],"items_purged_floors":[4],"is_endless":false,"potions_floor_spawned":[1,2,11,14,16,18],"killed_by":"Gremlin Leader","ascension_level":17}