{"gold_per_floor":[109,109,109,128,138,138,166,166,166,166],"floor_reached":10,"playtime":243,"items_purged":[],"score":125,"play_id":"d15feea6-5c13-4236-b9f0-4fa69a0b8fa8","local_time":"20190501003721","is_ascension_mode":true,"campfire_choices":[{"data":"Bash","floor":6,"key":"SMITH"},{"floor":8,"key":"REST"}],"neow_cost":"NONE","seed_source_timestamp":1654428941862017,"circlet_count":0,"master_deck":["AscendersBane","Strike_R","Strike_R","Strike_R","Strike_R","Strike_R","Defend_R","Defend_R","Defend_R","Defend_R","Bash+1","Sword Boomerang","Flex","Ghostly Armor","Pommel Strike","Cleave"],"relics":["Burning Blood","NeowsBlessing","Dodecahedron","The Courier","Pear"],"potions_floor_usage":[],"damage_taken":[{"damage":0,"enemies":"Small Slimes","floor":1,"turns":1},{"damage":0,"enemies":"Cultist","floor":4,"turns":2},{"damage":0,"enemies":"Jaw Worm","floor":5,"turns":1},{"damage":65,"enemies":"3 Sentries","floor":7,"turns":11},{"damage":43,"enemies":"Exordium Thugs","floor":10,"turns":6}],"seed_played":"3731023416961027674","potions_obtained":[{"floor":4,"key":"SteroidPotion"}],"is_trial":false,"path_per_floor":["M","?","?","M","M","R","E","R","T","M"],"character_chosen":"IRONCLAD","items_purchased":[],"campfire_rested":1,"item_purchase_floors":[],"current_hp_per_floor":[74,56,56,62,68,68,9,31,41,0],"gold":166,"neow_bonus":"THREE_ENEMY_KILL","is_prod":false,"is_daily":false,"chose_seed":false,"campfire_upgraded":1,"win_rate":0,"timestamp":1556663841,"path_taken":["M","?","?","?","M","R","E","R","T","M"],"build_version":"2019-01-23","purchased_purges":0,"victory":false,"max_hp_per_floor":[75,75,75,75,75,75,75,75,85,85],"card_choices":[{"not_picked":["Thunderclap","Sentinel"],"picked":"Sword Boomerang","floor":1},{"not_picked":["Evolve","Anger"],"picked":"Ghostly Armor","floor":4},{"not_picked":["Intimidate","Clash"],"picked":"Pommel Strike","floor":5},{"not_picked":["Immolate","Clash"],"picked":"Cleave","floor":7}],"player_experience":535468,"relics_obtained":[{"floor":7,"key":"The Courier"},{"floor":9,"key":"Pear"}],"event_choices":[{"damage_healed":0,"gold_gain":0,"player_choice":"Success","damage_taken":18,"relics_obtained":["Dodecahedron"],"max_hp_gain":0,"max_hp_loss":0,"event_name":"Scrap Ooze","floor":2,"gold_loss":0},{"damage_healed":0,"gold_gain":0,"player_choice":"1 cards matched","damage_taken":0,"max_hp_gain":0,"max_hp_loss":0,"event_name":"Match and Keep!","floor":3,"gold_loss":0,"cards_obtained":["Flex"]}],"is_beta":false,"boss_relics":[],"items_purged_floors":[],"is_endless":false,"potions_floor_spawned":[4],"killed_by":"Exordium Thugs","ascension_level":18}