{"gold_per_floor":[109,109,134,3,27,67,67,102,102,102,102,121,154,154],"floor_reached":14,"playtime":477,"items_purged":["Strike_R"],"score":211,"play_id":"a89bfa1f-3e25-4dcd-b35a-b121b39f70ba","local_time":"20190526202918","is_ascension_mode":true,"campfire_choices":[{"floor":7,"key":"REST"},{"floor":11,"key":"REST"}],"neow_cost":"NONE","seed_source_timestamp":694217549239525,"circlet_count":0,"master_deck":["AscendersBane","Strike_R","Strike_R","Defend_R","Defend_R","Defend_R","Defend_R","Bash","Sever Soul","Cleave","Cleave","Shrug It Off","Clothesline","Armaments","Ghostly Armor"],"relics":["Burning Blood","Golden Idol","Bag of Marbles","Kunai","Darkstone Periapt","Pear"],"potions_floor_usage":[6,8],"damage_taken":[{"damage":2,"enemies":"2 Louse","floor":1,"turns":4},{"damage":9,"enemies":"Jaw Worm","floor":3,"turns":5},{"damage":1,"enemies":"Cultist","floor":5,"turns":3},{"damage":47,"enemies":"3 Sentries","floor":6,"turns":10},{"damage":8,"enemies":"Gremlin Nob","floor":8,"turns":3},{"damage":15,"enemies":"Large Slime","floor":12,"turns":5},{"damage":42,"enemies":"Lagavulin","floor":13,"turns":6},{"damage":38,"enemies":"Exordium Thugs","floor":14,"turns":5}],"seed_played":"-8158629871496725332","potions_obtained":[{"floor":3,"key":"PowerPotion"},{"floor":5,"key":"BloodPotion"},{"floor":8,"key":"Explosive Potion"}],"is_trial":false,"path_per_floor":["M","?","M","$","M","E","R","E","T","?","R","M","E","M"],"character_chosen":"IRONCLAD","items_purchased":["Cleave"],"campfire_rested":2,"item_purchase_floors":[4],"current_hp_per_floor":[72,46,43,43,48,14,36,34,34,34,56,47,21,0],"gold":154,"neow_bonus":"REMOVE_CARD","is_prod":false,"is_daily":false,"chose_seed":false,"campfire_upgraded":0,"win_rate":0,"timestamp":1558895358,"path_taken":["M","?","M","$","M","E","R","E","T","?","R","M","E","M"],"build_version":"2019-01-23","purchased_purges":1,"victory":false,"max_hp_per_floor":[75,75,75,75,75,75,75,75,75,75,75,75,85,85],"card_choices":[{"not_picked":["Warcry","Second Wind"],"picked":"Sever Soul","floor":1},{"not_picked":["Wild Strike","Seeing Red"],"picked":"Cleave","floor":3},{"not_picked":["Clash","Pommel Strike"],"picked":"Shrug It Off","floor":5},{"not_picked":["Warcry","Dual Wield","Combust"],"picked":"SKIP","floor":6},{"not_picked":["Brutality","Sentinel"],"picked":"Clothesline","floor":8},{"not_picked":["Iron Wave","Havoc"],"picked":"Armaments","floor":12},{"not_picked":["Thunderclap","Headbutt"],"picked":"Ghostly Armor","floor":13}],"player_experience":585514,"relics_obtained":[{"floor":6,"key":"Bag of Marbles"},{"floor":8,"key":"Kunai"},{"floor":9,"key":"Darkstone Periapt"},{"floor":13,"key":"Pear"}],"event_choices":[{"damage_healed":0,"gold_gain":0,"player_choice":"Take Damage","damage_taken":26,"relics_obtained":["Golden Idol"],"max_hp_gain":0,"max_hp_loss":0,"event_name":"Golden Idol","floor":2,"gold_loss":0},{"cards_removed":["Strike_R"],"damage_healed":0,"gold_gain":0,"player_choice":"Purged","damage_taken":0,"max_hp_gain":0,"max_hp_loss":0,"event_name":"Purifier","floor":10,"gold_loss":0}],"is_beta":false,"boss_relics":[],"items_purged_floors":[4],"is_endless":false,"potions_floor_spawned":[3,5,8],"killed_by":"Exordium Thugs","ascension_level":19}