{"gold_per_floor":[116,133,150,166,166,199,212,241,241,241,255,329,339,358,358,458,508,524,623,635,649,114,114,131,131,131,131,143,176,11,30,30,30],"floor_reached":33,"playtime":1977,"items_purged":["Strike_R"],"score":428,"play_id":"88ba69fb-c8d8-4554-9f09-ab67da58ea09","local_time":"20190606180844","is_ascension_mode":false,"campfire_choices":[{"floor":10.0,"key":"REST"},{"data":"True Grit","floor":15.0,"key":"SMITH"},{"data":"Corruption","floor":23.0,"key":"SMITH"},{"data":"HandOfGreed","floor":27.0,"key":"SMITH"},{"data":"Transmutation","floor":32.0,"key":"SMITH"}],"neow_cost":"CURSE","seed_source_timestamp":0,"circlet_count":0,"master_deck":["Strike_R","Strike_R","Strike_R","Strike_R","Defend_R","Defend_R","Defend_R","Defend_R","Bash","Power Through","Disarm+1","True Grit+1","Headbutt","Ghostly Armor","Iron Wave","Exhume","Heavy Blade","Disarm","Iron Wave","Fiend Fire","Inflame","Inflame","Body Slam+1","Metallicize","HandOfGreed+1","Corruption+1","Feel No Pain","Immolate","Transmutation+1","Shrug It Off"],"special_seed":0,"relics":["Burning Blood","Unceasing Top","Bronze Scales","Mango","Matryoshka","PreservedInsect","Letter Opener","Tiny House","OrangePellets","Happy Flower","Kunai","Calipers"],"potions_floor_usage":[33,33],"damage_taken":[{"damage":3.0,"enemies":"Cultist","floor":1.0,"turns":3.0},{"damage":6.0,"enemies":"Jaw Worm","floor":2.0,"turns":5.0},{"damage":8.0,"enemies":"2 Louse","floor":3.0,"turns":4.0},{"damage":8.0,"enemies":"Looter","floor":4.0,"turns":5.0},{"damage":34.0,"enemies":"Gremlin Nob","floor":6.0,"turns":5.0},{"damage":4.0,"enemies":"Large Slime","floor":7.0,"turns":7.0},{"damage":36.0,"enemies":"Lagavulin","floor":8.0,"turns":10.0},{"damage":9.0,"enemies":"Blue Slaver","floor":11.0,"turns":4.0},{"damage":7.0,"enemies":"Looter","floor":13.0,"turns":4.0},{"damage":6.0,"enemies":"Exordium Wildlife","floor":14.0,"turns":4.0},{"damage":12.0,"enemies":"Hexaghost","floor":16.0,"turns":14.0},{"damage":22.0,"enemies":"Shell Parasite","floor":18.0,"turns":6.0},{"damage":31.0,"enemies":"Spheric Guardian","floor":20.0,"turns":6.0},{"damage":20.0,"enemies":"Cultist and Chosen","floor":21.0,"turns":9.0},{"damage":18.0,"enemies":"3 Cultists","floor":24.0,"turns":7.0},{"damage":0.0,"enemies":"Slavers","floor":25.0,"turns":1.0},{"damage":6.0,"enemies":"Snake Plant","floor":28.0,"turns":5.0},{"damage":9.0,"enemies":"Gremlin Leader","floor":29.0,"turns":5.0},{"damage":7.0,"enemies":"Chosen and Byrds","floor":31.0,"turns":8.0},{"damage":71,"enemies":"Automaton","floor":33,"turns":6}],"seed_played":"6979024464231330548","potions_obtained":[{"floor":1.0,"key":"Dexterity Potion"},{"floor":3.0,"key":"Explosive Potion"},{"floor":7.0,"key":"EssenceOfSteel"},{"floor":14.0,"key":"SteroidPotion"},{"floor":16.0,"key":"Energy Potion"},{"floor":17.0,"key":"Swift Potion"},{"floor":18.0,"key":"PowerPotion"},{"floor":21.0,"key":"SkillPotion"},{"floor":24.0,"key":"SmokeBomb"},{"floor":31.0,"key":"Ancient Potion"}],"is_trial":false,"path_per_floor":["M","M","M","M","?","E","M","E","T","R","M","T","M","M","R","B",null,"M","?","M","M","$","R","M","E","T","R","M","E","$","M","R","B"],"character_chosen":"IRONCLAD","items_purchased":["OrangePellets","HandOfGreed","Corruption","Transmutation"],"campfire_rested":1,"item_purchase_floors":[22,22,22,30],"current_hp_per_floor":[80,80,78,76,69,41,43,27,27,55,52,52,51,51,51,45,99,83,83,58,44,44,44,32,38,38,38,38,35,35,34,34,0],"gold":30,"neow_bonus":"ONE_RARE_RELIC","is_prod":false,"is_daily":false,"chose_seed":false,"campfire_upgraded":4,"win_rate":0,"timestamp":1559840924,"path_taken":["M","M","?","M","?","E","M","E","T","R","M","?","M","M","R","BOSS","M","?","M","M","$","R","M","E","T","R","M","E","$","M","R","BOSS"],"build_version":"2019-01-23","purchased_purges":1,"victory":false,"max_hp_per_floor":[80,80,80,80,80,80,80,94,94,94,94,94,94,94,94,94,99,99,99,99,99,99,99,99,99,99,99,99,99,99,99,99,99],"card_choices":[{"not_picked":["Wild Strike","Rage"],"picked":"Power Through","floor":1.0},{"not_picked":["True Grit","Metallicize"],"picked":"Disarm","floor":2.0},{"not_picked":["Evolve","Warcry"],"picked":"True Grit","floor":3.0},{"not_picked":["Blood for Blood","Burning Pact"],"picked":"Headbutt","floor":4.0},{"not_picked":["Heavy Blade","Shrug It Off"],"picked":"Ghostly Armor","floor":6.0},{"not_picked":["Wild Strike","Fire Breathing"],"picked":"Iron Wave","floor":7.0},{"not_picked":["Anger","Infernal Blade"],"picked":"Exhume","floor":8.0},{"not_picked":["Wild Strike","Reckless Charge"],"picked":"Heavy Blade","floor":11.0},{"not_picked":["True Grit","Iron Wave"],"picked":"Disarm","floor":13.0},{"not_picked":["Sword Boomerang","Evolve"],"picked":"Iron Wave","floor":14.0},{"not_picked":["Berserk","Dark Embrace"],"picked":"Fiend Fire","floor":16.0},{"not_picked":["Heavy Blade","Fire Breathing"],"picked":"Inflame","floor":17.0},{"not_picked":["Warcry+1","Thunderclap+1"],"picked":"Inflame","floor":18.0},{"not_picked":["Rage","Dropkick"],"picked":"Body Slam+1","floor":20.0},{"not_picked":["Havoc","Heavy Blade+1"],"picked":"Metallicize","floor":21.0},{"not_picked":["Flex+1","Corruption"],"picked":"Feel No Pain","floor":24.0},{"not_picked":["Pommel Strike","Wild Strike","Anger"],"picked":"SKIP","floor":28.0},{"not_picked":["Clothesline","Wild Strike"],"picked":"Immolate","floor":29.0},{"not_picked":["Searing Blow","True Grit+1"],"picked":"Shrug It Off","floor":31.0}],"player_experience":766860,"relics_obtained":[{"floor":6.0,"key":"Bronze Scales"},{"floor":8.0,"key":"Mango"},{"floor":9.0,"key":"Matryoshka"},{"floor":12.0,"key":"PreservedInsect"},{"floor":12.0,"key":"Letter Opener"},{"floor":26.0,"key":"Happy Flower"},{"floor":26.0,"key":"Kunai"},{"floor":29.0,"key":"Calipers"}],"event_choices":[{"cards_removed":["Pain"],"damage_healed":0.0,"max_hp_gain":0.0,"max_hp_loss":0.0,"gold_gain":0.0,"event_name":"Golden Wing","player_choice":"Card Removal","floor":5.0,"gold_loss":0.0,"damage_taken":7.0},{"damage_healed":0.0,"max_hp_gain":0.0,"max_hp_loss":0.0,"gold_gain":99.0,"event_name":"Nest","player_choice":"Stole From Cult","floor":19.0,"gold_loss":0.0,"damage_taken":0.0}],"is_beta":false,"boss_relics":[{"not_picked":["Runic Cube","Black Blood"],"picked":"Tiny House"}],"items_purged_floors":[22],"is_endless":false,"potions_floor_spawned":[1,3,7,14,16,18,21,24,25,31],"killed_by":"Automaton","ascension_level":0}