{"gold_per_floor":[113,127,127,50,50,50,84,3,26,26,101,5,5,24,24,120,120,135,0,0,13,13],"floor_reached":22,"playtime":967,"items_purged":[],"score":297,"play_id":"2296e482-34fe-408a-b350-dec6a32a12de","local_time":"20190314220437","is_ascension_mode":true,"campfire_choices":[{"data":"Thunderclap","floor":6,"key":"SMITH"},{"data":"Demon Form","floor":10,"key":"SMITH"},{"floor":13,"key":"REST"},{"floor":15,"key":"REST"}],"neow_cost":"NONE","seed_source_timestamp":23683025216267852,"circlet_count":0,"master_deck":["AscendersBane","Strike_R","Strike_R","Strike_R","Strike_R+1","Strike_R","Defend_R","Defend_R","Defend_R+1","Defend_R","Bash+1","Rampage","Thunderclap+1","Metallicize","Demon Form+1","Metallicize","Flash of Steel","Ghostly Armor","Metallicize","Fiend Fire","Pommel Strike","Ghostly Armor","Reaper"],"relics":["Burning Blood","Golden Idol","Prayer Wheel","Art of War","Fusion Hammer"],"potions_floor_usage":[7,21],"damage_taken":[{"damage":19,"enemies":"Jaw Worm","floor":1,"turns":6},{"damage":8,"enemies":"Small Slimes","floor":2,"turns":4},{"damage":43,"enemies":"Lagavulin","floor":7,"turns":6},{"damage":4,"enemies":"2 Louse","floor":14,"turns":2},{"damage":19,"enemies":"Slime Boss","floor":16,"turns":8},{"damage":27,"enemies":"3 Byrds","floor":18,"turns":6},{"damage":30,"enemies":"2 Thieves","floor":21,"turns":3},{"damage":24,"enemies":"Shelled Parasite and Fungi","floor":22,"turns":7}],"seed_played":"2642406915144635784","potions_obtained":[{"floor":1,"key":"BloodPotion"},{"floor":7,"key":"Explosive Potion"}],"is_trial":false,"path_per_floor":["M","M","?","$","?","R","E","$","T","R","?","$","R","M","R","B",null,"M","?","?","M","M"],"character_chosen":"IRONCLAD","items_purchased":["Metallicize","Metallicize","Flash of Steel"],"campfire_rested":2,"item_purchase_floors":[4,8,12],"current_hp_per_floor":[59,57,57,57,42,42,12,12,12,12,1,1,23,25,47,34,64,43,43,43,19,0],"gold":13,"neow_bonus":"UPGRADE_CARD","is_prod":false,"is_daily":false,"chose_seed":false,"campfire_upgraded":2,"win_rate":0,"timestamp":1552597477,"path_taken":["M","M","?","$","?","R","E","$","T","R","?","$","R","M","R","BOSS","M","?","?","M","?"],"build_version":"2019-01-23","purchased_purges":0,"victory":false,"max_hp_per_floor":[80,80,74,74,74,74,74,74,74,74,74,74,74,74,74,74,74,74,74,74,74,74],"card_choices":[{"not_picked":["Dropkick","Combust"],"picked":"Rampage","floor":1},{"not_picked":["Flex","Second Wind"],"picked":"Thunderclap","floor":2},{"not_picked":["Iron Wave","Headbutt"],"picked":"Demon Form","floor":7},{"not_picked":["Searing Blow","Rampage"],"picked":"Ghostly Armor","floor":14},{"not_picked":["Entrench","Havoc"],"picked":"Metallicize","floor":14},{"not_picked":["Limit Break","Berserk"],"picked":"Fiend Fire","floor":16},{"not_picked":["Havoc","Combust"],"picked":"Pommel Strike","floor":18},{"not_picked":["Sword Boomerang","Anger","Power Through"],"picked":"SKIP","floor":18},{"not_picked":["Twin Strike","Anger"],"picked":"Reaper","floor":21},{"not_picked":["Havoc","Clothesline+1","Bloodletting"],"picked":"SKIP","floor":21}],"player_experience":420419,"relics_obtained":[{"floor":7,"key":"Prayer Wheel"},{"floor":9,"key":"Art of War"}],"event_choices":[{"damage_healed":0,"gold_gain":0,"player_choice":"Lose Max HP","damage_taken":0,"relics_obtained":["Golden Idol"],"max_hp_gain":0,"max_hp_loss":6,"event_name":"Golden Idol","floor":3,"gold_loss":0},{"damage_healed":0,"gold_gain":0,"player_choice":"Entered Light","damage_taken":15,"max_hp_gain":0,"max_hp_loss":0,"event_name":"Shining Light","floor":5,"gold_loss":0,"cards_upgraded":["Defend_R","Strike_R"]},{"damage_healed":0,"gold_gain":75,"player_choice":"Gather Gold","damage_taken":11,"max_hp_gain":0,"max_hp_loss":0,"event_name":"World of Goop","floor":11,"gold_loss":0},{"damage_healed":0,"gold_gain":0,"player_choice":"Paid Fearfully","damage_taken":0,"max_hp_gain":0,"max_hp_loss":0,"event_name":"Masked Bandits","floor":19,"gold_loss":135},{"damage_healed":0,"gold_gain":0,"player_choice":"Copied","damage_taken":0,"max_hp_gain":0,"max_hp_loss":0,"event_name":"Duplicator","floor":20,"gold_loss":0,"cards_obtained":["Ghostly Armor"]}],"is_beta":false,"boss_relics":[{"not_picked":["Runic Dome","Black Star"],"picked":"Fusion Hammer"}],"items_purged_floors":[],"is_endless":false,"potions_floor_spawned":[1,7],"killed_by":"Shelled Parasite and Fungi","ascension_level":13}