{"gold_per_floor":[116,127,277,121,121,121,153,118,142,170,170,170,189,212,212,305,305,318,337,358,358,378,378],"floor_reached":23,"playtime":613,"items_purged":["Doubt"],"score":602,"play_id":"08a82718-74f4-4577-a73d-b29ebbebaf99","local_time":"20190525205730","is_ascension_mode":true,"campfire_choices":[{"data":"Bludgeon","floor":6,"key":"SMITH"},{"data":"Bash","floor":12,"key":"SMITH"},{"data":"Armaments","floor":15,"key":"SMITH"}],"neow_cost":"NONE","seed_source_timestamp":770405271178655,"circlet_count":0,"master_deck":["AscendersBane","Strike_R+1","Strike_R+1","Strike_R+1","Strike_R+1","Defend_R","Defend_R","Defend_R","Defend_R","Bash+1","Cleave","Flame Barrier","Bludgeon+1","Ghostly Armor","Armaments+1","Shrug It Off","Demon Form","Shrug It Off","Warcry+1"],"relics":["Burning Blood","Pen Nib","Whetstone","Bronze Scales","Ancient Tea Set","Golden Idol","Runic Cube"],"potions_floor_usage":[23,23],"damage_taken":[{"damage":7,"enemies":"Small Slimes","floor":1,"turns":4},{"damage":7,"enemies":"Jaw Worm","floor":2,"turns":2},{"damage":8,"enemies":"Gremlin Nob","floor":7,"turns":3},{"damage":0,"enemies":"Lagavulin","floor":10,"turns":4},{"damage":0,"enemies":"2 Louse","floor":13,"turns":2},{"damage":0,"enemies":"Large Slime","floor":14,"turns":3},{"damage":0,"enemies":"Slime Boss","floor":16,"turns":4},{"damage":26,"enemies":"Spheric Guardian","floor":18,"turns":7},{"damage":2,"enemies":"3 Byrds","floor":19,"turns":3},{"damage":22,"enemies":"Centurion and Healer","floor":20,"turns":9},{"damage":29,"enemies":"Sentry and Sphere","floor":22,"turns":12},{"damage":20,"enemies":"Book of Stabbing","floor":23,"turns":5}],"seed_played":"3346436764369209259","potions_obtained":[{"floor":2,"key":"Weak Potion"},{"floor":7,"key":"EssenceOfSteel"},{"floor":22,"key":"Block Potion"}],"is_trial":false,"path_per_floor":["M","M","?","$","?","R","E","?","T","E","?","R","M","M","R","B",null,"M","M","M","?","M","E"],"character_chosen":"IRONCLAD","items_purchased":["Bludgeon"],"campfire_rested":0,"item_purchase_floors":[4],"current_hp_per_floor":[67,66,66,66,43,43,41,59,59,65,39,39,45,51,51,57,71,51,55,39,39,16,0],"gold":378,"neow_bonus":"RANDOM_COMMON_RELIC","is_prod":false,"is_daily":false,"chose_seed":false,"campfire_upgraded":3,"win_rate":0,"timestamp":1558843050,"path_taken":["M","M","?","$","?","R","E","?","T","E","?","R","M","M","R","BOSS","M","M","M","?","M","E"],"build_version":"2019-05-24v2","purchased_purges":1,"victory":false,"max_hp_per_floor":[75,75,75,75,75,75,75,75,75,75,75,75,75,75,75,75,75,75,75,75,75,75,75],"card_choices":[{"not_picked":["Sever Soul","Warcry"],"picked":"Cleave","floor":1},{"not_picked":["Wild Strike","Clash"],"picked":"Flame Barrier","floor":2},{"not_picked":["Sword Boomerang","Combust"],"picked":"Ghostly Armor","floor":7},{"not_picked":["Cleave","Flex"],"picked":"Armaments","floor":10},{"not_picked":["Iron Wave","Perfected Strike"],"picked":"Shrug It Off","floor":13},{"not_picked":["Rage","Seeing Red","Body Slam"],"picked":"SKIP","floor":14},{"not_picked":["Exhume","Limit Break"],"picked":"Demon Form","floor":16},{"not_picked":["Rampage","Fire Breathing","Inflame+1"],"picked":"SKIP","floor":18},{"not_picked":["Flex","Havoc"],"picked":"Shrug It Off","floor":19},{"not_picked":["Flex","Rage"],"picked":"Warcry+1","floor":20},{"not_picked":["Flex","Uppercut","Heavy Blade"],"picked":"SKIP","floor":22}],"player_experience":1277176,"relics_obtained":[{"floor":7,"key":"Whetstone"},{"floor":9,"key":"Bronze Scales"},{"floor":10,"key":"Ancient Tea Set"}],"event_choices":[{"damage_healed":0,"gold_gain":150,"player_choice":"AGREE","damage_taken":0,"max_hp_gain":0,"max_hp_loss":0,"event_name":"Liars Game","floor":3,"gold_loss":0,"cards_obtained":["Doubt"]},{"damage_healed":0,"gold_gain":0,"player_choice":"Entered Light","damage_taken":23,"max_hp_gain":0,"max_hp_loss":0,"event_name":"Shining Light","floor":5,"gold_loss":0,"cards_upgraded":["Strike_R","Strike_R"]},{"damage_healed":18,"gold_gain":0,"player_choice":"Healed","damage_taken":0,"max_hp_gain":0,"max_hp_loss":0,"event_name":"The Cleric","floor":8,"gold_loss":35},{"damage_healed":0,"gold_gain":0,"player_choice":"Take Damage","damage_taken":26,"relics_obtained":["Golden Idol"],"max_hp_gain":0,"max_hp_loss":0,"event_name":"Golden Idol","floor":11,"gold_loss":0},{"cards_removed":["Strike_R"],"damage_healed":0,"gold_gain":0,"player_choice":"Purged","damage_taken":0,"max_hp_gain":0,"max_hp_loss":0,"event_name":"Purifier","floor":21,"gold_loss":0}],"is_beta":true,"boss_relics":[{"not_picked":["White Beast Statue","Orrery"],"picked":"Runic Cube"}],"items_purged_floors":[4],"is_endless":false,"potions_floor_spawned":[2,7,13,14,22],"killed_by":"Book of Stabbing","ascension_level":20}