{"gold_per_floor":[118,118,118,43,43,43,86,86,86,86,110,110,130,153,153,242,242,257,273,152,67,88,88],"floor_reached":23,"playtime":704,"items_purged":["Strike_B"],"score":375,"play_id":"8df45e34-b788-448c-bfce-2960109cdb6e","local_time":"20190316000839","is_ascension_mode":true,"campfire_choices":[{"data":"Zap","floor":6,"key":"SMITH"},{"data":"Dualcast","floor":8,"key":"SMITH"},{"data":"Ball Lightning","floor":10,"key":"SMITH"},{"data":"Chaos","floor":12,"key":"SMITH"},{"floor":15,"key":"REST"}],"neow_cost":"NONE","seed_source_timestamp":23777136995615604,"circlet_count":0,"master_deck":["AscendersBane","Strike_B","Strike_B","Defend_B","Defend_B","Defend_B","Defend_B","Zap+1","Dualcast+1","Ball Lightning+1","Chaos+1","Fission","Leap","Capacitor","Cold Snap"],"relics":["Cracked Core","NeowsBlessing","Golden Idol","Pen Nib","Singing Bowl","Ornamental Fan","Black Star","Mercury Hourglass"],"potions_floor_usage":[16,19],"damage_taken":[{"damage":0,"enemies":"Jaw Worm","floor":1,"turns":1},{"damage":0,"enemies":"Lagavulin","floor":7,"turns":2},{"damage":0,"enemies":"Small Slimes","floor":11,"turns":1},{"damage":2,"enemies":"2 Louse","floor":13,"turns":2},{"damage":1,"enemies":"Exordium Thugs","floor":14,"turns":3},{"damage":12,"enemies":"Slime Boss","floor":16,"turns":6},{"damage":17,"enemies":"Spheric Guardian","floor":18,"turns":4},{"damage":13,"enemies":"3 Byrds","floor":19,"turns":4},{"damage":26,"enemies":"Centurion and Healer","floor":22,"turns":7},{"damage":19,"enemies":"Slavers","floor":23,"turns":1}],"seed_played":"9053408991953659599","potions_obtained":[{"floor":1,"key":"FocusPotion"},{"floor":13,"key":"Explosive Potion"},{"floor":16,"key":"Weak Potion"},{"floor":19,"key":"SteroidPotion"}],"is_trial":false,"path_per_floor":["M","?","?","?","$","R","E","R","T","R","M","R","M","M","R","B",null,"M","M","$","?","M","E"],"character_chosen":"DEFECT","items_purchased":["Cold Snap"],"campfire_rested":1,"item_purchase_floors":[20],"current_hp_per_floor":[64,40,35,35,35,35,37,37,37,37,37,37,37,38,61,49,70,53,40,40,40,16,0],"gold":88,"neow_bonus":"THREE_ENEMY_KILL","is_prod":false,"is_daily":false,"chose_seed":false,"campfire_upgraded":4,"win_rate":0,"timestamp":1552691319,"path_taken":["M","?","?","?","$","R","E","R","T","R","M","R","M","M","R","BOSS","M","M","$","?","M","E"],"build_version":"2019-01-23","purchased_purges":1,"victory":false,"max_hp_per_floor":[71,71,71,71,71,71,73,73,73,73,73,73,75,77,77,77,77,77,77,77,77,79,79],"card_choices":[{"not_picked":["Steam Power","Compile Driver"],"picked":"Ball Lightning","floor":1},{"not_picked":["Tempest","Darkness","Recycle"],"picked":"Singing Bowl","floor":7},{"not_picked":["Melter","Hologram"],"picked":"Chaos","floor":11},{"not_picked":["Redo","Stack","Scrape"],"picked":"Singing Bowl","floor":13},{"not_picked":["Force Field","Blizzard","Aggregate"],"picked":"Singing Bowl","floor":14},{"not_picked":["Rainbow","Multi-Cast"],"picked":"Fission","floor":16},{"not_picked":["Go for the Eyes","Sweeping Beam"],"picked":"Leap","floor":18},{"not_picked":["Genetic Algorithm+1","Gash"],"picked":"Capacitor","floor":19},{"not_picked":["Sweeping Beam","Force Field","Hello World"],"picked":"Singing Bowl","floor":22}],"player_experience":425748,"relics_obtained":[{"floor":7,"key":"Singing Bowl"},{"floor":9,"key":"Ornamental Fan"}],"event_choices":[{"damage_healed":0,"gold_gain":0,"player_choice":"Take Damage","damage_taken":24,"relics_obtained":["Golden Idol"],"max_hp_gain":0,"max_hp_loss":0,"event_name":"Golden Idol","floor":2,"gold_loss":0},{"damage_healed":0,"gold_gain":0,"player_choice":"Success","damage_taken":5,"relics_obtained":["Pen Nib"],"max_hp_gain":0,"max_hp_loss":0,"event_name":"Scrap Ooze","floor":3,"gold_loss":0},{"cards_removed":["Strike_B"],"damage_healed":0,"gold_gain":0,"player_choice":"Card Removal","damage_taken":0,"max_hp_gain":0,"max_hp_loss":0,"event_name":"The Cleric","floor":4,"gold_loss":75},{"damage_healed":0,"gold_gain":0,"player_choice":"Obtained Relic","damage_taken":0,"relics_obtained":["Mercury Hourglass"],"max_hp_gain":0,"max_hp_loss":0,"event_name":"Addict","floor":21,"gold_loss":85}],"is_beta":false,"boss_relics":[{"not_picked":["Fusion Hammer","Snecko Eye"],"picked":"Black Star"}],"items_purged_floors":[20],"is_endless":false,"potions_floor_spawned":[1,13,14,16,19],"killed_by":"Slavers","ascension_level":15}