{"gold_per_floor":[110,35,35,35,58,102,120,163,242,242,266,266,287,310,310,436,436,455,455,474,493,514,514,539,560,611,611,24,37,136,61,61,186,186,202,221,554,554,554,101,119,119,119,119,219,219,297,307,307,307],"floor_reached":51,"playtime":3041,"items_purged":["Strike_B","Strike_B","Defend_B"],"score":1036,"play_id":"5077bdfb-c964-441a-8926-54ad969bcaef","local_time":"20190309005024","is_ascension_mode":true,"campfire_choices":[{"data":"Defragment","floor":10,"key":"SMITH"},{"data":"Sunder","floor":12,"key":"SMITH"},{"floor":15,"key":"REST"},{"data":"Zap","floor":23,"key":"SMITH"},{"data":"Conserve Battery","floor":27,"key":"SMITH"},{"data":"Apotheosis","floor":32,"key":"SMITH"},{"data":"Leap","floor":44,"key":"SMITH"},{"data":"Core Surge","floor":46,"key":"SMITH"},{"data":"Leap","floor":49,"key":"SMITH"}],"neow_cost":"NONE","seed_source_timestamp":23172455467043160,"circlet_count":0,"master_deck":["AscendersBane","Defend_B","Defend_B","Defend_B","Zap+1","Dualcast","Sunder+1","Defragment+1","Leap+1","Ball Lightning","Leap+1","Ball Lightning","Steam","Core Surge+1","Conserve Battery+1","Chill+1","Self Repair","Steam","Apotheosis+1","Coolheaded","Machine Learning","Conserve Battery+1","Reinforced Body+1","Cold Snap","Core Surge","Go for the Eyes+1"],"relics":["FrozenCore","NeowsBlessing","Incense Burner","Omamori","Blue Candle","Velvet Choker","Meat on the Bone","Potion Belt","Ice Cream","Question Card","Bag of Marbles","Calipers","Letter Opener"],"potions_floor_usage":[13,16,33,33,42,50,50],"damage_taken":[{"damage":0,"enemies":"Jaw Worm","floor":1,"turns":1},{"damage":0,"enemies":"2 Louse","floor":5,"turns":1},{"damage":0,"enemies":"Lagavulin","floor":6,"turns":1},{"damage":0,"enemies":"Small Slimes","floor":7,"turns":2},{"damage":22,"enemies":"3 Sentries","floor":8,"turns":7},{"damage":3,"enemies":"Blue Slaver","floor":11,"turns":3},{"damage":0,"enemies":"Looter","floor":13,"turns":2},{"damage":0,"enemies":"3 Louse","floor":14,"turns":2},{"damage":9,"enemies":"Slime Boss","floor":16,"turns":7},{"damage":25,"enemies":"3 Byrds","floor":18,"turns":4},{"damage":0,"enemies":"Chosen","floor":20,"turns":3},{"damage":8,"enemies":"Snecko","floor":21,"turns":5},{"damage":20,"enemies":"Snake Plant","floor":22,"turns":5},{"damage":0,"enemies":"Chosen and Byrds","floor":24,"turns":5},{"damage":2,"enemies":"Centurion and Healer","floor":25,"turns":7},{"damage":3,"enemies":"3 Cultists","floor":29,"turns":5},{"damage":17,"enemies":"Collector","floor":33,"turns":9},{"damage":0,"enemies":"3 Shapes","floor":35,"turns":4},{"damage":13,"enemies":"3 Darklings","floor":36,"turns":6},{"damage":0,"enemies":"4 Shapes","floor":41,"turns":8},{"damage":0,"enemies":"Writhing Mass","floor":42,"turns":3},{"damage":0,"enemies":"Mind Bloom Boss Battle","floor":45,"turns":11},{"damage":0,"enemies":"Spire Growth","floor":48,"turns":6},{"damage":16,"enemies":"Awakened One","floor":50,"turns":23}],"seed_played":"-4504919343932101443","potions_obtained":[{"floor":1,"key":"Dexterity Potion"},{"floor":7,"key":"Block Potion"},{"floor":13,"key":"Strength Potion"},{"floor":21,"key":"Block Potion"},{"floor":29,"key":"FearPotion"},{"floor":33,"key":"Energy Potion"},{"floor":35,"key":"GamblersBrew"},{"floor":41,"key":"SmokeBomb"}],"is_trial":false,"path_per_floor":["M","$","?","?","M","E","M","E","T","R","M","R","M","M","R","B",null,"M","?","M","M","M","R","M","M","T","R","$","M","?","?","R","B",null,"M","M","?","?","?","$","M","M","T","R","?","R","T","M","R","B",null],"character_chosen":"DEFECT","items_purchased":["Ice Cream","Apotheosis","Question Card","LiquidBronze"],"campfire_rested":1,"item_purchase_floors":[28,28,40,40],"current_hp_per_floor":[68,68,68,50,50,50,50,28,28,28,25,25,25,25,47,38,66,41,41,41,45,44,44,51,56,56,56,56,60,60,60,60,53,70,70,64,64,75,75,75,75,75,75,75,75,75,75,75,75,69],"gold":307,"neow_bonus":"THREE_ENEMY_KILL","is_prod":false,"is_daily":false,"chose_seed":false,"campfire_upgraded":8,"win_rate":0,"timestamp":1552089024,"path_taken":["M","$","?","?","M","E","M","E","T","R","?","R","M","M","R","BOSS","M","?","M","M","M","R","M","M","T","R","$","M","?","?","R","BOSS","M","M","?","?","?","$","?","M","T","R","?","R","?","M","R","BOSS"],"build_version":"2019-01-23","purchased_purges":3,"victory":true,"max_hp_per_floor":[75,75,75,75,75,75,75,75,75,75,75,75,75,75,75,75,75,75,75,75,75,75,75,75,75,75,75,75,75,75,75,75,75,75,75,75,75,75,75,75,75,75,75,75,75,75,75,75,75,75],"card_choices":[{"not_picked":["Darkness","Turbo"],"picked":"Sweeping Beam","floor":1},{"not_picked":["Stack","Compile Driver"],"picked":"Sunder","floor":5},{"not_picked":["Stack","All For One"],"picked":"Defragment","floor":6},{"not_picked":["Turbo","Skim"],"picked":"Leap","floor":7},{"not_picked":["Rip and Tear","Melter"],"picked":"Ball Lightning","floor":8},{"not_picked":["Streamline","Beam Cell"],"picked":"Leap","floor":11},{"not_picked":["Hello World","Rebound"],"picked":"Ball Lightning","floor":13},{"not_picked":["Leap","Streamline"],"picked":"Steam","floor":14},{"not_picked":["Amplify","Seek"],"picked":"Core Surge","floor":16},{"not_picked":["Barrage","Rip and Tear+1"],"picked":"Conserve Battery","floor":18},{"not_picked":["Steam+1","Heatsinks"],"picked":"Chill+1","floor":20},{"not_picked":["Static Discharge","Rebound+1"],"picked":"Self Repair","floor":21},{"not_picked":["Doom and Gloom","Sweeping Beam+1"],"picked":"Steam","floor":22},{"not_picked":["Stack","Rebound","Redo"],"picked":"SKIP","floor":24},{"not_picked":["Static Discharge","Redo","Gash+1"],"picked":"SKIP","floor":25},{"not_picked":["Sunder","Rebound"],"picked":"Coolheaded","floor":29},{"not_picked":["Meteor Strike","Fission"],"picked":"Machine Learning","floor":33},{"not_picked":["Darkness+1","Consume"],"picked":"Conserve Battery+1","floor":35},{"not_picked":["Melter+1","Gash+1"],"picked":"Reinforced Body+1","floor":36},{"not_picked":["Loop","Force Field+1","Rip and Tear"],"picked":"Cold Snap","floor":41},{"not_picked":["Redo","FTL+1","Beam Cell+1"],"picked":"Core Surge","floor":45},{"not_picked":["Rip and Tear","Hello World+1","Skim"],"picked":"Go for the Eyes+1","floor":48}],"player_experience":391186,"relics_obtained":[{"floor":6,"key":"Incense Burner"},{"floor":8,"key":"Omamori"},{"floor":9,"key":"Blue Candle"},{"floor":26,"key":"Potion Belt"},{"floor":43,"key":"Bag of Marbles"},{"floor":45,"key":"Calipers"},{"floor":47,"key":"Letter Opener"}],"event_choices":[{"cards_removed":["Strike_B"],"damage_healed":0,"gold_gain":0,"player_choice":"Forget","damage_taken":0,"max_hp_gain":0,"max_hp_loss":0,"event_name":"Living Wall","floor":3,"gold_loss":0},{"damage_healed":0,"gold_gain":0,"player_choice":"Take Damage","damage_taken":18,"relics_obtained":["Golden Idol"],"max_hp_gain":0,"max_hp_loss":0,"event_name":"Golden Idol","floor":4,"gold_loss":0},{"damage_healed":0,"gold_gain":0,"player_choice":"Opened","damage_taken":0,"relics_obtained":["Meat on the Bone"],"max_hp_gain":0,"max_hp_loss":0,"event_name":"The Mausoleum","floor":19,"gold_loss":0},{"damage_healed":0,"gold_gain":99,"player_choice":"Stole From Cult","damage_taken":0,"max_hp_gain":0,"max_hp_loss":0,"event_name":"Nest","floor":30,"gold_loss":0},{"cards_removed":["Strike_B"],"damage_healed":0,"gold_gain":0,"player_choice":"Gave Gold","damage_taken":0,"max_hp_gain":0,"max_hp_loss":0,"event_name":"Beggar","floor":31,"gold_loss":75},{"damage_healed":0,"gold_gain":333,"player_choice":"Gave Idol","damage_taken":0,"max_hp_gain":0,"max_hp_loss":0,"event_name":"The Moai Head","floor":37,"relics_lost":["Golden Idol"],"gold_loss":0},{"damage_healed":19,"gold_gain":0,"player_choice":"Writhe","damage_taken":0,"max_hp_gain":0,"max_hp_loss":0,"event_name":"Winding Halls","floor":38,"gold_loss":0,"cards_obtained":["Writhe"]},{"cards_removed":["Sweeping Beam"],"damage_healed":0,"gold_gain":0,"player_choice":"Removed Attack","damage_taken":0,"max_hp_gain":0,"max_hp_loss":0,"event_name":"Falling","floor":39,"gold_loss":0},{"damage_healed":0,"gold_gain":0,"player_choice":"Fight","damage_taken":0,"max_hp_gain":0,"max_hp_loss":0,"event_name":"MindBloom","floor":45,"gold_loss":0}],"is_beta":false,"boss_relics":[{"not_picked":["Coffee Dripper","Inserter"],"picked":"Velvet Choker"},{"not_picked":["Runic Pyramid","White Beast Statue"],"picked":"FrozenCore"}],"items_purged_floors":[2,28,40],"is_endless":false,"potions_floor_spawned":[1,7,8,13,21,24,25,29,33,35,41,42],"ascension_level":11}