{"gold_per_floor":[110,110,128,145,145,145,180,193,193,193,208,238,238,273,273,348,348,324,324,90,101,16,16,26,45,117,117,130,130,130,405,405,478,478,491,491,502,521,521,521,535,535,587,602,602,370,388,419,419,419,419,419,419,2,35,35],"floor_reached":57,"playtime":2590,"items_purged":["Strike_G","Strike_G"],"score":2704,"play_id":"089bcf38-9761-4032-b1e8-6a28a912793e","local_time":"20190611143849","is_ascension_mode":true,"campfire_choices":[{"data":"Dash","floor":6,"key":"SMITH"},{"data":"Deadly Poison","floor":10,"key":"SMITH"},{"floor":13,"key":"REST"},{"floor":15,"key":"REST"},{"data":"Footwork","floor":23,"key":"SMITH"},{"data":"Footwork","floor":27,"key":"SMITH"},{"data":"Well Laid Plans","floor":29,"key":"SMITH"},{"data":"Cloak And Dagger","floor":32,"key":"SMITH"},{"data":"Noxious Fumes","floor":40,"key":"SMITH"},{"data":"A Thousand Cuts","floor":42,"key":"SMITH"},{"data":"Cloak And Dagger","floor":45,"key":"SMITH"},{"floor":49,"key":"RECALL"},{"data":"Malaise","floor":53,"key":"SMITH"}],"neow_cost":"NONE","seed_source_timestamp":183631747665418,"circlet_count":0,"master_deck":["AscendersBane","Strike_G","Strike_G","Defend_G","Defend_G","Defend_G","Defend_G","Defend_G","Survivor","Neutralize+1","Dash+1","Deadly Poison+1","Flying Knee","Backflip","Cloak And Dagger","After Image","Deadly Poison","Glass Knife","Footwork+1","Well Laid Plans+1","Endless Agony","Footwork+1","Dash+1","Cloak And Dagger+1","PiercingWail","A Thousand Cuts+1","Cloak And Dagger+1","Die Die Die","Deflect","Noxious Fumes+1","After Image","Malaise+1","Backflip","Blur"],"relics":["Ring of the Snake","NeowsBlessing","Shuriken","Mummified Hand","Omamori","FossilizedHelix","Coffee Dripper","Bag of Preparation","Snake Skull","Runic Pyramid","Regal Pillow","Incense Burner","Medical Kit","Art of War"],"potions_floor_usage":[7,12,33,33,50,51],"damage_taken":[{"damage":0,"enemies":"2 Louse","floor":1,"turns":1},{"damage":0,"enemies":"Cultist","floor":3,"turns":1},{"damage":0,"enemies":"Jaw Worm","floor":4,"turns":1},{"damage":21,"enemies":"Lagavulin","floor":7,"turns":7},{"damage":2,"enemies":"3 Louse","floor":8,"turns":4},{"damage":4,"enemies":"Exordium Thugs","floor":11,"turns":7},{"damage":22,"enemies":"3 Sentries","floor":12,"turns":10},{"damage":39,"enemies":"Gremlin Nob","floor":14,"turns":6},{"damage":16,"enemies":"Hexaghost","floor":16,"turns":11},{"damage":10,"enemies":"2 Thieves","floor":18,"turns":4},{"damage":0,"enemies":"Chosen","floor":21,"turns":4},{"damage":0,"enemies":"Shelled Parasite and Fungi","floor":24,"turns":6},{"damage":0,"enemies":"Snake Plant","floor":25,"turns":4},{"damage":0,"enemies":"Centurion and Healer","floor":28,"turns":7},{"damage":17,"enemies":"Collector","floor":33,"turns":12},{"damage":0,"enemies":"3 Darklings","floor":35,"turns":6},{"damage":0,"enemies":"Orb Walker","floor":37,"turns":3},{"damage":0,"enemies":"Spire Growth","floor":38,"turns":6},{"damage":0,"enemies":"4 Shapes","floor":41,"turns":5},{"damage":9,"enemies":"3 Darklings","floor":44,"turns":4},{"damage":0,"enemies":"Maw","floor":47,"turns":8},{"damage":0,"enemies":"Giant Head","floor":48,"turns":9},{"damage":0,"enemies":"Time Eater","floor":50,"turns":14},{"damage":15,"enemies":"Awakened One","floor":51,"turns":20},{"damage":33,"enemies":"Shield and Spear","floor":55,"turns":12},{"damage":14,"enemies":"The Heart","floor":56,"turns":14}],"seed_played":"-1487323120099833493","potions_obtained":[{"floor":3,"key":"SkillPotion"},{"floor":7,"key":"Regen Potion"},{"floor":16,"key":"Energy Potion"},{"floor":24,"key":"Weak Potion"},{"floor":25,"key":"Swift Potion"},{"floor":37,"key":"Poison Potion"},{"floor":44,"key":"Weak Potion"},{"floor":47,"key":"AttackPotion"},{"floor":48,"key":"Dexterity Potion"}],"is_trial":false,"path_per_floor":["M","?","M","M","?","R","E","M","T","R","M","E","R","E","R","B",null,"M","?","$","M","$","R","M","M","T","R","M","R","?","?","R","B",null,"M","?","M","M","?","R","M","R","T","M","R","$","M","E","R","B","B",null,"R","$","E","B",null],"character_chosen":"THE_SILENT","items_purchased":["Well Laid Plans","Bag of Preparation","Footwork","Malaise","Medical Kit","Backflip","Blur"],"campfire_rested":2,"item_purchase_floors":[20,20,22,46,54,54,54],"current_hp_per_floor":[59,59,59,59,59,59,38,36,36,36,32,25,44,5,24,8,52,42,42,42,42,42,42,42,42,42,42,42,42,42,42,42,25,56,56,56,56,56,56,56,56,56,56,47,47,47,47,47,47,47,32,58,58,58,25,11],"gold":35,"neow_bonus":"THREE_ENEMY_KILL","is_prod":false,"is_daily":false,"chose_seed":false,"campfire_upgraded":10,"win_rate":0,"timestamp":1560289129,"path_taken":["M","?","?","?","?","R","E","M","T","R","M","E","R","E","R","BOSS","M","?","$","M","$","R","?","M","T","R","M","R","?","?","R","BOSS","M","?","M","?","?","R","M","R","T","?","R","$","M","E","R","BOSS","BOSS","R","$","E","BOSS"],"build_version":"2019-06-10","purchased_purges":2,"victory":true,"max_hp_per_floor":[66,66,66,66,66,66,66,66,66,66,66,66,66,66,66,66,66,66,66,66,66,66,66,66,66,66,66,66,66,66,66,66,66,66,66,66,66,66,66,66,66,66,66,66,66,66,66,66,66,66,66,66,66,66,66,66],"card_choices":[{"not_picked":["Deadly Poison","Prepared"],"picked":"Dash","floor":1},{"not_picked":["PiercingWail","Backflip"],"picked":"Deadly Poison","floor":3},{"not_picked":["Flying Knee","Blade Dance","Deadly Poison"],"picked":"SKIP","floor":4},{"not_picked":["Blade Dance","Deadly Poison"],"picked":"Flying Knee","floor":4},{"not_picked":["Outmaneuver","Prepared","Bouncing Flask"],"picked":"SKIP","floor":7},{"not_picked":["Dodge and Roll","Flechettes"],"picked":"Backflip","floor":8},{"not_picked":["Deflect","Bane"],"picked":"Cloak And Dagger","floor":11},{"not_picked":["Tactician","Deadly Poison"],"picked":"After Image","floor":12},{"not_picked":["Choke","Distraction"],"picked":"Deadly Poison","floor":14},{"not_picked":["Doppelganger","Tools of the Trade"],"picked":"Glass Knife","floor":16},{"not_picked":["Leg Sweep","Eviscerate"],"picked":"Footwork","floor":18},{"not_picked":["Poisoned Stab","Underhanded Strike"],"picked":"Endless Agony","floor":21},{"not_picked":["Prepared","Heel Hook"],"picked":"Dash+1","floor":24},{"not_picked":["Setup+1","Expertise"],"picked":"Cloak And Dagger","floor":25},{"not_picked":["Prepared","Bullet Time"],"picked":"PiercingWail","floor":28},{"not_picked":["Venomology","Grand Finale"],"picked":"A Thousand Cuts","floor":33},{"not_picked":["Endless Agony+1","Dagger Throw+1"],"picked":"Cloak And Dagger","floor":35},{"not_picked":["Dagger Throw","Bane","Flechettes"],"picked":"SKIP","floor":37},{"not_picked":["Bouncing Flask","Slice"],"picked":"Noxious Fumes","floor":38},{"not_picked":["Riddle With Holes","Endless Agony","Masterful Stab+1"],"picked":"SKIP","floor":41},{"not_picked":["Blade Dance","Eviscerate","Prepared"],"picked":"SKIP","floor":44},{"not_picked":["Blade Dance","Sucker Punch","Venomology"],"picked":"SKIP","floor":47},{"not_picked":["Heel Hook+1","Outmaneuver","Expertise"],"picked":"SKIP","floor":48},{"not_picked":["Setup","Eviscerate","Cloak And Dagger"],"picked":"SKIP","floor":55}],"player_experience":1315996,"relics_obtained":[{"floor":7,"key":"Shuriken"},{"floor":9,"key":"Mummified Hand"},{"floor":12,"key":"Omamori"},{"floor":14,"key":"FossilizedHelix"},{"floor":43,"key":"Regal Pillow"},{"floor":48,"key":"Incense Burner"},{"floor":55,"key":"Art of War"}],"event_choices":[{"damage_healed":0,"gold_gain":0,"player_choice":"Upgraded","damage_taken":0,"max_hp_gain":0,"max_hp_loss":0,"event_name":"Upgrade Shrine","floor":2,"gold_loss":0,"cards_upgraded":["Neutralize"]},{"damage_healed":0,"gold_gain":0,"player_choice":"0 cards matched","damage_taken":0,"max_hp_gain":0,"max_hp_loss":0,"event_name":"Match and Keep!","floor":5,"gold_loss":0,"cards_obtained":[]},{"cards_removed":["Strike_G"],"damage_healed":0,"gold_gain":0,"player_choice":"Offered Basic","damage_taken":0,"max_hp_gain":0,"max_hp_loss":0,"event_name":"Bonfire Elementals","floor":19,"gold_loss":0},{"damage_healed":0,"gold_gain":0,"player_choice":"Opened","damage_taken":0,"relics_obtained":["Snake Skull"],"max_hp_gain":0,"max_hp_loss":0,"event_name":"The Mausoleum","floor":30,"gold_loss":0,"cards_obtained":["Writhe"]},{"damage_healed":0,"gold_gain":275,"player_choice":"Desecrate","damage_taken":0,"max_hp_gain":0,"max_hp_loss":0,"event_name":"Golden Shrine","floor":31,"gold_loss":0,"cards_obtained":["Regret"]},{"damage_healed":0,"gold_gain":0,"player_choice":"2 cards matched","damage_taken":0,"max_hp_gain":0,"max_hp_loss":0,"event_name":"Match and Keep!","floor":36,"gold_loss":0,"cards_obtained":["Die Die Die","Deflect"]},{"damage_healed":0,"gold_gain":0,"player_choice":"Copied","damage_taken":0,"max_hp_gain":0,"max_hp_loss":0,"event_name":"Duplicator","floor":39,"gold_loss":0,"cards_obtained":["After Image"]}],"is_beta":true,"boss_relics":[{"not_picked":["Runic Dome","HoveringKite"],"picked":"Coffee Dripper"},{"not_picked":["Eternal Feather","WristBlade"],"picked":"Runic Pyramid"}],"items_purged_floors":[46,54],"is_endless":false,"potions_floor_spawned":[3,7,16,24,25,37,44,47,48],"ascension_level":20}