{"gold_per_floor":[117,42,42,142,156,183,183,213,213,229,246,246,260,271,271,373,373,384,384,461,156,156,156,156,156,156,81,100,52,52,70,70,168,168,183,183,195,214,233,233,243,39,39,39,39,39,39,59,59,59,59,59,40,40],"floor_reached":54,"playtime":3352,"items_purged":["Strike_B","Strike_B"],"score":720,"play_id":"73b46f24-d4d2-476d-ad60-a4e9b3f747f0","local_time":"20190211215910","is_ascension_mode":false,"campfire_choices":[{"data":"Chaos","floor":12.0,"key":"SMITH"},{"data":"Leap","floor":15.0,"key":"SMITH"},{"data":"Defragment","floor":23.0,"key":"SMITH"},{"data":"Loop","floor":25.0,"key":"SMITH"},{"data":"Leap","floor":32.0,"key":"SMITH"},{"floor":40.0,"key":"RECALL"},{"data":"Rip and Tear","floor":45.0,"key":"SMITH"},{"data":"Sweeping Beam","floor":49.0,"key":"SMITH"},{"data":"Machine Learning","floor":52,"key":"SMITH"}],"neow_cost":"NONE","seed_source_timestamp":0,"circlet_count":0,"master_deck":["Strike_B+1","Defend_B+1","Defend_B+1","Defend_B+1","Defend_B+1","Dualcast","Loop+1","Rip and Tear+1","Cold Snap+1","Sweeping Beam+1","Chaos+1","Leap+1","Machine Learning","Defragment+1","Leap+1","Self Repair+1","Ball Lightning+1","Defragment+1","Machine Learning+1","Force Field+1","Compile Driver+1","Sweeping Beam+1","Blizzard+1","Streamline+1","Madness","Madness","BootSequence+1","Streamline+1"],"special_seed":0,"relics":["FrozenCore","NeowsBlessing","Vajra","Kunai","Pantograph","Velvet Choker","Whetstone","Molten Egg 2","Bronze Scales","The Courier","Meat on the Bone"],"potions_floor_usage":[],"damage_taken":[{"damage":0.0,"enemies":"Jaw Worm","floor":1.0,"turns":1.0},{"damage":0.0,"enemies":"Small Slimes","floor":5.0,"turns":1.0},{"damage":0.0,"enemies":"3 Sentries","floor":6.0,"turns":1.0},{"damage":28.0,"enemies":"Gremlin Nob","floor":8.0,"turns":5.0},{"damage":0.0,"enemies":"Cultist","floor":10.0,"turns":2.0},{"damage":10.0,"enemies":"Blue Slaver","floor":11.0,"turns":3.0},{"damage":12.0,"enemies":"3 Louse","floor":13.0,"turns":3.0},{"damage":0.0,"enemies":"Exordium Wildlife","floor":14.0,"turns":2.0},{"damage":12.0,"enemies":"Slime Boss","floor":16.0,"turns":11.0},{"damage":0.0,"enemies":"Spheric Guardian","floor":18.0,"turns":3.0},{"damage":0.0,"enemies":"3 Byrds","floor":28.0,"turns":6.0},{"damage":0.0,"enemies":"Cultist and Chosen","floor":31.0,"turns":6.0},{"damage":0.0,"enemies":"Champ","floor":33.0,"turns":10.0},{"damage":18.0,"enemies":"Orb Walker","floor":35.0,"turns":5.0},{"damage":3.0,"enemies":"3 Darklings","floor":37.0,"turns":6.0},{"damage":29.0,"enemies":"4 Shapes","floor":38.0,"turns":7.0},{"damage":4.0,"enemies":"Jaw Worm Horde","floor":39.0,"turns":5.0},{"damage":12.0,"enemies":"3 Darklings","floor":41.0,"turns":6.0},{"damage":1.0,"enemies":"Transient","floor":48.0,"turns":5.0},{"damage":42.0,"enemies":"Awakened One","floor":50.0,"turns":18.0},{"damage":123,"enemies":"Shield and Spear","floor":54,"turns":9}],"seed_played":"4490391714523704269","potions_obtained":[{"floor":8.0,"key":"Swift Potion"},{"floor":10.0,"key":"Explosive Potion"},{"floor":11.0,"key":"SkillPotion"},{"floor":14.0,"key":"FairyPotion"},{"floor":37.0,"key":"Poison Potion"}],"is_trial":false,"path_per_floor":["M","$","?","?","M","E","?","E","T","M","M","R","M","M","R","B",null,"M","?","T","$","?","R","?","R","T","?","M","$","?","M","R","B",null,"M","?","M","M","M","R","M","$","T","$","R","?","T","M","R","B",null,"R","$","E"],"character_chosen":"DEFECT","items_purchased":["Leap","Whetstone","Ball Lightning+1","Streamline+1","Bronze Scales","Streamline+1"],"campfire_rested":0,"item_purchase_floors":[21,21,29,42,42,53],"current_hp_per_floor":[75,75,80,80,80,80,80,52,52,52,42,42,30,30,30,43,80,80,80,80,80,65,65,65,65,65,65,65,65,57,67,67,85,85,77,77,84,65,71,71,69,69,69,69,69,58,58,67,67,43,85,85,85,0],"gold":40,"neow_bonus":"THREE_ENEMY_KILL","is_prod":false,"is_daily":false,"chose_seed":false,"campfire_upgraded":8,"win_rate":0,"timestamp":1549918750,"path_taken":["M","$","?","?","?","E","?","E","T","M","M","R","M","M","R","BOSS","M","?","?","$","?","R","?","R","T","?","?","$","?","M","R","BOSS","M","?","M","?","M","R","M","$","T","$","R","?","?","M","R","BOSS","R","$","E"],"build_version":"2019-01-23","purchased_purges":2,"victory":false,"max_hp_per_floor":[75,75,80,80,80,80,80,80,80,80,80,80,80,80,80,80,80,80,80,80,80,85,85,85,85,85,85,85,85,85,85,85,85,85,85,85,85,85,85,85,85,85,85,85,85,85,85,85,85,85,85,85,85,85],"card_choices":[{"not_picked":["Barrage","Stack"],"picked":"Loop","floor":1.0},{"not_picked":["Barrage","Coolheaded"],"picked":"Rip and Tear","floor":5.0},{"not_picked":["Lockon","Scrape"],"picked":"Cold Snap","floor":6.0},{"not_picked":["Beam Cell","Cold Snap"],"picked":"Sweeping Beam","floor":8.0},{"not_picked":["Darkness","Recycle"],"picked":"Chaos","floor":10.0},{"not_picked":["Gash","Coolheaded","Turbo"],"picked":"SKIP","floor":11.0},{"not_picked":["Gash","Beam Cell","Hello World"],"picked":"SKIP","floor":13.0},{"not_picked":["Chill","Coolheaded"],"picked":"Leap","floor":14.0},{"not_picked":["Meteor Strike","Core Surge"],"picked":"Machine Learning","floor":16.0},{"not_picked":["Doom and Gloom","Redo+1"],"picked":"Defragment","floor":18.0},{"not_picked":["Sweeping Beam+1","FTL+1"],"picked":"Self Repair+1","floor":28.0},{"not_picked":["Genetic Algorithm","Barrage+1"],"picked":"Defragment+1","floor":31.0},{"not_picked":["Hyperbeam+1","Creative AI"],"picked":"Machine Learning","floor":33.0},{"not_picked":["Barrage+1","Hologram+1"],"picked":"Force Field+1","floor":35.0},{"not_picked":["Loop+1","Stack+1"],"picked":"Compile Driver+1","floor":37.0},{"not_picked":["Chill+1","Conserve Battery","Heatsinks"],"picked":"SKIP","floor":38.0},{"not_picked":["Stack+1","Turbo"],"picked":"Sweeping Beam+1","floor":39.0},{"not_picked":["Coolheaded","Skim"],"picked":"Blizzard+1","floor":41.0},{"not_picked":["Ball Lightning+1","Go for the Eyes+1"],"picked":"BootSequence+1","floor":48.0}],"player_experience":309799,"relics_obtained":[{"floor":6.0,"key":"Vajra"},{"floor":8.0,"key":"Kunai"},{"floor":9.0,"key":"Pantograph"},{"floor":26.0,"key":"Molten Egg 2"},{"floor":43.0,"key":"The Courier"},{"floor":47.0,"key":"Meat on the Bone"}],"event_choices":[{"damage_healed":0.0,"max_hp_gain":5.0,"max_hp_loss":0.0,"gold_gain":0.0,"event_name":"Big Fish","player_choice":"Donut","floor":3.0,"gold_loss":0.0,"damage_taken":0.0},{"damage_healed":0.0,"max_hp_gain":0.0,"max_hp_loss":0.0,"gold_gain":100.0,"event_name":"Golden Shrine","player_choice":"Pray","floor":4.0,"gold_loss":0.0,"damage_taken":0.0},{"cards_removed":["Strike_B"],"damage_healed":0.0,"max_hp_gain":0.0,"max_hp_loss":0.0,"gold_gain":0.0,"event_name":"Living Wall","player_choice":"Forget","floor":7.0,"gold_loss":0.0,"damage_taken":0.0},{"damage_healed":0.0,"max_hp_gain":0.0,"max_hp_loss":0.0,"gold_gain":0.0,"event_name":"Vampires","player_choice":"Ignored","floor":19.0,"gold_loss":0.0,"damage_taken":0.0},{"damage_healed":0.0,"max_hp_gain":5.0,"max_hp_loss":0.0,"gold_gain":0.0,"event_name":"Forgotten Altar","player_choice":"Shed Blood","floor":22.0,"gold_loss":0.0,"damage_taken":20.0},{"damage_healed":0.0,"max_hp_gain":0.0,"max_hp_loss":0.0,"gold_gain":0.0,"event_name":"Back to Basics","player_choice":"Simplicity","floor":24.0,"gold_loss":0.0,"damage_taken":0.0,"cards_upgraded":["Defend_B","Defend_B","Defend_B","Defend_B"]},{"cards_removed":["Zap"],"damage_healed":0.0,"max_hp_gain":0.0,"max_hp_loss":0.0,"gold_gain":0.0,"event_name":"Beggar","player_choice":"Gave Gold","floor":27.0,"gold_loss":75.0,"damage_taken":0.0},{"damage_healed":0.0,"max_hp_gain":0.0,"max_hp_loss":0.0,"gold_gain":0.0,"event_name":"Knowing Skull","player_choice":"","floor":30.0,"potions_obtained":[],"gold_loss":0.0,"damage_taken":8.0,"cards_obtained":[]},{"damage_healed":0.0,"max_hp_gain":0.0,"max_hp_loss":0.0,"gold_gain":0.0,"event_name":"The Woman in Blue","player_choice":"Bought 0 Potions","floor":36.0,"gold_loss":0.0,"damage_taken":0.0},{"damage_healed":0.0,"max_hp_gain":0.0,"max_hp_loss":0.0,"gold_gain":0.0,"event_name":"Winding Halls","player_choice":"Embrace Madness","floor":46.0,"gold_loss":0.0,"damage_taken":11.0,"cards_obtained":["Madness","Madness"]}],"is_beta":false,"boss_relics":[{"not_picked":["Eternal Feather","Nuclear Battery"],"picked":"Velvet Choker"},{"not_picked":["Calling Bell","Runic Pyramid"],"picked":"FrozenCore"}],"items_purged_floors":[2,21],"is_endless":false,"potions_floor_spawned":[8,10,11,14,37,41,48],"killed_by":"Shield and Spear","ascension_level":0}