{"path_per_floor":["M","$","M","M","M","E","R","E","T","R","?","?","M","T","R","B",null,"M","?","M","M","$","E","T","R","T","R","M","?","E","M","R","B",null,"M","M","?","M","M","R","?","$","T","M","M","M","R","M","R","B"],"character_chosen":"IRONCLAD","items_purchased":["War Paint","Panacea"],"gold_per_floor":[115,40,54,67,79,113,113,146,170,170,170,170,183,183,183,288,288,302,302,314,328,85,115,115,115,115,115,132,132,160,178,178,278,278,288,302,302,312,332,332,332,109,109,119,132,145,145,160,160,160],"floor_reached":51,"campfire_rested":2,"playtime":4396,"current_hp_per_floor":[77,77,80,80,76,54,78,43,43,43,27,53,56,56,56,38,80,70,56,56,56,56,44,44,44,44,44,56,56,56,56,56,50,56,56,56,56,56,56,56,56,56,56,50,56,56,56,44,56,28],"items_purged":["Strike_R","Bash","Reaper"],"gold":160,"score":527,"play_id":"9922e019-afcf-4aa2-aeb8-6aa93cdd1767","is_prod":false,"is_daily":false,"is_ascension_mode":false,"campfire_upgraded":7,"path_taken":["M","$","M","M","M","E","R","E","T","R","?","?","M","?","R","BOSS","M","?","?","?","$","E","?","R","T","R","M","?","E","M","R","BOSS","M","M","?","?","M","R","?","$","T","M","M","M","R","M","R","BOSS"],"build_version":"2018-02-08-PROD1","purchased_purges":3,"victory":true,"master_deck":["Defend_R+1","Defend_R+1","Shockwave+1","Pommel Strike","Pommel Strike","Thunderclap+1","Shrug It Off+1","Flame Barrier+1","Clash","Whirlwind+1","Clash","Fire Breathing+1","Bite+1","Bite","Bite+1","Bite","Bite","Shrug It Off+1","Clash","Demon Form+1","Infernal Blade+1","Panacea","Injury","Spot Weakness","Warcry+1"],"max_hp_per_floor":[80,80,80,80,80,80,80,80,80,80,80,80,80,80,80,80,80,80,56,56,56,56,56,56,56,56,56,56,56,56,56,56,56,56,56,56,56,56,56,56,56,56,56,56,56,56,56,56,56,56],"relics":["Burning Blood","Prayer Wheel","Shuriken","Frozen Egg 2","Vajra","Bronze Scales","Sozu","War Paint","Ginger","Frozen Eye","Magic Flower","Centennial Puzzle","Cursed Key","Charon\u0027s Ashes"],"card_choices":[{"not_picked":["Hemokinesis","Combust"],"picked":"Shockwave"},{"not_picked":["Uppercut","Sword Boomerang"],"picked":"Pommel Strike"},{"not_picked":["Twin Strike","Warcry"],"picked":"Pommel Strike"},{"not_picked":["Flex","Combust"],"picked":"Thunderclap"},{"not_picked":["Blood for Blood","Cleave"],"picked":"Shrug It Off"},{"not_picked":["Pummel","Warcry"],"picked":"Flame Barrier"},{"not_picked":["Shrug It Off","Sword Boomerang"],"picked":"Clash"},{"not_picked":["Bloodletting","Headbutt"],"picked":"Whirlwind"},{"not_picked":["Twin Strike","Warcry"],"picked":"Clash"},{"not_picked":["Offering","Brutality"],"picked":"Reaper"},{"not_picked":["Sword Boomerang","Whirlwind"],"picked":"Fire Breathing"},{"not_picked":["Cleave","True Grit"],"picked":"Shrug It Off"},{"not_picked":["Twin Strike","Heavy Blade"],"picked":"Clash"},{"not_picked":["Dual Wield","Cleave"],"picked":"Warcry"},{"not_picked":["Clothesline","Headbutt"],"picked":"Demon Form"},{"not_picked":["Intimidate","Flex"],"picked":"Infernal Blade"},{"not_picked":["Whirlwind","Body Slam"],"picked":"Spot Weakness"},{"not_picked":["Pommel Strike","Twin Strike"],"picked":"Warcry"}],"player_experience":37627,"potions_floor_usage":[16,16],"damage_taken":[{"damage":9,"enemies":"Blue Slaver","floor":1,"turns":5},{"damage":0,"enemies":"Small Slimes","floor":3,"turns":5},{"damage":3,"enemies":"Jaw Worm","floor":4,"turns":3},{"damage":10,"enemies":"Exordium Wildlife","floor":5,"turns":4},{"damage":28,"enemies":"Gremlin Nob","floor":6,"turns":4},{"damage":41,"enemies":"Lagavulin","floor":8,"turns":7},{"damage":3,"enemies":"Red Slaver","floor":13,"turns":3},{"damage":24,"enemies":"Slime Boss","floor":16,"turns":9},{"damage":16,"enemies":"2 Thieves","floor":18,"turns":3},{"damage":0,"enemies":"3 Byrds","floor":20,"turns":3},{"damage":3,"enemies":"Cultist and Chosen","floor":21,"turns":4},{"damage":24,"enemies":"Gremlin Leader","floor":23,"turns":6},{"damage":0,"enemies":"3 Cultists","floor":28,"turns":4},{"damage":11,"enemies":"Slavers","floor":30,"turns":4},{"damage":19,"enemies":"Snecko","floor":31,"turns":6},{"damage":21,"enemies":"Collector","floor":33,"turns":5},{"damage":2,"enemies":"Orb Walker","floor":35,"turns":3},{"damage":8,"enemies":"3 Shapes","floor":36,"turns":3},{"damage":0,"enemies":"3 Darklings","floor":38,"turns":3},{"damage":11,"enemies":"Sphere and 2 Shapes","floor":39,"turns":3},{"damage":18,"enemies":"4 Shapes","floor":44,"turns":4},{"damage":24,"enemies":"Maw","floor":45,"turns":5},{"damage":3,"enemies":"3 Darklings","floor":46,"turns":2},{"damage":35,"enemies":"Sphere and 2 Shapes","floor":48,"turns":5},{"damage":60,"enemies":"Donu and Deca","floor":50,"turns":7}],"event_choices":[{"event_name":"Shining Light","player_choice":"Entered Light","floor":11,"damage_taken":0},{"event_name":"Big Fish","player_choice":"Banana","floor":12,"damage_taken":0},{"event_name":"Vampires","player_choice":"Became a vampire","floor":19,"damage_taken":0},{"event_name":"Back to Basics","player_choice":"Elegance","floor":29,"damage_taken":0},{"event_name":"Purifier","player_choice":"One Purge","floor":41,"damage_taken":0}],"boss_relics":[{"not_picked":["Lizard Tail","Ectoplasm"],"picked":"Sozu"},{"not_picked":["Question Card","Mark of Pain"],"picked":"Cursed Key"}],"potions_floor_spawned":[1,6,8,16,21,23,31,36,39,44,45,48],"seed_played":"-7177847460682502073","ascension_level":0,"is_trial":false}