{"path_per_floor":["M","$","?","?","M","R","M","?","T","$","R","M","R","M","R","B",null,"M","$","?","?","?"],"character_chosen":"IRONCLAD","items_purchased":["Shrug It Off","Flex","Limit Break"],"gold_per_floor":[216,114,114,114,131,131,149,224,295,33,33,51,51,66,66,171,171,171,46,46,46,46],"floor_reached":23,"campfire_rested":0,"playtime":978,"current_hp_per_floor":[77,77,88,81,87,87,91,80,80,80,80,76,76,76,76,72,86,70,70,52,52,52],"items_purged":["Parasite","Strike_R","Strike_R"],"gold":46,"score":308,"play_id":"eb228864-007c-4e8c-8458-d7c3ea946725","local_time":"20180304195034","is_prod":false,"is_daily":false,"is_ascension_mode":true,"campfire_upgraded":4,"timestamp":1520189434,"path_taken":["M","$","?","?","M","R","M","?","T","$","R","M","R","M","R","BOSS","M","$","?","?","?","E"],"build_version":"2018-03-01-PROD1","purchased_purges":3,"victory":false,"master_deck":["Strike_R","Strike_R","Defend_R","Defend_R","Defend_R","Defend_R","Bash+1","Heavy Blade+1","Shrug It Off","Rampage+1","Ghostly Armor","Flex","Limit Break+1","Disarm","Flex","Fiend Fire"],"max_hp_per_floor":[80,77,91,91,91,91,91,91,91,91,91,91,91,91,91,91,91,91,91,96,96,96],"relics":["Burning Blood","Mango","Darkstone Periapt","Ectoplasm","Tiny Chest"],"card_choices":[{"not_picked":["Warcry","Bloodletting"],"picked":"Heavy Blade"},{"not_picked":["Clash","Thunderclap"],"picked":"Rampage"},{"not_picked":["Body Slam","Rage"],"picked":"Ghostly Armor"},{"not_picked":["Wild Strike","Dropkick"],"picked":"Disarm"},{"not_picked":["Warcry","Rage"],"picked":"Flex"},{"not_picked":["Bludgeon","Barricade"],"picked":"Fiend Fire"}],"player_experience":219966,"potions_floor_usage":[16,23,23],"damage_taken":[{"damage":1,"enemies":"Small Slimes","floor":1,"turns":4},{"damage":0,"enemies":"2 Louse","floor":5,"turns":4},{"damage":0,"enemies":"Cultist","floor":7,"turns":3},{"damage":10,"enemies":"2 Fungi Beasts","floor":12,"turns":4},{"damage":6,"enemies":"Large Slime","floor":14,"turns":8},{"damage":10,"enemies":"Slime Boss","floor":16,"turns":7},{"damage":22,"enemies":"Spheric Guardian","floor":18,"turns":4},{"damage":56,"enemies":"Gremlin Leader","floor":23,"turns":5}],"event_choices":[{"event_name":"Scrap Ooze","player_choice":"success","floor":3,"damage_taken":3},{"event_name":"Golden Wing","player_choice":"Card Removal","floor":4,"damage_taken":0},{"event_name":"World of Goop","player_choice":"Gather Gold","floor":8,"damage_taken":0},{"event_name":"Forgotten Altar","player_choice":"Shed Blood","floor":20,"damage_taken":0},{"event_name":"The Mausoleum","player_choice":"Yes","floor":21,"damage_taken":0},{"event_name":"Addict","player_choice":"Ignored","floor":22,"damage_taken":0}],"boss_relics":[{"not_picked":["Runic Pyramid","Philosopher\u0027s Stone"],"picked":"Ectoplasm"}],"potions_floor_spawned":[5,7,16],"seed_played":"9037735891141962808","killed_by":"Gremlin Leader","ascension_level":12,"is_trial":false}