{"gold_per_floor":[109,126,51,69,81,81,106,106,106,6,6,6,31,31,31,31],"floor_reached":16,"playtime":559,"items_purged":["Strike_R"],"score":211,"play_id":"a84d1e49-aa3d-418b-a530-dbfa17deacf9","local_time":"20190526145846","is_ascension_mode":true,"campfire_choices":[{"data":"Shrug It Off","floor":6,"key":"SMITH"},{"data":"Bash","floor":8,"key":"SMITH"},{"data":"True Grit","floor":11,"key":"SMITH"},{"data":"Metallicize","floor":15,"key":"SMITH"}],"neow_cost":"NONE","seed_source_timestamp":674303987156933,"circlet_count":0,"master_deck":["AscendersBane","Strike_R","Defend_R","Defend_R","Defend_R","Defend_R","Bash+1","Sever Soul","Thunderclap","Shrug It Off+1","Metallicize+1","Evolve","Rampage","True Grit+1","Spot Weakness","Fiend Fire"],"relics":["Burning Blood","Potion Belt","Strawberry","Meat on the Bone"],"potions_floor_usage":[5,13],"damage_taken":[{"damage":7,"enemies":"Small Slimes","floor":1,"turns":3},{"damage":4,"enemies":"2 Louse","floor":2,"turns":3},{"damage":6,"enemies":"Cultist","floor":4,"turns":3},{"damage":18,"enemies":"Gremlin Gang","floor":5,"turns":3},{"damage":19,"enemies":"3 Sentries","floor":7,"turns":10},{"damage":36,"enemies":"Gremlin Nob","floor":13,"turns":5},{"damage":25,"enemies":"Hexaghost","floor":16,"turns":9}],"seed_played":"-8905793181744708446","potions_obtained":[{"floor":2,"key":"Weak Potion"},{"floor":4,"key":"AttackPotion"}],"is_trial":false,"path_per_floor":["M","M","?","M","M","R","E","R","T","$","R","$","E","?","R","B"],"character_chosen":"IRONCLAD","items_purchased":["True Grit"],"campfire_rested":0,"item_purchase_floors":[10],"current_hp_per_floor":[67,69,69,69,57,57,44,44,51,51,51,51,21,21,21,0],"gold":31,"neow_bonus":"TRANSFORM_CARD","is_prod":false,"is_daily":false,"chose_seed":false,"campfire_upgraded":4,"win_rate":0,"timestamp":1558875526,"path_taken":["M","M","?","M","M","R","E","R","T","$","R","$","E","?","R","BOSS"],"build_version":"2019-01-23","purchased_purges":1,"victory":false,"max_hp_per_floor":[75,75,75,75,75,75,75,75,82,82,82,82,82,82,82,82],"card_choices":[{"not_picked":["True Grit","Infernal Blade"],"picked":"Thunderclap","floor":1},{"not_picked":["Body Slam","Evolve"],"picked":"Shrug It Off","floor":2},{"not_picked":["Twin Strike","Perfected Strike"],"picked":"Metallicize","floor":4},{"not_picked":["Infernal Blade","Wild Strike"],"picked":"Evolve","floor":5},{"not_picked":["Clash","Juggernaut"],"picked":"Rampage","floor":7},{"not_picked":["Anger","Headbutt"],"picked":"Spot Weakness","floor":13}],"player_experience":579598,"relics_obtained":[{"floor":7,"key":"Potion Belt"},{"floor":9,"key":"Strawberry"},{"floor":13,"key":"Meat on the Bone"}],"event_choices":[{"cards_removed":["Strike_R"],"damage_healed":0,"gold_gain":0,"player_choice":"Card Removal","damage_taken":0,"max_hp_gain":0,"max_hp_loss":0,"event_name":"The Cleric","floor":3,"gold_loss":75},{"damage_healed":0,"gold_gain":0,"cards_transformed":["Strike_R"],"player_choice":"Transformed","damage_taken":0,"max_hp_gain":0,"max_hp_loss":0,"event_name":"Transmorgrifier","floor":14,"gold_loss":0,"cards_obtained":["Fiend Fire"]}],"is_beta":false,"boss_relics":[],"items_purged_floors":[10],"is_endless":false,"potions_floor_spawned":[2,4],"killed_by":"Hexaghost","ascension_level":19}