{"gold_per_floor":[111,111,125,50,68,68,87,128,128,128,149,299,299,335,335,335],"floor_reached":16,"playtime":316,"items_purged":[],"score":220,"play_id":"a33507f7-c3fb-4e40-b93d-6978d18c4aac","local_time":"20190601221245","is_ascension_mode":true,"campfire_choices":[{"data":"Neutralize","floor":6,"key":"SMITH"},{"floor":10,"key":"REST"},{"floor":13,"key":"REST"},{"data":"Backstab","floor":15,"key":"SMITH"}],"neow_cost":"NONE","seed_source_timestamp":1380076930470457,"circlet_count":0,"master_deck":["AscendersBane","Strike_G","Strike_G","Strike_G","Strike_G","Strike_G","Defend_G","Defend_G","Defend_G","Defend_G","Defend_G","Survivor","Neutralize+1","Clumsy","Writhe","Dodge and Roll","Backstab+1","Poisoned Stab","Poisoned Stab","Doubt","Well Laid Plans"],"relics":["Calling Bell","Ancient Tea Set","Mercury Hourglass","Torii","Golden Idol","Snake Skull","Blue Candle","Dodecahedron"],"potions_floor_usage":[8,16],"damage_taken":[{"damage":11,"enemies":"Jaw Worm","floor":1,"turns":6},{"damage":4,"enemies":"Small Slimes","floor":3,"turns":4},{"damage":0,"enemies":"2 Louse","floor":5,"turns":2},{"damage":2,"enemies":"2 Fungi Beasts","floor":7,"turns":4},{"damage":40,"enemies":"Gremlin Nob","floor":8,"turns":5},{"damage":0,"enemies":"3 Louse","floor":11,"turns":2},{"damage":16,"enemies":"3 Sentries","floor":14,"turns":8},{"damage":34,"enemies":"The Guardian","floor":16,"turns":2}],"seed_played":"1944984201487371083","potions_obtained":[{"floor":3,"key":"Block Potion"},{"floor":7,"key":"LiquidBronze"},{"floor":8,"key":"PowerPotion"}],"is_trial":false,"path_per_floor":["M","?","M","?","M","R","M","E","T","R","M","?","R","E","R","B"],"character_chosen":"THE_SILENT","items_purchased":[],"campfire_rested":2,"item_purchase_floors":[],"current_hp_per_floor":[48,48,44,44,44,44,42,2,2,20,20,20,38,22,22,0],"gold":335,"neow_bonus":"BOSS_RELIC","is_prod":false,"is_daily":false,"chose_seed":false,"campfire_upgraded":2,"win_rate":0,"timestamp":1559452365,"path_taken":["M","?","M","?","M","R","M","E","T","R","M","?","R","E","R","BOSS"],"build_version":"2019-05-31","purchased_purges":0,"victory":false,"max_hp_per_floor":[66,60,60,60,60,60,60,60,60,60,60,60,60,60,60,60],"card_choices":[{"not_picked":["Accuracy","Bane","Expertise"],"picked":"SKIP","floor":1},{"not_picked":["Deflect","Setup"],"picked":"Dodge and Roll","floor":3},{"not_picked":["Acrobatics","Expertise"],"picked":"Backstab","floor":5},{"not_picked":["Quick Slash","Accuracy"],"picked":"Poisoned Stab","floor":7},{"not_picked":["Riddle With Holes","Outmaneuver","Setup"],"picked":"SKIP","floor":8},{"not_picked":["Outmaneuver","Sucker Punch"],"picked":"Poisoned Stab","floor":11},{"not_picked":["Setup","Cloak And Dagger"],"picked":"Well Laid Plans","floor":14}],"player_experience":1294082,"relics_obtained":[{"floor":0,"key":"Ancient Tea Set"},{"floor":0,"key":"Mercury Hourglass"},{"floor":0,"key":"Torii"},{"floor":8,"key":"Snake Skull"},{"floor":9,"key":"Blue Candle"},{"floor":14,"key":"Dodecahedron"}],"event_choices":[{"damage_healed":0,"gold_gain":0,"player_choice":"Lose Max HP","damage_taken":0,"relics_obtained":["Golden Idol"],"max_hp_gain":0,"max_hp_loss":6,"event_name":"Golden Idol","floor":2,"gold_loss":0},{"cards_removed":["Regret"],"damage_healed":0,"gold_gain":0,"player_choice":"Card Removal","damage_taken":0,"max_hp_gain":0,"max_hp_loss":0,"event_name":"The Cleric","floor":4,"gold_loss":75},{"damage_healed":0,"gold_gain":150,"player_choice":"AGREE","damage_taken":0,"max_hp_gain":0,"max_hp_loss":0,"event_name":"Liars Game","floor":12,"gold_loss":0,"cards_obtained":["Doubt"]}],"is_beta":true,"boss_relics":[],"items_purged_floors":[],"is_endless":false,"potions_floor_spawned":[3,7,8],"killed_by":"The Guardian","ascension_level":20}