{"path_per_floor":["M","M","?","M","$","R","?","M","T","M","M","R","M","$","R","B",null,"M","T","?","$","M","R","M","?","T","M","?","R","M","M","R","B",null,"M","?","M","M","$","R","M","R","T","R","M","M","$","?","R","B"],"character_chosen":"THE_SILENT","items_purchased":["Noxious Fumes","Oddly Smooth Stone","Finesse"],"gold_per_floor":[113,133,133,152,40,40,40,56,56,72,93,93,113,13,13,143,143,162,188,188,63,76,76,100,100,149,172,172,172,190,215,215,334,334,354,354,367,391,97,97,117,117,117,117,137,156,59,0,0,0],"floor_reached":51,"campfire_rested":3,"playtime":5028,"current_hp_per_floor":[59,57,57,56,56,56,56,56,56,43,31,31,31,31,49,22,52,52,52,52,52,42,42,42,26,26,26,26,26,19,18,36,25,53,53,53,48,48,48,48,31,31,31,31,31,31,31,31,49,47],"items_purged":["Parasite","Strike_G","Strike_G","Strike_G"],"gold":0,"score":735,"play_id":"a0488c53-c41e-484b-83a6-b99546edb434","local_time":"20180305234456","is_prod":false,"is_daily":false,"is_ascension_mode":true,"campfire_upgraded":7,"timestamp":1520289896,"path_taken":["M","M","?","M","$","R","?","M","T","?","M","R","M","?","R","BOSS","M","?","?","$","M","R","M","?","T","M","?","R","M","M","R","BOSS","M","?","M","M","$","R","M","R","T","R","M","M","$","?","R","BOSS"],"build_version":"2018-03-01-PROD1","purchased_purges":4,"victory":true,"master_deck":["Defend_G","Defend_G","Defend_G","Defend_G","Defend_G","Survivor","Neutralize+1","Dagger Spray","Flying Knee","Neutralize","Blind","Footwork+1","Noxious Fumes+1","Dash+1","Noxious Fumes+1","Well Laid Plans+1","Die Die Die","Escape Plan","Dodge and Roll","Backstab","PiercingWail","Dodge and Roll","Backflip+1","Escape Plan","Footwork+1","Footwork","Footwork+1","Finesse"],"max_hp_per_floor":[70,70,70,70,67,67,62,62,62,62,62,62,62,62,62,62,62,62,62,62,62,62,62,62,62,62,62,62,62,62,62,62,62,62,62,62,62,62,62,62,62,62,62,62,62,62,62,62,62,62],"relics":["Ring of the Snake","Golden Idol","Girya","Sozu","Juzu Bracelet","Nilry\u0027s Codex","Bag of Preparation","Cursed Key","Oddly Smooth Stone","Red Mask"],"card_choices":[{"not_picked":["Deadly Poison","Cloak And Dagger"],"picked":"Dagger Spray"},{"not_picked":["Terror","Bouncing Flask"],"picked":"Flying Knee"},{"not_picked":["Flying Knee","Terror"],"picked":"Footwork"},{"not_picked":["Outmaneuver","Poisoned Stab"],"picked":"Dash"},{"not_picked":["Acrobatics","Endless Agony"],"picked":"Noxious Fumes"},{"not_picked":["Dagger Throw","Dagger Spray"],"picked":"Well Laid Plans"},{"not_picked":["Corpse Explosion","Night Terror"],"picked":"Die Die Die"},{"not_picked":["Blade Dance","Choke"],"picked":"Escape Plan"},{"not_picked":["Expertise","Deflect"],"picked":"Backstab"},{"not_picked":["Underhanded Strike","Sucker Punch"],"picked":"PiercingWail"},{"not_picked":["Malaise","Sucker Punch"],"picked":"Dodge and Roll"},{"not_picked":["Quick Slash","Flechettes"],"picked":"Backflip"},{"not_picked":["Underhanded Strike","Finisher"],"picked":"Footwork"},{"not_picked":["Backstab","Underhanded Strike"],"picked":"Footwork"},{"not_picked":["Dash","Quick Slash"],"picked":"Footwork"}],"player_experience":228628,"potions_floor_usage":[11,33,50],"damage_taken":[{"damage":4,"enemies":"Jaw Worm","floor":1,"turns":7},{"damage":2,"enemies":"Cultist","floor":2,"turns":4},{"damage":1,"enemies":"2 Louse","floor":4,"turns":2},{"damage":0,"enemies":"Looter","floor":8,"turns":4},{"damage":13,"enemies":"Gremlin Gang","floor":10,"turns":4},{"damage":12,"enemies":"Exordium Thugs","floor":11,"turns":4},{"damage":0,"enemies":"Red Slaver","floor":13,"turns":5},{"damage":27,"enemies":"The Guardian","floor":16,"turns":10},{"damage":0,"enemies":"3 Byrds","floor":18,"turns":5},{"damage":10,"enemies":"Shell Parasite","floor":22,"turns":7},{"damage":0,"enemies":"Snecko","floor":24,"turns":6},{"damage":0,"enemies":"Centurion and Healer","floor":27,"turns":7},{"damage":7,"enemies":"Cultist and Chosen","floor":30,"turns":7},{"damage":1,"enemies":"Snecko","floor":31,"turns":6},{"damage":11,"enemies":"Champ","floor":33,"turns":16},{"damage":0,"enemies":"3 Darklings","floor":35,"turns":5},{"damage":5,"enemies":"3 Shapes","floor":37,"turns":4},{"damage":0,"enemies":"Sphere and 2 Shapes","floor":38,"turns":7},{"damage":17,"enemies":"4 Shapes","floor":41,"turns":7},{"damage":0,"enemies":"Maw","floor":45,"turns":9},{"damage":0,"enemies":"3 Darklings","floor":46,"turns":6},{"damage":2,"enemies":"Time Eater","floor":50,"turns":20}],"event_choices":[{"event_name":"Match and Keep!","player_choice":"2 cards matched","floor":3,"damage_taken":0},{"event_name":"Golden Idol","player_choice":"Lose Max HP","floor":7,"damage_taken":0},{"event_name":"The Library","player_choice":"Read","floor":20,"damage_taken":0},{"event_name":"Cursed Tome","player_choice":"Obtained Book","floor":25,"damage_taken":0},{"event_name":"Purifier","player_choice":"One Purge","floor":28,"damage_taken":0},{"event_name":"Transmorgrifier","player_choice":"Transform","floor":36,"damage_taken":0},{"event_name":"Tomb of Lord Red Mask","player_choice":"Paid","floor":48,"damage_taken":0}],"boss_relics":[{"not_picked":["Black Star","Orrery"],"picked":"Sozu"},{"not_picked":["Question Card","Snecko Eye"],"picked":"Cursed Key"}],"potions_floor_spawned":[4,13,16,27,30,31,33,38,41,45],"seed_played":"-14882323639237871","ascension_level":12,"is_trial":false}