{"gold_per_floor":[112,131,146,196,37,67,67,93,93,103,120,136,136,171,183,272,284,274,306,12,67,82,82,82],"floor_reached":24,"playtime":845,"items_purged":["Strike_B","Strike_B"],"score":571,"play_id":"f567167d-78d9-46e4-ae13-90aaea0aab5f","local_time":"20190519224057","is_ascension_mode":true,"campfire_choices":[{"floor":7,"key":"REST"},{"floor":13,"key":"REST"},{"data":"Zap","floor":15,"key":"SMITH"},{"floor":23,"key":"REST"}],"neow_cost":"TEN_PERCENT_HP_LOSS","seed_source_timestamp":96924482651845,"circlet_count":0,"master_deck":["AscendersBane","Strike_B","Strike_B","Defend_B","Defend_B","Defend_B","Defend_B+1","Zap+1","Dualcast+1","Ball Lightning","Streamline","Rebound","Doom and Gloom","Cold Snap","Conserve Battery","Undo","Reboot","Streamline","Conserve Battery","Biased Cognition","Glacier"],"relics":["Cracked Core","Incense Burner","War Paint","Thread and Needle","Gremlin Horn","MawBank","Busted Crown","Tiny Chest"],"potions_floor_usage":[8,14,14,24],"damage_taken":[{"damage":1,"enemies":"Cultist","floor":1,"turns":3},{"damage":7,"enemies":"2 Louse","floor":2,"turns":3},{"damage":15,"enemies":"Small Slimes","floor":3,"turns":3},{"damage":16,"enemies":"Lagavulin","floor":6,"turns":5},{"damage":8,"enemies":"Gremlin Nob","floor":8,"turns":3},{"damage":13,"enemies":"Exordium Thugs","floor":10,"turns":3},{"damage":0,"enemies":"Looter","floor":11,"turns":2},{"damage":8,"enemies":"Exordium Wildlife","floor":12,"turns":3},{"damage":0,"enemies":"3 Sentries","floor":14,"turns":3},{"damage":0,"enemies":"Hexaghost","floor":16,"turns":9},{"damage":14,"enemies":"2 Thieves","floor":18,"turns":4},{"damage":0,"enemies":"Chosen","floor":19,"turns":3},{"damage":30,"enemies":"Snake Plant","floor":22,"turns":5},{"damage":51,"enemies":"Slavers","floor":24,"turns":3}],"seed_played":"-2277630907705886237","potions_obtained":[{"floor":3,"key":"Explosive Potion"},{"floor":6,"key":"Fire Potion"},{"floor":8,"key":"Explosive Potion"},{"floor":18,"key":"Energy Potion"},{"floor":22,"key":"LiquidBronze"}],"is_trial":false,"path_per_floor":["M","M","M","?","$","E","R","E","T","M","M","M","R","E","R","B",null,"M","M","$","T","M","R","E"],"character_chosen":"DEFECT","items_purchased":["Doom and Gloom","Biased Cognition","Glacier"],"campfire_rested":3,"item_purchase_floors":[5,20,20],"current_hp_per_floor":[63,56,41,41,41,25,44,36,36,23,23,15,34,34,34,34,57,43,43,43,43,13,32,0],"gold":82,"neow_bonus":"ONE_RARE_RELIC","is_prod":false,"is_daily":false,"chose_seed":false,"campfire_upgraded":1,"win_rate":0,"timestamp":1558298457,"path_taken":["M","M","?","?","$","E","R","E","T","M","M","M","R","E","R","BOSS","M","M","$","?","M","R","E"],"build_version":"2019-01-23","purchased_purges":2,"victory":false,"max_hp_per_floor":[64,64,64,64,64,64,64,64,64,64,64,64,64,64,64,64,64,64,64,64,64,64,64,64],"card_choices":[{"not_picked":["Sweeping Beam","Compile Driver"],"picked":"Ball Lightning","floor":1},{"not_picked":["Hologram","Melter"],"picked":"Streamline","floor":2},{"not_picked":["Heatsinks","Sunder"],"picked":"Rebound","floor":3},{"not_picked":["Beam Cell","Fission","Rebound"],"picked":"SKIP","floor":6},{"not_picked":["Scrape","Sweeping Beam"],"picked":"Cold Snap","floor":8},{"not_picked":["Hologram","Go for the Eyes","Ball Lightning"],"picked":"SKIP","floor":10},{"not_picked":["Turbo","Stack"],"picked":"Conserve Battery","floor":11},{"not_picked":["Go for the Eyes","Stack","Rebound"],"picked":"SKIP","floor":12},{"not_picked":["Machine Learning","Gash"],"picked":"Undo","floor":14},{"not_picked":["All For One","Multi-Cast"],"picked":"Reboot","floor":16},{"not_picked":[],"picked":"Streamline","floor":18},{"not_picked":[],"picked":"Conserve Battery","floor":19},{"not_picked":["Chaos"],"picked":"SKIP","floor":22}],"player_experience":567706,"relics_obtained":[{"floor":6,"key":"War Paint"},{"floor":8,"key":"Thread and Needle"},{"floor":9,"key":"Gremlin Horn"},{"floor":14,"key":"MawBank"},{"floor":21,"key":"Tiny Chest"}],"event_choices":[{"damage_healed":0,"gold_gain":50,"player_choice":"Pray","damage_taken":0,"max_hp_gain":0,"max_hp_loss":0,"event_name":"Golden Shrine","floor":4,"gold_loss":0}],"is_beta":false,"boss_relics":[{"not_picked":["Calling Bell","Tiny House"],"picked":"Busted Crown"}],"items_purged_floors":[5,20],"is_endless":false,"potions_floor_spawned":[3,6,8,11,18,22],"killed_by":"Slavers","ascension_level":19}