{"gold_per_floor":[113,123,48,48,66,66,80,137,137,137],"floor_reached":10,"playtime":218,"items_purged":[],"score":136,"play_id":"8a5c5179-d43a-4e53-96d7-04e066d3d330","local_time":"20190607002627","is_ascension_mode":true,"campfire_choices":[{"data":"Bash","floor":6,"key":"SMITH"}],"neow_cost":"TEN_PERCENT_HP_LOSS","seed_source_timestamp":1820230422200034,"circlet_count":0,"master_deck":["AscendersBane","Strike_R","Strike_R+1","Strike_R","Strike_R","Defend_R+1","Defend_R","Defend_R","Defend_R","Bash+1","Sword Boomerang","Inflame","Pommel Strike","Twin Strike","Carnage"],"relics":["Burning Blood","StoneCalendar","Tiny Chest","Pantograph"],"potions_floor_usage":[8,10],"damage_taken":[{"damage":16,"enemies":"Jaw Worm","floor":1,"turns":5},{"damage":11,"enemies":"2 Louse","floor":2,"turns":2},{"damage":4,"enemies":"Small Slimes","floor":5,"turns":4},{"damage":4,"enemies":"Looter","floor":7,"turns":3},{"damage":22,"enemies":"3 Sentries","floor":8,"turns":7},{"damage":32,"enemies":"Gremlin Nob","floor":10,"turns":3}],"seed_played":"-8300888513394664941","potions_obtained":[{"floor":2,"key":"GamblersBrew"},{"floor":7,"key":"EssenceOfSteel"}],"is_trial":false,"path_per_floor":["M","M","?","?","M","R","M","E","T","E"],"character_chosen":"IRONCLAD","items_purchased":[],"campfire_rested":0,"item_purchase_floors":[],"current_hp_per_floor":[58,53,53,33,35,35,37,21,21,0],"gold":137,"neow_bonus":"ONE_RARE_RELIC","is_prod":false,"is_daily":false,"chose_seed":false,"campfire_upgraded":1,"win_rate":0,"timestamp":1559892387,"path_taken":["M","M","?","?","M","R","M","E","T","E"],"build_version":"2019-06-05","purchased_purges":0,"victory":false,"max_hp_per_floor":[68,68,68,68,68,68,68,68,68,68],"card_choices":[{"not_picked":["Flex","Ghostly Armor"],"picked":"Sword Boomerang","floor":1},{"not_picked":["Warcry","Perfected Strike"],"picked":"Inflame","floor":2},{"not_picked":["Carnage","Clash"],"picked":"Pommel Strike","floor":5},{"not_picked":["Warcry","Clothesline"],"picked":"Twin Strike","floor":7},{"not_picked":["Flex","Berserk"],"picked":"Carnage","floor":8}],"player_experience":1308225,"relics_obtained":[{"floor":8,"key":"Tiny Chest"},{"floor":9,"key":"Pantograph"}],"event_choices":[{"cards_removed":["Strike_R"],"damage_healed":0,"gold_gain":0,"player_choice":"Card Removal","damage_taken":0,"max_hp_gain":0,"max_hp_loss":0,"event_name":"The Cleric","floor":3,"gold_loss":75},{"damage_healed":0,"gold_gain":0,"player_choice":"Entered Light","damage_taken":20,"max_hp_gain":0,"max_hp_loss":0,"event_name":"Shining Light","floor":4,"gold_loss":0,"cards_upgraded":["Strike_R","Defend_R"]}],"is_beta":true,"boss_relics":[],"items_purged_floors":[],"is_endless":false,"potions_floor_spawned":[2,7],"killed_by":"Gremlin Nob","ascension_level":20}