{"gold_per_floor":[116,66,77,94,111,111,141,141,164,181,193,218,229,247,247,247],"floor_reached":16,"playtime":988,"items_purged":[],"score":175,"play_id":"85810586-7be6-44e6-a16d-da1f357b3b92","local_time":"20190314214815","is_ascension_mode":true,"campfire_choices":[{"data":"Body Slam","floor":6,"key":"SMITH"},{"data":"Inflame","floor":8,"key":"SMITH"},{"data":"True Grit","floor":15,"key":"SMITH"}],"neow_cost":"NONE","seed_source_timestamp":23682020446309136,"circlet_count":0,"master_deck":["AscendersBane","Strike_R","Strike_R","Strike_R","Defend_R","Defend_R","Defend_R","Defend_R","Bash","Battle Trance","Body Slam+1","Inflame+1","Headbutt","Iron Wave","Barricade","Shrug It Off","True Grit+1"],"relics":["Burning Blood","Lantern","Omamori"],"potions_floor_usage":[16,16],"damage_taken":[{"damage":6,"enemies":"2 Louse","floor":1,"turns":3},{"damage":12,"enemies":"Jaw Worm","floor":3,"turns":3},{"damage":1,"enemies":"Cultist","floor":4,"turns":4},{"damage":5,"enemies":"Exordium Wildlife","floor":5,"turns":6},{"damage":8,"enemies":"Blue Slaver","floor":10,"turns":4},{"damage":10,"enemies":"Lots of Slimes","floor":11,"turns":4},{"damage":35,"enemies":"Lagavulin","floor":12,"turns":5},{"damage":0,"enemies":"3 Louse","floor":13,"turns":3},{"damage":3,"enemies":"Blue Slaver","floor":14,"turns":4},{"damage":48,"enemies":"Slime Boss","floor":16,"turns":10}],"seed_played":"431135641870592180","potions_obtained":[{"floor":1,"key":"FearPotion"},{"floor":3,"key":"Poison Potion"}],"is_trial":false,"path_per_floor":["M","?","M","M","M","R","?","R","T","M","M","E","M","M","R","B"],"character_chosen":"IRONCLAD","items_purchased":[],"campfire_rested":0,"item_purchase_floors":[],"current_hp_per_floor":[72,72,66,71,72,72,72,72,72,70,66,37,43,46,46,0],"gold":247,"neow_bonus":"REMOVE_CARD","is_prod":false,"is_daily":false,"chose_seed":false,"campfire_upgraded":3,"win_rate":0,"timestamp":1552596495,"path_taken":["M","?","M","M","M","R","?","R","T","M","M","E","M","?","R","BOSS"],"build_version":"2019-01-23","purchased_purges":0,"victory":false,"max_hp_per_floor":[80,80,80,80,80,80,80,80,80,80,80,80,80,80,80,80],"card_choices":[{"not_picked":["Blood for Blood","Intimidate"],"picked":"Battle Trance","floor":1},{"not_picked":["Sword Boomerang","Anger"],"picked":"Body Slam","floor":3},{"not_picked":["Rupture","Wild Strike","Havoc"],"picked":"SKIP","floor":4},{"not_picked":["Shrug It Off","Armaments"],"picked":"Inflame","floor":5},{"not_picked":["Burning Pact","True Grit"],"picked":"Headbutt","floor":10},{"not_picked":["Wild Strike","Clash"],"picked":"Iron Wave","floor":11},{"not_picked":["Heavy Blade","Anger"],"picked":"Barricade","floor":12},{"not_picked":["Hemokinesis","Reckless Charge"],"picked":"Shrug It Off","floor":13},{"not_picked":["Headbutt","Seeing Red"],"picked":"True Grit","floor":14}],"player_experience":419431,"relics_obtained":[{"floor":9,"key":"Lantern"},{"floor":12,"key":"Omamori"}],"event_choices":[{"cards_removed":["Strike_R"],"damage_healed":0,"gold_gain":0,"player_choice":"Card Removal","damage_taken":0,"max_hp_gain":0,"max_hp_loss":0,"event_name":"The Cleric","floor":2,"gold_loss":50},{"damage_healed":0,"gold_gain":30,"player_choice":"Searched \u00271\u0027 times","damage_taken":0,"max_hp_gain":0,"max_hp_loss":0,"event_name":"Dead Adventurer","floor":7,"gold_loss":0}],"is_beta":false,"boss_relics":[],"items_purged_floors":[],"is_endless":false,"potions_floor_spawned":[1,3,12,14],"killed_by":"Slime Boss","ascension_level":13}