{"gold_per_floor":[113,133,58,58,78,109,109,153,205,205,221,221,244,55,55,146,146,162,437,33,56,77,77,96,96,96,131,131,145,161,161,161,235,235,249,129,129,129,129,129,156,168,168,168],"floor_reached":44,"playtime":1714,"items_purged":["Strike_G","Strike_G","Regret","Strike_G"],"score":1032,"play_id":"e6140d72-3fd6-461e-80da-e33b7c91a7ee","local_time":"20190518132723","is_ascension_mode":true,"campfire_choices":[{"data":"Neutralize","floor":7.0,"key":"SMITH"},{"data":"Die Die Die","floor":12.0,"key":"SMITH"},{"data":"Footwork","floor":15.0,"key":"SMITH"},{"data":"Catalyst","floor":23.0,"key":"SMITH"},{"data":"Burst","floor":28.0,"key":"SMITH"},{"data":"Deadly Poison","floor":32.0,"key":"SMITH"},{"data":"Apotheosis","floor":40.0,"key":"SMITH"}],"neow_cost":"NONE","seed_source_timestamp":137378933689396,"circlet_count":0,"master_deck":["AscendersBane","Defend_G","Defend_G","Defend_G","Defend_G","Defend_G","Strike_G","Strike_G","Survivor","Neutralize+1","Quick Slash","Poisoned Stab","Cloak And Dagger","All Out Attack","Dodge and Roll","Footwork+1","Backflip","Burst+1","Dagger Throw+1","Backflip","Deadly Poison+1","Catalyst+1","Backflip","Adrenaline","After Image","Apotheosis+1","Trip","Thinking Ahead","PiercingWail"],"special_seed":0,"relics":["Philosopher\u0027s Stone","Bloody Idol","The Courier","Art of War","Snake Skull","Runic Dome","FossilizedHelix","Bottled Tornado","Ornamental Fan","Coffee Dripper","Boot"],"potions_floor_usage":[44],"damage_taken":[{"damage":0.0,"enemies":"Cultist","floor":1.0,"turns":4.0},{"damage":5.0,"enemies":"Small Slimes","floor":2.0,"turns":3.0},{"damage":2.0,"enemies":"2 Louse","floor":5.0,"turns":3.0},{"damage":9.0,"enemies":"Gremlin Nob","floor":6.0,"turns":3.0},{"damage":31.0,"enemies":"Lagavulin","floor":8.0,"turns":8.0},{"damage":0.0,"enemies":"Looter","floor":11.0,"turns":3.0},{"damage":5.0,"enemies":"Red Slaver","floor":13.0,"turns":2.0},{"damage":6.0,"enemies":"Slime Boss","floor":16.0,"turns":13.0},{"damage":1.0,"enemies":"2 Thieves","floor":18.0,"turns":4.0},{"damage":1.0,"enemies":"Spheric Guardian","floor":21.0,"turns":5.0},{"damage":0.0,"enemies":"Centurion and Healer","floor":22.0,"turns":11.0},{"damage":10.0,"enemies":"Shelled Parasite and Fungi","floor":24.0,"turns":7.0},{"damage":3.0,"enemies":"Gremlin Leader","floor":27.0,"turns":10.0},{"damage":0.0,"enemies":"Snecko","floor":29.0,"turns":5.0},{"damage":0.0,"enemies":"Cultist and Chosen","floor":30.0,"turns":7.0},{"damage":33.0,"enemies":"Collector","floor":33.0,"turns":8.0},{"damage":0.0,"enemies":"3 Shapes","floor":35.0,"turns":4.0},{"damage":0.0,"enemies":"Giant Head","floor":41.0,"turns":6.0},{"damage":0.0,"enemies":"3 Darklings","floor":42.0,"turns":3.0},{"damage":66,"enemies":"Reptomancer","floor":44,"turns":13}],"seed_played":"-7832611073217998738","potions_obtained":[{"floor":1.0,"key":"Swift Potion"},{"floor":2.0,"key":"SteroidPotion"},{"floor":6.0,"key":"GhostInAJar"},{"floor":11.0,"key":"Weak Potion"},{"floor":21.0,"key":"Ancient Potion"},{"floor":22.0,"key":"SkillPotion"},{"floor":33.0,"key":"SkillPotion"},{"floor":41.0,"key":"GamblersBrew"},{"floor":42.0,"key":"LiquidBronze"}],"is_trial":false,"path_per_floor":["M","M","$","?","M","E","R","E","T","?","M","R","M","$","R","B",null,"M","?","$","M","M","R","M","?","T","E","R","M","M","$","R","B",null,"M","$","?","?","?","R","E","M","T","E"],"character_chosen":"THE_SILENT","items_purchased":["Footwork","Backflip","FossilizedHelix","Backflip"],"campfire_rested":0,"item_purchase_floors":[14,14,20,20],"current_hp_per_floor":[59,54,54,54,52,43,43,12,12,32,32,32,27,27,27,21,50,49,49,49,48,48,48,38,38,38,40,40,45,50,50,50,22,51,56,56,46,46,46,46,51,56,56,0],"gold":168,"neow_bonus":"BOSS_RELIC","is_prod":false,"is_daily":false,"chose_seed":false,"campfire_upgraded":7,"win_rate":0,"timestamp":1558211243,"path_taken":["M","M","?","?","M","E","R","E","T","?","M","R","M","$","R","BOSS","M","?","$","?","M","R","M","?","T","E","R","M","M","$","R","BOSS","M","$","?","?","?","R","E","M","T","E"],"build_version":"2019-05-07","purchased_purges":4,"victory":false,"max_hp_per_floor":[66,66,66,60,60,60,60,60,60,60,60,60,60,60,60,60,60,60,60,60,60,60,60,60,60,60,60,60,60,60,60,60,60,60,60,60,60,57,57,57,57,57,57,57],"card_choices":[{"not_picked":["Riddle With Holes","Accuracy"],"picked":"Quick Slash","floor":1.0},{"not_picked":["Outmaneuver","Bouncing Flask"],"picked":"Poisoned Stab","floor":2.0},{"not_picked":["Slice","Underhanded Strike"],"picked":"Cloak And Dagger","floor":5.0},{"not_picked":["Underhanded Strike","Finisher"],"picked":"All Out Attack","floor":6.0},{"not_picked":["Reflex","Underhanded Strike"],"picked":"Dodge and Roll","floor":8.0},{"not_picked":["Acrobatics","Flying Knee"],"picked":"Die Die Die","floor":11.0},{"not_picked":["Acrobatics","Prepared","Dodge and Roll"],"picked":"SKIP","floor":13.0},{"not_picked":["Grand Finale","Venomology"],"picked":"Burst","floor":16.0},{"not_picked":["Poisoned Stab","Acrobatics"],"picked":"Dagger Throw+1","floor":18.0},{"not_picked":["Acrobatics","Underhanded Strike"],"picked":"Deadly Poison","floor":21.0},{"not_picked":["Cloak And Dagger","Caltrops"],"picked":"Catalyst","floor":22.0},{"not_picked":["Venomology","Outmaneuver","Bane"],"picked":"SKIP","floor":24.0},{"not_picked":["Tactician","Dagger Spray","Prepared+1"],"picked":"SKIP","floor":27.0},{"not_picked":["Accuracy","Calculated Gamble"],"picked":"Backflip","floor":29.0},{"not_picked":["Prepared","Blur"],"picked":"Adrenaline","floor":30.0},{"not_picked":["Storm of Steel","Adrenaline"],"picked":"After Image","floor":33.0},{"not_picked":["Dagger Throw","Bane","Choke+1"],"picked":"SKIP","floor":35.0},{"not_picked":["Good Instincts","Forethought"],"picked":"Apotheosis","floor":37.0},{"not_picked":["Discovery","Jack Of All Trades"],"picked":"Trip","floor":37.0},{"not_picked":["Sadistic Nature","Metamorphosis"],"picked":"Thinking Ahead","floor":37.0},{"not_picked":["Predator","Poisoned Stab"],"picked":"PiercingWail","floor":41.0},{"not_picked":["Dodge and Roll","Slice","Prepared"],"picked":"SKIP","floor":42.0}],"player_experience":1260348,"relics_obtained":[{"floor":6.0,"key":"The Courier"},{"floor":8.0,"key":"Art of War"},{"floor":9.0,"key":"Snake Skull"},{"floor":26.0,"key":"Bottled Tornado"},{"floor":27.0,"key":"Ornamental Fan"},{"floor":41.0,"key":"Boot"}],"event_choices":[{"damage_healed":0.0,"max_hp_gain":0.0,"max_hp_loss":6.0,"gold_gain":0.0,"event_name":"Golden Idol","player_choice":"Lose Max HP","floor":4.0,"gold_loss":0.0,"damage_taken":0.0,"relics_obtained":["Golden Idol"]},{"damage_healed":20.0,"max_hp_gain":0.0,"max_hp_loss":0.0,"gold_gain":0.0,"event_name":"Big Fish","player_choice":"Banana","floor":10.0,"gold_loss":0.0,"damage_taken":0.0},{"damage_healed":0.0,"max_hp_gain":0.0,"max_hp_loss":0.0,"gold_gain":275.0,"event_name":"Golden Shrine","player_choice":"Desecrate","floor":19.0,"gold_loss":0.0,"damage_taken":0.0,"cards_obtained":["Regret"]},{"damage_healed":0.0,"max_hp_gain":0.0,"max_hp_loss":0.0,"gold_gain":0.0,"event_name":"Forgotten Altar","player_choice":"Gave Idol","floor":25.0,"relics_lost":["Golden Idol"],"gold_loss":0.0,"damage_taken":0.0,"relics_obtained":["Bloody Idol"]},{"damage_healed":0.0,"max_hp_gain":0.0,"max_hp_loss":0.0,"gold_gain":0.0,"event_name":"SensoryStone","player_choice":"Memory 3","floor":37.0,"gold_loss":0.0,"damage_taken":10.0},{"damage_healed":0.0,"max_hp_gain":0.0,"max_hp_loss":3.0,"gold_gain":0.0,"event_name":"Winding Halls","player_choice":"Max HP","floor":38.0,"gold_loss":0.0,"damage_taken":0.0},{"cards_removed":["Die Die Die"],"damage_healed":0.0,"max_hp_gain":0.0,"max_hp_loss":0.0,"gold_gain":0.0,"event_name":"Falling","player_choice":"Removed Attack","floor":39.0,"gold_loss":0.0,"damage_taken":0.0}],"is_beta":true,"boss_relics":[{"not_picked":["Velvet Choker","White Beast Statue"],"picked":"Runic Dome"},{"not_picked":["Pandora\u0027s Box","Busted Crown"],"picked":"Coffee Dripper"}],"items_purged_floors":[3,14,20,36],"is_endless":false,"potions_floor_spawned":[1,2,6,11,21,22,33,41,42],"killed_by":"Reptomancer","ascension_level":20}