{"gold_per_floor":[112,37,37,37,98,98,116,132,181,191,243,243,256,288,288,365,365,377,387,387,95,36,36,66,66,66,78,97,130,141,152,152,226,226,236,253,263,263,263,288,288,238,238,135,152,152],"floor_reached":46,"playtime":1478,"items_purged":["Strike_R","Strike_R","Strike_R"],"score":1055,"play_id":"a6398970-c435-4d5a-bd9f-ccb8a2f138f0","local_time":"20190525143612","is_ascension_mode":true,"campfire_choices":[{"data":"Uppercut","floor":6.0,"key":"SMITH"},{"data":"Whirlwind","floor":12.0,"key":"SMITH"},{"data":"Defend_R","floor":15.0,"key":"SMITH"},{"data":"Demon Form","floor":23.0,"key":"SMITH"},{"data":"Clothesline","floor":25.0,"key":"SMITH"},{"data":"Feed","floor":32,"key":"SMITH"},{"floor":41,"key":"RECALL"}],"neow_cost":"NONE","seed_source_timestamp":746633287572924,"circlet_count":0,"master_deck":["AscendersBane","Strike_R","Strike_R+1","Defend_R","Defend_R+1","Defend_R","Defend_R","Bash+1","Whirlwind+1","Pommel Strike","Demon Form+1","Feed+1","Corruption","Clothesline+1","Anger","Battle Trance+1","Twin Strike","Shrug It Off","Dark Embrace","Armaments+1","Shrug It Off"],"special_seed":0,"relics":["Burning Blood","Whetstone","Kunai","Smiling Mask","Bag of Marbles","Ornamental Fan","Snecko Eye","Letter Opener","Gremlin Horn","PreservedInsect","Fusion Hammer","Frozen Egg 2"],"potions_floor_usage":[29],"damage_taken":[{"damage":10.0,"enemies":"Small Slimes","floor":1.0,"turns":3.0},{"damage":9.0,"enemies":"2 Louse","floor":7.0,"turns":3.0},{"damage":0.0,"enemies":"Cultist","floor":8.0,"turns":3.0},{"damage":5.0,"enemies":"Blue Slaver","floor":10.0,"turns":5.0},{"damage":18.0,"enemies":"Exordium Thugs","floor":13.0,"turns":5.0},{"damage":6.0,"enemies":"Gremlin Nob","floor":14.0,"turns":3.0},{"damage":28.0,"enemies":"The Guardian","floor":16.0,"turns":12.0},{"damage":28.0,"enemies":"3 Byrds","floor":18.0,"turns":4.0},{"damage":19.0,"enemies":"Chosen","floor":19.0,"turns":4.0},{"damage":10.0,"enemies":"Book of Stabbing","floor":24.0,"turns":4.0},{"damage":22.0,"enemies":"Shelled Parasite and Fungi","floor":27.0,"turns":5.0},{"damage":0.0,"enemies":"Snecko","floor":28.0,"turns":4.0},{"damage":14,"enemies":"Slavers","floor":29,"turns":4},{"damage":18,"enemies":"Centurion and Healer","floor":30,"turns":5},{"damage":0,"enemies":"3 Cultists","floor":31,"turns":3},{"damage":49,"enemies":"Automaton","floor":33,"turns":8},{"damage":12,"enemies":"Orb Walker","floor":35,"turns":3},{"damage":24,"enemies":"3 Darklings","floor":36,"turns":4},{"damage":7,"enemies":"Writhing Mass","floor":37,"turns":5},{"damage":0,"enemies":"Reptomancer","floor":40,"turns":3},{"damage":6,"enemies":"Spire Growth","floor":45,"turns":3},{"damage":93,"enemies":"Nemesis","floor":46,"turns":8}],"seed_played":"-4397264145724207210","potions_obtained":[{"floor":1.0,"key":"SteroidPotion"},{"floor":8.0,"key":"SneckoOil"},{"floor":19.0,"key":"EssenceOfSteel"},{"floor":24.0,"key":"Explosive Potion"},{"floor":36,"key":"Swift Potion"}],"is_trial":false,"path_per_floor":["M","$","?","?","?","R","M","M","T","M","T","R","M","E","R","B",null,"M","M","?","$","$","R","E","R","T","M","M","E","M","M","R","B",null,"M","M","M","?","?","E","R","?","T","$","M","E"],"character_chosen":"IRONCLAD","items_purchased":["Feed","Corruption","Clothesline","Shrug It Off"],"campfire_rested":0,"item_purchase_floors":[21,21,22,44],"current_hp_per_floor":[64,64,64,38,38,38,35,41,41,42,42,42,30,30,30,8,58,36,23,75,75,75,75,71,71,71,58,67,62,53,62,62,19,72,70,56,59,59,59,69,69,69,69,69,73,0],"gold":152,"neow_bonus":"RANDOM_COMMON_RELIC","is_prod":false,"is_daily":false,"chose_seed":false,"campfire_upgraded":6,"win_rate":0,"timestamp":1558820172,"path_taken":["M","$","?","?","?","R","M","M","T","M","?","R","?","E","R","BOSS","M","M","?","?","$","R","E","R","T","M","M","E","M","M","R","BOSS","M","M","M","?","?","E","R","?","T","$","M","E"],"build_version":"2019-05-24v2","purchased_purges":3,"victory":false,"max_hp_per_floor":[75,75,75,75,75,75,75,75,75,75,75,75,75,75,75,75,75,75,75,75,75,75,75,75,75,75,78,81,84,87,90,90,90,90,94,98,102,102,97,101,101,101,101,101,105,105],"card_choices":[{"not_picked":["Pummel","Rupture"],"picked":"Uppercut","floor":1.0},{"not_picked":["Second Wind","Heavy Blade","Infernal Blade"],"picked":"SKIP","floor":7.0},{"not_picked":["Perfected Strike","Power Through"],"picked":"Whirlwind","floor":8.0},{"not_picked":["Fire Breathing","Flex","Thunderclap"],"picked":"SKIP","floor":10.0},{"not_picked":["Headbutt","Body Slam"],"picked":"Pommel Strike","floor":13.0},{"not_picked":["Exhume","Sentinel","Bloodletting"],"picked":"SKIP","floor":14.0},{"not_picked":["Berserk","Limit Break"],"picked":"Demon Form","floor":16.0},{"not_picked":["Blood for Blood","Warcry","Armaments"],"picked":"SKIP","floor":18.0},{"not_picked":["Rupture","Spot Weakness","Entrench"],"picked":"SKIP","floor":19.0},{"not_picked":["Havoc+1","Iron Wave"],"picked":"Anger","floor":24.0},{"not_picked":["Rupture","Rampage"],"picked":"Battle Trance","floor":27.0},{"not_picked":["Perfected Strike+1","Armaments","Double Tap"],"picked":"SKIP","floor":28.0},{"not_picked":["Iron Wave","Power Through"],"picked":"Twin Strike","floor":29},{"not_picked":["Sword Boomerang+1","Pommel Strike"],"picked":"Shrug It Off","floor":30},{"not_picked":["Second Wind","Warcry","True Grit"],"picked":"SKIP","floor":31},{"not_picked":["Double Tap","Limit Break"],"picked":"Dark Embrace","floor":33},{"not_picked":["Havoc+1","True Grit"],"picked":"Armaments+1","floor":35},{"not_picked":["Blood for Blood","Cleave","Infernal Blade"],"picked":"SKIP","floor":36},{"not_picked":["Thunderclap","Havoc","Anger"],"picked":"SKIP","floor":37},{"not_picked":["Reckless Charge","Dark Embrace","Dropkick+1"],"picked":"SKIP","floor":40},{"not_picked":["Combust+1","Seeing Red","Metallicize+1"],"picked":"SKIP","floor":45},{"not_picked":["Combust+1","Seeing Red","Metallicize+1"],"picked":"SKIP","floor":45}],"player_experience":1275250,"relics_obtained":[{"floor":9.0,"key":"Smiling Mask"},{"floor":11.0,"key":"Bag of Marbles"},{"floor":14.0,"key":"Ornamental Fan"},{"floor":24.0,"key":"Letter Opener"},{"floor":26.0,"key":"Gremlin Horn"},{"floor":29,"key":"PreservedInsect"},{"floor":40,"key":"Frozen Egg 2"}],"event_choices":[{"damage_healed":0.0,"max_hp_gain":0.0,"max_hp_loss":0.0,"gold_gain":0.0,"event_name":"The Cleric","player_choice":"Leave","floor":3.0,"gold_loss":0.0,"damage_taken":0.0},{"damage_healed":0.0,"max_hp_gain":0.0,"max_hp_loss":0.0,"gold_gain":0.0,"event_name":"Scrap Ooze","player_choice":"Success","floor":4.0,"gold_loss":0.0,"damage_taken":26.0,"relics_obtained":["Kunai"]},{"damage_healed":0.0,"max_hp_gain":0.0,"max_hp_loss":0.0,"gold_gain":61.0,"event_name":"Golden Wing","player_choice":"Gained Gold","floor":5.0,"gold_loss":0.0,"damage_taken":0.0},{"cards_removed":["Uppercut"],"damage_healed":52.0,"max_hp_gain":0.0,"max_hp_loss":0.0,"gold_gain":0.0,"event_name":"Bonfire Elementals","player_choice":"Offered Uncommon","floor":20.0,"gold_loss":0.0,"damage_taken":0.0},{"damage_healed":0,"gold_gain":0,"player_choice":"Ignored","damage_taken":0,"max_hp_gain":0,"max_hp_loss":0,"event_name":"Tomb of Lord Red Mask","floor":38,"gold_loss":0},{"damage_healed":0,"gold_gain":0,"player_choice":"Max HP","damage_taken":0,"max_hp_gain":0,"max_hp_loss":5,"event_name":"Winding Halls","floor":39,"gold_loss":0},{"damage_healed":0,"gold_gain":0,"player_choice":"Upgrade","damage_taken":0,"max_hp_gain":0,"max_hp_loss":0,"event_name":"Designer","floor":42,"gold_loss":50,"cards_upgraded":["Battle Trance"]}],"is_beta":true,"boss_relics":[{"not_picked":["Eternal Feather","Runic Cube"],"picked":"Snecko Eye"},{"not_picked":["Mark of Pain","Busted Crown"],"picked":"Fusion Hammer"}],"items_purged_floors":[2,21,44],"is_endless":false,"potions_floor_spawned":[1,8,10,19,24,27,28,36,40,45],"killed_by":"Nemesis","ascension_level":20}