{"gold_per_floor":[117,117,117,42,60,95,95,115,115,37,57,89,89,112,112,185,185,195,222,222,241,51,51,61,61,61,72,171,31,31,45,45,122,122,142,157,32,32,32,32,61,61,142,142,142,156,156,169,169,169],"floor_reached":51,"playtime":2719,"items_purged":["Strike_B","Strike_B","Strike_B+1"],"score":1215,"play_id":"c6db694f-b14a-4d5d-b7c3-85b3e383084d","local_time":"20190310225941","is_ascension_mode":true,"campfire_choices":[{"data":"Zap","floor":7,"key":"SMITH"},{"data":"Defragment","floor":13,"key":"SMITH"},{"data":"Chaos","floor":15,"key":"SMITH"},{"data":"Go for the Eyes","floor":23,"key":"SMITH"},{"data":"Leap","floor":25,"key":"SMITH"},{"data":"Defragment","floor":32,"key":"SMITH"},{"data":"Undo","floor":40,"key":"SMITH"},{"data":"Coolheaded","floor":42,"key":"SMITH"},{"data":"Coolheaded","floor":44,"key":"SMITH"},{"data":"Conserve Battery","floor":47,"key":"SMITH"},{"data":"Capacitor","floor":49,"key":"SMITH"}],"neow_cost":"NONE","seed_source_timestamp":23338949122330468,"circlet_count":0,"master_deck":["AscendersBane","Defend_B","Defend_B","Defend_B","Defend_B+1","Zap+1","Dualcast","Leap+1","Go for the Eyes+1","Sweeping Beam","Genetic Algorithm","Defragment+1","Chaos+1","Cold Snap","Echo Form","Coolheaded+1","Undo+1","FTL","White Noise+1","Coolheaded+1","Steam","Electrodynamics","Defragment+1","Steam+1","Reboot","Self Repair+1","Streamline+1","Secret Technique","Madness","Madness","Compile Driver+1","Conserve Battery+1","Capacitor+1"],"relics":["Cracked Core","NeowsBlessing","Mercury Hourglass","Pantograph","Prayer Wheel","Odd Mushroom","Nuclear Battery","Red Mask","Lee\u0027s Waffle","Singing Bowl","Philosopher\u0027s Stone","Thread and Needle","Bottled Tornado","Emotion Chip"],"potions_floor_usage":[16,19,19,41,50],"damage_taken":[{"damage":0,"enemies":"Small Slimes","floor":1,"turns":1},{"damage":0,"enemies":"2 Louse","floor":5,"turns":1},{"damage":0,"enemies":"Lagavulin","floor":6,"turns":2},{"damage":0,"enemies":"Jaw Worm","floor":8,"turns":2},{"damage":10,"enemies":"Exordium Thugs","floor":11,"turns":5},{"damage":17,"enemies":"Gremlin Nob","floor":12,"turns":4},{"damage":5,"enemies":"The Mushroom Lair","floor":14,"turns":3},{"damage":4,"enemies":"Slime Boss","floor":16,"turns":9},{"damage":7,"enemies":"Chosen","floor":18,"turns":5},{"damage":34,"enemies":"Masked Bandits","floor":19,"turns":5},{"damage":4,"enemies":"Shell Parasite","floor":21,"turns":5},{"damage":12,"enemies":"Snake Plant","floor":24,"turns":4},{"damage":0,"enemies":"3 Cultists","floor":27,"turns":3},{"damage":0,"enemies":"Snecko","floor":31,"turns":6},{"damage":0,"enemies":"Automaton","floor":33,"turns":12},{"damage":0,"enemies":"3 Shapes","floor":35,"turns":4},{"damage":0,"enemies":"Orb Walker","floor":36,"turns":6},{"damage":22,"enemies":"Nemesis","floor":41,"turns":11},{"damage":32,"enemies":"Jaw Worm Horde","floor":46,"turns":4},{"damage":0,"enemies":"3 Darklings","floor":48,"turns":3},{"damage":15,"enemies":"Donu and Deca","floor":50,"turns":8}],"seed_played":"-4750137196938125939","potions_obtained":[{"floor":1,"key":"GamblersBrew"},{"floor":6,"key":"SkillPotion"},{"floor":12,"key":"SkillPotion"},{"floor":18,"key":"Explosive Potion"},{"floor":24,"key":"Block Potion"},{"floor":27,"key":"SpeedPotion"},{"floor":41,"key":"Explosive Potion"}],"is_trial":false,"path_per_floor":["M","?","?","$","M","E","R","M","T","$","M","E","R","?","R","B",null,"M","?","?","M","$","R","M","R","T","M","?","$","?","M","R","B",null,"M","M","$","?","?","R","E","R","T","R","T","M","R","M","R","B",null],"character_chosen":"DEFECT","items_purchased":["Defragment","Lee\u0027s Waffle","Defragment"],"campfire_rested":0,"item_purchase_floors":[10,22,29],"current_hp_per_floor":[68,53,53,53,53,53,53,53,53,53,43,26,26,21,21,42,67,60,26,12,8,87,87,75,75,75,77,77,77,77,79,79,91,91,93,95,95,95,83,83,71,71,71,71,71,51,51,53,53,73],"gold":169,"neow_bonus":"THREE_ENEMY_KILL","is_prod":false,"is_daily":false,"chose_seed":false,"campfire_upgraded":11,"win_rate":0,"timestamp":1552255181,"path_taken":["M","?","?","$","M","E","R","M","T","$","M","E","R","?","R","BOSS","M","?","?","M","$","R","M","R","T","M","?","$","?","M","R","BOSS","M","M","$","?","?","R","E","R","T","R","?","M","R","M","R","BOSS"],"build_version":"2019-01-23","purchased_purges":3,"victory":true,"max_hp_per_floor":[75,75,75,75,75,75,75,75,75,75,75,75,75,75,75,75,75,75,75,80,80,87,87,87,87,87,89,89,89,89,91,91,91,91,93,95,95,95,95,95,95,95,95,95,95,97,97,99,99,99],"card_choices":[{"not_picked":["Scrape","Stack"],"picked":"Leap","floor":1},{"not_picked":["Gash","Sweeping Beam"],"picked":"Go for the Eyes","floor":5},{"not_picked":["Hologram","Lockon"],"picked":"Sweeping Beam","floor":6},{"not_picked":["Blizzard","Barrage"],"picked":"Genetic Algorithm","floor":8},{"not_picked":["Sweeping Beam","Rebound","Beam Cell"],"picked":"SKIP","floor":11},{"not_picked":["Genetic Algorithm","Static Discharge"],"picked":"Chaos","floor":12},{"not_picked":["Genetic Algorithm","Stack"],"picked":"Cold Snap","floor":14},{"not_picked":["Machine Learning","Meteor Strike"],"picked":"Echo Form","floor":16},{"not_picked":["Rip and Tear","Static Discharge+1"],"picked":"Coolheaded","floor":18},{"not_picked":["Rip and Tear","Stack"],"picked":"Undo","floor":18},{"not_picked":["Tempest","Barrage"],"picked":"FTL","floor":19},{"not_picked":["Go for the Eyes","Steam"],"picked":"White Noise+1","floor":21},{"not_picked":["Ball Lightning","Sweeping Beam","Lockon"],"picked":"SKIP","floor":21},{"not_picked":["Steam","Scrape"],"picked":"Coolheaded","floor":24},{"not_picked":["Go for the Eyes","Static Discharge+1"],"picked":"Steam","floor":24},{"not_picked":["Beam Cell","Ball Lightning"],"picked":"Electrodynamics","floor":27},{"not_picked":["Melter","Undo","Compile Driver"],"picked":"Singing Bowl","floor":27},{"not_picked":["Reprogram","Go for the Eyes"],"picked":"Steam+1","floor":31},{"not_picked":["Rip and Tear","Echo Form","Redo"],"picked":"Singing Bowl","floor":31},{"not_picked":["Hyperbeam","Meteor Strike"],"picked":"Reboot","floor":33},{"not_picked":["Hologram","Tempest","Coolheaded"],"picked":"Singing Bowl","floor":35},{"not_picked":["Gash+1","Streamline"],"picked":"Self Repair+1","floor":35},{"not_picked":["Barrage","Leap"],"picked":"Streamline+1","floor":36},{"not_picked":["Buffer","Rip and Tear","Steam Power"],"picked":"Singing Bowl","floor":36},{"not_picked":["Discovery","PanicButton"],"picked":"Secret Technique","floor":38},{"not_picked":["BootSequence+1","Echo Form"],"picked":"Compile Driver+1","floor":41},{"not_picked":["Streamline","Reprogram"],"picked":"Conserve Battery","floor":46},{"not_picked":["Doom and Gloom","Go for the Eyes","Leap"],"picked":"Singing Bowl","floor":46},{"not_picked":["Barrage","Rebound+1","Cold Snap+1"],"picked":"Singing Bowl","floor":48},{"not_picked":["Gash","White Noise"],"picked":"Capacitor","floor":48}],"player_experience":406087,"relics_obtained":[{"floor":6,"key":"Mercury Hourglass"},{"floor":9,"key":"Pantograph"},{"floor":12,"key":"Prayer Wheel"},{"floor":14,"key":"Odd Mushroom"},{"floor":19,"key":"Red Mask"},{"floor":26,"key":"Singing Bowl"},{"floor":41,"key":"Thread and Needle"},{"floor":43,"key":"Bottled Tornado"},{"floor":45,"key":"Emotion Chip"}],"event_choices":[{"damage_healed":0,"gold_gain":0,"player_choice":"Entered Light","damage_taken":15,"max_hp_gain":0,"max_hp_loss":0,"event_name":"Shining Light","floor":2,"gold_loss":0,"cards_upgraded":["Strike_B","Defend_B"]},{"cards_removed":["Strike_B"],"damage_healed":0,"gold_gain":0,"player_choice":"Forget","damage_taken":0,"max_hp_gain":0,"max_hp_loss":0,"event_name":"Living Wall","floor":3,"gold_loss":0},{"damage_healed":0,"gold_gain":0,"player_choice":"Fought Mushrooms","damage_taken":0,"max_hp_gain":0,"max_hp_loss":0,"event_name":"Mushrooms","floor":14,"gold_loss":0},{"damage_healed":0,"gold_gain":0,"player_choice":"Fought Bandits","damage_taken":0,"max_hp_gain":0,"max_hp_loss":0,"event_name":"Masked Bandits","floor":19,"gold_loss":0},{"damage_healed":0,"gold_gain":0,"player_choice":"Shed Blood","damage_taken":19,"max_hp_gain":5,"max_hp_loss":0,"event_name":"Forgotten Altar","floor":20,"gold_loss":0},{"damage_healed":0,"gold_gain":99,"player_choice":"Stole From Cult","damage_taken":0,"max_hp_gain":0,"max_hp_loss":0,"event_name":"Nest","floor":28,"gold_loss":0},{"damage_healed":0,"gold_gain":0,"player_choice":"Ignored","damage_taken":0,"max_hp_gain":0,"max_hp_loss":0,"event_name":"Ghosts","floor":30,"gold_loss":0},{"damage_healed":0,"gold_gain":0,"player_choice":"Memory 1","damage_taken":0,"max_hp_gain":0,"max_hp_loss":0,"event_name":"SensoryStone","floor":38,"gold_loss":0},{"damage_healed":0,"gold_gain":0,"player_choice":"Embrace Madness","damage_taken":12,"max_hp_gain":0,"max_hp_loss":0,"event_name":"Winding Halls","floor":39,"gold_loss":0,"cards_obtained":["Madness","Madness"]}],"is_beta":false,"boss_relics":[{"not_picked":["White Beast Statue","Astrolabe"],"picked":"Nuclear Battery"},{"not_picked":["Eternal Feather","Velvet Choker"],"picked":"Philosopher\u0027s Stone"}],"items_purged_floors":[4,29,37],"is_endless":false,"potions_floor_spawned":[1,6,12,14,18,24,27,33,41],"ascension_level":13}