{"gold_per_floor":[110,68,68,68,83,83,126,126,126,146,186,198],"floor_reached":12,"playtime":182,"items_purged":[],"score":222,"play_id":"958b5f9d-a2ee-441c-958d-70a58ae17e4c","local_time":"20190609131526","is_ascension_mode":true,"campfire_choices":[{"data":"Zap","floor":6,"key":"SMITH"},{"data":"Loop","floor":8,"key":"SMITH"}],"neow_cost":"NONE","seed_source_timestamp":8254858652118,"circlet_count":0,"master_deck":["AscendersBane","Strike_B+1","Strike_B","Strike_B+1","Strike_B","Defend_B","Defend_B","Defend_B","Defend_B","Zap+1","Dualcast","Coolheaded","Loop+1","Ball Lightning","Coolheaded","Leap"],"relics":["Cracked Core","NeowsBlessing","Golden Idol","Whetstone","MawBank"],"potions_floor_usage":[11],"damage_taken":[{"damage":0,"enemies":"Small Slimes","floor":1,"turns":1},{"damage":0,"enemies":"Jaw Worm","floor":5,"turns":1},{"damage":0,"enemies":"Gremlin Nob","floor":7,"turns":1},{"damage":8,"enemies":"2 Louse","floor":10,"turns":2},{"damage":32,"enemies":"3 Sentries","floor":11,"turns":9},{"damage":22,"enemies":"Lots of Slimes","floor":12,"turns":2}],"seed_played":"-1191288580540842203","potions_obtained":[{"floor":7,"key":"EssenceOfSteel"},{"floor":10,"key":"Regen Potion"}],"is_trial":false,"path_per_floor":["M","$","?","?","M","R","E","R","T","M","E","M"],"character_chosen":"DEFECT","items_purchased":["Loop"],"campfire_rested":0,"item_purchase_floors":[2],"current_hp_per_floor":[64,64,69,43,43,43,43,43,43,35,18,0],"gold":198,"neow_bonus":"THREE_ENEMY_KILL","is_prod":false,"is_daily":false,"chose_seed":false,"campfire_upgraded":2,"win_rate":0,"timestamp":1560111326,"path_taken":["M","$","?","?","M","R","E","R","T","M","E","M"],"build_version":"2019-06-07","purchased_purges":0,"victory":false,"max_hp_per_floor":[71,71,76,76,76,76,76,76,76,76,76,76],"card_choices":[{"not_picked":["Leap","Steam"],"picked":"Coolheaded","floor":1},{"not_picked":["Go for the Eyes","Lockon"],"picked":"Ball Lightning","floor":5},{"not_picked":["Self Repair","Chaos"],"picked":"Coolheaded","floor":7},{"not_picked":["Steam","Redo","Fusion"],"picked":"SKIP","floor":10},{"not_picked":["Lockon","Turbo"],"picked":"Leap","floor":11}],"player_experience":1313731,"relics_obtained":[{"floor":7,"key":"Whetstone"},{"floor":11,"key":"MawBank"}],"event_choices":[{"damage_healed":0,"gold_gain":0,"player_choice":"Donut","damage_taken":0,"max_hp_gain":5,"max_hp_loss":0,"event_name":"Big Fish","floor":3,"gold_loss":0},{"damage_healed":0,"gold_gain":0,"player_choice":"Take Damage","damage_taken":26,"relics_obtained":["Golden Idol"],"max_hp_gain":0,"max_hp_loss":0,"event_name":"Golden Idol","floor":4,"gold_loss":0}],"is_beta":true,"boss_relics":[],"items_purged_floors":[],"is_endless":false,"potions_floor_spawned":[7,10],"killed_by":"Lots of Slimes","ascension_level":20}