{"gold_per_floor":[117,135,150,164,176,176,203,220,220,158,158,191,191,36,36,36],"floor_reached":16,"playtime":688,"items_purged":["Injury"],"score":224,"play_id":"9e915457-45af-47af-bf8c-59b33c941fc2","local_time":"20190612184741","is_ascension_mode":true,"campfire_choices":[{"data":"Iron Wave","floor":6.0,"key":"SMITH"},{"data":"Bash","floor":11.0,"key":"SMITH"},{"data":"Combust","floor":15,"key":"SMITH"}],"neow_cost":"CURSE","seed_source_timestamp":175403939646500,"circlet_count":0,"master_deck":["AscendersBane","Strike_R","Strike_R","Strike_R","Strike_R","Strike_R","Defend_R","Defend_R","Defend_R","Defend_R","Bash+1","Cleave","Thunderclap","Feel No Pain","Dropkick","Iron Wave+1","Evolve","Combust+1","Power Through"],"special_seed":0,"relics":["Burning Blood","Turnip","Dream Catcher","WingedGreaves","Potion Belt","Ornamental Fan"],"potions_floor_usage":[12],"damage_taken":[{"damage":11.0,"enemies":"Jaw Worm","floor":1.0,"turns":6.0},{"damage":7.0,"enemies":"2 Louse","floor":2.0,"turns":3.0},{"damage":5.0,"enemies":"Small Slimes","floor":3.0,"turns":3.0},{"damage":3.0,"enemies":"3 Louse","floor":4.0,"turns":3.0},{"damage":16.0,"enemies":"Exordium Wildlife","floor":5.0,"turns":6.0},{"damage":17.0,"enemies":"3 Sentries","floor":7.0,"turns":10.0},{"damage":2.0,"enemies":"2 Fungi Beasts","floor":8.0,"turns":4.0},{"damage":35,"enemies":"Lagavulin","floor":12,"turns":6},{"damage":25,"enemies":"Hexaghost","floor":16,"turns":7}],"seed_played":"-4280983456175819881","potions_obtained":[{"floor":1.0,"key":"Ancient Potion"},{"floor":3.0,"key":"Fire Potion"},{"floor":7.0,"key":"FearPotion"},{"floor":8.0,"key":"LiquidBronze"}],"is_trial":false,"path_per_floor":["M","M","M","M","M","R","E","M","T","?","R","E","T","$","R","B"],"character_chosen":"IRONCLAD","items_purchased":["Power Through"],"campfire_rested":0,"item_purchase_floors":[14],"current_hp_per_floor":[63,62,63,66,56,56,45,49,49,49,49,20,20,20,20,0],"gold":36,"neow_bonus":"ONE_RARE_RELIC","is_prod":false,"is_daily":false,"chose_seed":false,"campfire_upgraded":3,"win_rate":0,"timestamp":1560379661,"path_taken":["M","M","M","M","M","R","E","M","T","?","R","E","?","$","R","BOSS"],"build_version":"2019-01-23","purchased_purges":1,"victory":false,"max_hp_per_floor":[75,75,75,75,75,75,75,75,75,75,75,75,75,75,75,75],"card_choices":[{"not_picked":["Pommel Strike","True Grit"],"picked":"Cleave","floor":1.0},{"not_picked":["Infernal Blade","Bloodletting"],"picked":"Thunderclap","floor":2.0},{"not_picked":["Thunderclap","Rage"],"picked":"Feel No Pain","floor":3.0},{"not_picked":["Heavy Blade","Clash"],"picked":"Dropkick","floor":4.0},{"not_picked":["Double Tap","Burning Pact"],"picked":"Iron Wave","floor":5.0},{"not_picked":["Second Wind","Flex"],"picked":"Evolve","floor":7.0},{"not_picked":["Flex","Perfected Strike","Warcry"],"picked":"SKIP","floor":8.0},{"not_picked":["Clash","Twin Strike"],"picked":"Combust","floor":12}],"player_experience":780867,"relics_obtained":[{"floor":7.0,"key":"Dream Catcher"},{"floor":9.0,"key":"WingedGreaves"},{"floor":12,"key":"Potion Belt"},{"floor":13,"key":"Ornamental Fan"}],"event_choices":[{"damage_healed":0.0,"max_hp_gain":0.0,"max_hp_loss":0.0,"gold_gain":0.0,"event_name":"World of Goop","player_choice":"Left Gold","floor":10.0,"gold_loss":62.0,"damage_taken":0.0}],"is_beta":false,"boss_relics":[],"items_purged_floors":[14],"is_endless":false,"potions_floor_spawned":[1,3,7,8],"killed_by":"Hexaghost","ascension_level":20}