{"gold_per_floor":[117,134,145,45,58,58,86,11,34,34,52,52,64,92,92,167,167,179,149,64,77,88,88,98,116,116,116,116,129,145,145,145,145],"floor_reached":33,"playtime":1421,"items_purged":["Strike_R"],"score":562,"play_id":"77472ef2-f32b-473f-a742-3a498cc3934c","local_time":"20190526152238","is_ascension_mode":true,"campfire_choices":[{"data":"Armaments","floor":6,"key":"SMITH"},{"data":"Body Slam","floor":12,"key":"SMITH"},{"data":"Evolve","floor":15,"key":"SMITH"},{"floor":23,"key":"REST"},{"floor":32,"key":"REST"}],"neow_cost":"NONE","seed_source_timestamp":674872627685778,"circlet_count":0,"master_deck":["AscendersBane","Strike_R+1","Defend_R+1","Defend_R+1","Defend_R+1","Defend_R+1","Bash","Shrug It Off","Cleave","Twin Strike","Armaments+1","Body Slam+1","Inflame","Evolve+1","Demon Form+1","Heavy Blade","Metallicize","Disarm","True Grit+1","Battle Trance","Iron Wave+1","Reaper"],"relics":["Burning Blood","Oddly Smooth Stone","Vajra","Blood Vial","Cursed Key"],"potions_floor_usage":[2,25],"damage_taken":[{"damage":11,"enemies":"Small Slimes","floor":1,"turns":5},{"damage":7,"enemies":"2 Louse","floor":2,"turns":4},{"damage":0,"enemies":"Cultist","floor":3,"turns":4},{"damage":2,"enemies":"2 Fungi Beasts","floor":5,"turns":4},{"damage":32,"enemies":"Gremlin Nob","floor":7,"turns":4},{"damage":6,"enemies":"Large Slime","floor":11,"turns":5},{"damage":0,"enemies":"Red Slaver","floor":13,"turns":3},{"damage":4,"enemies":"3 Sentries","floor":14,"turns":8},{"damage":15,"enemies":"The Guardian","floor":16,"turns":15},{"damage":21,"enemies":"Chosen","floor":18,"turns":5},{"damage":8,"enemies":"2 Thieves","floor":19,"turns":4},{"damage":7,"enemies":"Sentry and Sphere","floor":21,"turns":6},{"damage":16,"enemies":"Cultist and Chosen","floor":22,"turns":5},{"damage":41,"enemies":"Snake Plant","floor":24,"turns":6},{"damage":9,"enemies":"Snecko","floor":25,"turns":6},{"damage":8,"enemies":"Centurion and Healer","floor":29,"turns":5},{"damage":12,"enemies":"Chosen and Byrds","floor":30,"turns":7},{"damage":82,"enemies":"Collector","floor":33,"turns":6}],"seed_played":"-5806674191136746058","potions_obtained":[{"floor":1,"key":"BloodPotion"},{"floor":2,"key":"GamblersBrew"},{"floor":5,"key":"Weak Potion"},{"floor":19,"key":"Poison Potion"},{"floor":22,"key":"EssenceOfSteel"}],"is_trial":false,"path_per_floor":["M","M","M","$","M","R","E","?","T","?","M","R","M","E","R","B",null,"M","M","$","M","M","R","M","M","T","?","?","M","M","?","R","B"],"character_chosen":"IRONCLAD","items_purchased":["Armaments","Metallicize"],"campfire_rested":2,"item_purchase_floors":[4,20],"current_hp_per_floor":[63,69,75,75,75,75,49,49,49,49,49,49,55,57,57,50,69,56,56,56,57,49,71,38,37,37,37,37,37,33,33,55,0],"gold":145,"neow_bonus":"REMOVE_CARD","is_prod":false,"is_daily":false,"chose_seed":false,"campfire_upgraded":3,"win_rate":0,"timestamp":1558876958,"path_taken":["M","M","M","$","M","R","E","?","T","?","?","R","M","E","R","BOSS","M","M","$","M","M","R","M","M","T","?","?","M","?","?","R","BOSS"],"build_version":"2019-01-23","purchased_purges":1,"victory":false,"max_hp_per_floor":[75,75,75,75,75,75,75,75,75,75,75,75,75,75,75,75,75,75,75,75,75,75,75,75,75,75,75,75,75,75,75,75,75],"card_choices":[{"not_picked":["Inflame","Anger"],"picked":"Shrug It Off","floor":1},{"not_picked":["Inflame","Headbutt"],"picked":"Cleave","floor":2},{"not_picked":["Headbutt","Bludgeon"],"picked":"Twin Strike","floor":3},{"not_picked":["Carnage","Entrench"],"picked":"Body Slam","floor":5},{"not_picked":["Seeing Red","Armaments","Clash"],"picked":"SKIP","floor":7},{"not_picked":["Headbutt","Twin Strike"],"picked":"Inflame","floor":11},{"not_picked":["Perfected Strike","Searing Blow"],"picked":"Evolve","floor":13},{"not_picked":["Infernal Blade","Flex","Rage"],"picked":"SKIP","floor":14},{"not_picked":["Offering","Impervious"],"picked":"Demon Form","floor":16},{"not_picked":["Headbutt","Wild Strike"],"picked":"Heavy Blade","floor":18},{"not_picked":["Warcry","Twin Strike","Flex"],"picked":"SKIP","floor":19},{"not_picked":["Warcry+1","Wild Strike"],"picked":"Disarm","floor":21},{"not_picked":["Warcry","Anger+1","Carnage"],"picked":"SKIP","floor":22},{"not_picked":["Flex","Perfected Strike"],"picked":"True Grit+1","floor":24},{"not_picked":["Twin Strike","Heavy Blade","Clash"],"picked":"SKIP","floor":25},{"not_picked":["Warcry","Shockwave+1"],"picked":"Battle Trance","floor":29},{"not_picked":["Sentinel","Berserk"],"picked":"Iron Wave+1","floor":30}],"player_experience":580157,"relics_obtained":[{"floor":7,"key":"Oddly Smooth Stone"},{"floor":9,"key":"Vajra"},{"floor":14,"key":"Blood Vial"}],"event_choices":[{"cards_removed":["Strike_R"],"damage_healed":0,"gold_gain":0,"player_choice":"Card Removal","damage_taken":0,"max_hp_gain":0,"max_hp_loss":0,"event_name":"The Cleric","floor":8,"gold_loss":75},{"cards_removed":["Strike_R"],"damage_healed":0,"gold_gain":0,"player_choice":"Purged","damage_taken":0,"max_hp_gain":0,"max_hp_loss":0,"event_name":"Purifier","floor":10,"gold_loss":0},{"damage_healed":0,"gold_gain":0,"player_choice":"Simplicity","damage_taken":0,"max_hp_gain":0,"max_hp_loss":0,"event_name":"Back to Basics","floor":27,"gold_loss":0,"cards_upgraded":["Strike_R","Defend_R","Defend_R","Defend_R","Defend_R"]},{"damage_healed":0,"gold_gain":0,"player_choice":"Upgraded","damage_taken":0,"max_hp_gain":0,"max_hp_loss":0,"event_name":"Upgrade Shrine","floor":28,"gold_loss":0,"cards_upgraded":["Demon Form"]},{"damage_healed":0,"gold_gain":0,"player_choice":"1 cards matched","damage_taken":0,"max_hp_gain":0,"max_hp_loss":0,"event_name":"Match and Keep!","floor":31,"gold_loss":0,"cards_obtained":["Reaper"]}],"is_beta":false,"boss_relics":[{"not_picked":["Lizard Tail","Empty Cage"],"picked":"Cursed Key"}],"items_purged_floors":[4],"is_endless":false,"potions_floor_spawned":[1,2,5,11,19,21,22,24],"killed_by":"Collector","ascension_level":19}