{"gold_per_floor":[12,23,23,23,44,44,75,75,75,90,106,125,125,125,125,125],"floor_reached":16,"playtime":366,"items_purged":[],"score":204,"play_id":"e6f9dde9-9945-477d-873d-53140fcce9f7","local_time":"20190501184414","is_ascension_mode":true,"campfire_choices":[{"floor":6,"key":"REST"},{"data":"Bash","floor":8,"key":"SMITH"},{"floor":13,"key":"REST"},{"data":"Twin Strike","floor":15,"key":"SMITH"}],"neow_cost":"NO_GOLD","seed_source_timestamp":38487611275846,"circlet_count":0,"master_deck":["AscendersBane","Strike_R","Strike_R","Strike_R+1","Strike_R","Defend_R","Defend_R","Defend_R+1","Defend_R","Bash+1","Shrug It Off","Twin Strike+1","Pommel Strike","Battle Trance"],"relics":["Burning Blood","Golden Idol","Bird Faced Urn","Calipers"],"potions_floor_usage":[16,16],"damage_taken":[{"damage":11,"enemies":"Jaw Worm","floor":1,"turns":4},{"damage":10,"enemies":"Small Slimes","floor":2,"turns":4},{"damage":0,"enemies":"Cultist","floor":5,"turns":2},{"damage":30,"enemies":"3 Sentries","floor":7,"turns":11},{"damage":9,"enemies":"2 Fungi Beasts","floor":10,"turns":3},{"damage":13,"enemies":"Blue Slaver","floor":11,"turns":3},{"damage":11,"enemies":"Exordium Thugs","floor":12,"turns":4},{"damage":45,"enemies":"Slime Boss","floor":16,"turns":7}],"seed_played":"-5163191916393406438","potions_obtained":[{"floor":2,"key":"GamblersBrew"},{"floor":12,"key":"SkillPotion"}],"is_trial":false,"path_per_floor":["M","M","?","?","M","R","E","R","T","M","M","M","R","?","R","B"],"character_chosen":"IRONCLAD","items_purchased":[],"campfire_rested":2,"item_purchase_floors":[],"current_hp_per_floor":[77,73,42,15,21,47,23,23,23,20,13,8,34,34,34,0],"gold":125,"neow_bonus":"TWENTY_PERCENT_HP_BONUS","is_prod":false,"is_daily":false,"chose_seed":false,"campfire_upgraded":2,"win_rate":0,"timestamp":1556761454,"path_taken":["M","M","?","?","M","R","E","R","T","M","M","M","R","?","R","BOSS"],"build_version":"2019-04-23","purchased_purges":0,"victory":false,"max_hp_per_floor":[89,89,89,89,89,89,89,89,89,89,89,89,89,89,89,89],"card_choices":[{"not_picked":["Headbutt","True Grit"],"picked":"Shrug It Off","floor":1},{"not_picked":["Sword Boomerang","Heavy Blade"],"picked":"Twin Strike","floor":2},{"not_picked":["Wild Strike","Sever Soul"],"picked":"Pommel Strike","floor":5},{"not_picked":["Iron Wave","Seeing Red"],"picked":"Battle Trance","floor":7},{"not_picked":["Rupture","Rampage","Searing Blow"],"picked":"SKIP","floor":10},{"not_picked":["Sever Soul","Heavy Blade","Wild Strike"],"picked":"SKIP","floor":11},{"not_picked":["Headbutt","Sentinel","Heavy Blade"],"picked":"SKIP","floor":12}],"player_experience":1205609,"relics_obtained":[{"floor":7,"key":"Bird Faced Urn"},{"floor":9,"key":"Calipers"}],"event_choices":[{"damage_healed":0,"gold_gain":0,"player_choice":"Take Damage","damage_taken":31,"relics_obtained":["Golden Idol"],"max_hp_gain":0,"max_hp_loss":0,"event_name":"Golden Idol","floor":3,"gold_loss":0},{"damage_healed":0,"gold_gain":0,"player_choice":"Entered Light","damage_taken":27,"max_hp_gain":0,"max_hp_loss":0,"event_name":"Shining Light","floor":4,"gold_loss":0,"cards_upgraded":["Strike_R","Defend_R"]},{"cards_removed":["Strike_R"],"damage_healed":0,"gold_gain":0,"player_choice":"Offered Basic","damage_taken":0,"max_hp_gain":0,"max_hp_loss":0,"event_name":"Bonfire Elementals","floor":14,"gold_loss":0}],"is_beta":true,"boss_relics":[],"items_purged_floors":[],"is_endless":false,"potions_floor_spawned":[2,12],"killed_by":"Slime Boss","ascension_level":20}