{"gold_per_floor":[117,117,129,46,65,65,65,91,118,118],"floor_reached":10,"playtime":333,"items_purged":[],"score":132,"play_id":"dcc21921-807b-48c9-b6b6-b3c7f7b5ee29","local_time":"20190608110615","is_ascension_mode":true,"campfire_choices":[{"data":"Leg Sweep","floor":6,"key":"SMITH"}],"neow_cost":"TEN_PERCENT_HP_LOSS","seed_source_timestamp":85292322745939,"circlet_count":0,"master_deck":["AscendersBane","Strike_G","Strike_G","Strike_G","Defend_G","Defend_G","Defend_G","Defend_G","Defend_G","Survivor","Neutralize","Accuracy","Calculated Gamble","Cloak And Dagger","Sucker Punch","Poisoned Stab","Dagger Throw","Leg Sweep+1","Poisoned Stab"],"relics":["Ring of the Snake","Centennial Puzzle","Anchor"],"potions_floor_usage":[8],"damage_taken":[{"damage":12,"enemies":"Jaw Worm","floor":1,"turns":12},{"damage":13,"enemies":"Small Slimes","floor":3,"turns":6},{"damage":1,"enemies":"Cultist","floor":5,"turns":4},{"damage":32,"enemies":"3 Sentries","floor":8,"turns":14},{"damage":8,"enemies":"Gremlin Nob","floor":10,"turns":2}],"seed_played":"-2618623332839832222","potions_obtained":[{"floor":3,"key":"SkillPotion"}],"is_trial":false,"path_per_floor":["M","?","M","$","M","R","?","E","T","E"],"character_chosen":"THE_SILENT","items_purchased":["Poisoned Stab","Dagger Throw"],"campfire_rested":0,"item_purchase_floors":[4,4],"current_hp_per_floor":[47,47,34,34,33,33,33,1,1,0],"gold":118,"neow_bonus":"TRANSFORM_TWO_CARDS","is_prod":false,"is_daily":false,"chose_seed":false,"campfire_upgraded":1,"win_rate":0,"timestamp":1560017175,"path_taken":["M","?","M","$","M","R","?","E","T","E"],"build_version":"2019-06-07","purchased_purges":0,"victory":false,"max_hp_per_floor":[60,60,60,60,60,60,60,60,60,60],"card_choices":[{"not_picked":["Slice","Setup"],"picked":"Cloak And Dagger","floor":1},{"not_picked":["Prepared","Caltrops"],"picked":"Sucker Punch","floor":3},{"not_picked":["Masterful Stab","Backflip"],"picked":"Leg Sweep","floor":5},{"not_picked":["Finisher","Backstab"],"picked":"Poisoned Stab","floor":8}],"player_experience":1310964,"relics_obtained":[{"floor":8,"key":"Centennial Puzzle"},{"floor":9,"key":"Anchor"}],"event_choices":[{"damage_healed":0,"gold_gain":0,"player_choice":"Leave","damage_taken":0,"max_hp_gain":0,"max_hp_loss":0,"event_name":"The Cleric","floor":2,"gold_loss":0},{"damage_healed":0,"gold_gain":0,"player_choice":"Ignored","damage_taken":0,"max_hp_gain":0,"max_hp_loss":0,"event_name":"Shining Light","floor":7,"gold_loss":0}],"is_beta":true,"boss_relics":[],"items_purged_floors":[],"is_endless":false,"potions_floor_spawned":[3],"killed_by":"Gremlin Nob","ascension_level":20}