{"gold_per_floor":[115,115,140,140,158,194,194,225,251,251,269,13,13,56,56,179,179,195,195,208,483,13,44,44,78,78,78,118,139,164,178,178,302,302,320,345,361,159,159,193,193,236,236,270,395,395,416,749,749,749,749,749,146,146],"floor_reached":54,"playtime":4714,"items_purged":["Defend_G","Regret","Strike_G"],"score":1106,"play_id":"8e4c16a5-5582-44dd-9fe2-4e177a15bee8","local_time":"20190613120400","is_ascension_mode":true,"campfire_choices":[{"data":"Concentrate","floor":7.0,"key":"SMITH"},{"data":"Backflip","floor":10.0,"key":"SMITH"},{"floor":15.0,"key":"REST"},{"data":"Footwork","floor":24.0,"key":"SMITH"},{"data":"Noxious Fumes","floor":27,"key":"SMITH"},{"data":"Die Die Die","floor":32,"key":"SMITH"},{"floor":41,"key":"RECALL"},{"data":"Night Terror","floor":46,"key":"SMITH"},{"data":"Master of Strategy","floor":49,"key":"SMITH"},{"data":"Dash","floor":52,"key":"SMITH"}],"neow_cost":"NONE","seed_source_timestamp":1632135955903265,"circlet_count":0,"master_deck":["Defend_G","Defend_G","Defend_G","Defend_G+1","Strike_G","Strike_G","Strike_G","Strike_G+1","Survivor","Neutralize+1","Flying Knee","Concentrate+1","Sucker Punch+1","Dash+1","Backflip+1","Footwork+1","Dodge and Roll","Die Die Die+1","Blur","Blur+1","Noxious Fumes+1","Acrobatics+1","PiercingWail+1","Outmaneuver+1","Flying Knee+1","Blur+1","Night Terror+1","Backflip+1","Skewer+1","Flash of Steel+1","Master of Strategy+1","Predator+1","Backflip+1","Outmaneuver+1"],"special_seed":0,"relics":["Ring of the Snake","Centennial Puzzle","Boot","Happy Flower","Mercury Hourglass","Sozu","Ice Cream","Regal Pillow","Anchor","Molten Egg 2","Pen Nib","Eternal Feather","Orichalcum","Sundial","The Specimen","Pear","Tingsha","Vajra","Ninja Scroll","HandDrill"],"potions_floor_usage":[],"damage_taken":[{"damage":2.0,"enemies":"Jaw Worm","floor":1.0,"turns":4.0},{"damage":0.0,"enemies":"Small Slimes","floor":3.0,"turns":3.0},{"damage":4.0,"enemies":"2 Louse","floor":5.0,"turns":4.0},{"damage":23.0,"enemies":"Lagavulin","floor":6.0,"turns":7.0},{"damage":9.0,"enemies":"Gremlin Nob","floor":8.0,"turns":5.0},{"damage":0.0,"enemies":"Red Slaver","floor":11.0,"turns":3.0},{"damage":10.0,"enemies":"3 Sentries","floor":14.0,"turns":8.0},{"damage":18.0,"enemies":"Slime Boss","floor":16.0,"turns":9.0},{"damage":5.0,"enemies":"3 Byrds","floor":18.0,"turns":3.0},{"damage":0.0,"enemies":"Shell Parasite","floor":20.0,"turns":5.0},{"damage":7.0,"enemies":"Book of Stabbing","floor":23.0,"turns":6.0},{"damage":4,"enemies":"Gremlin Leader","floor":25,"turns":7},{"damage":0,"enemies":"Slavers","floor":28,"turns":5},{"damage":6,"enemies":"3 Cultists","floor":29,"turns":5},{"damage":0,"enemies":"Centurion and Healer","floor":30,"turns":7},{"damage":11,"enemies":"Snecko","floor":31,"turns":6},{"damage":0,"enemies":"Automaton","floor":33,"turns":13},{"damage":0,"enemies":"Orb Walker","floor":35,"turns":4},{"damage":0,"enemies":"3 Darklings","floor":36,"turns":6},{"damage":0,"enemies":"Spire Growth","floor":37,"turns":7},{"damage":0,"enemies":"Nemesis","floor":40,"turns":9},{"damage":22,"enemies":"Giant Head","floor":42,"turns":7},{"damage":0,"enemies":"Reptomancer","floor":44,"turns":7},{"damage":0,"enemies":"Mind Bloom Boss Battle","floor":45,"turns":4},{"damage":0,"enemies":"Maw","floor":47,"turns":8},{"damage":5,"enemies":"Awakened One","floor":50,"turns":14},{"damage":77,"enemies":"Shield and Spear","floor":54,"turns":6}],"seed_played":"-5000152634221173700","potions_obtained":[{"floor":0.0,"key":"AttackPotion"},{"floor":0.0,"key":"EntropicBrew"},{"floor":0.0,"key":"Dexterity Potion"},{"floor":1.0,"key":"Fire Potion"},{"floor":14.0,"key":"Poison Potion"}],"is_trial":false,"path_per_floor":["M","?","M","?","M","E","R","E","T","R","M","$","?","E","R","B",null,"M","?","M","?","$","E","R","E","T","R","E","M","M","M","R","B",null,"M","M","M","$","?","E","R","E","T","E","?","R","M","?","R","B",null,"R","$","E"],"character_chosen":"THE_SILENT","items_purchased":["Happy Flower","Dodge and Roll","Ice Cream","Noxious Fumes","Skewer+1","Vajra","Ninja Scroll","HandDrill"],"campfire_rested":1,"item_purchase_floors":[12,12,22,22,38,53,53,53],"current_hp_per_floor":[68,65,65,65,61,38,38,29,29,29,29,29,16,6,25,7,65,60,60,60,60,60,53,53,49,49,49,49,43,43,32,32,32,65,65,65,65,65,55,55,65,43,43,53,53,71,71,71,75,70,75,75,75,0],"gold":146,"neow_bonus":"THREE_SMALL_POTIONS","is_prod":false,"is_daily":false,"chose_seed":false,"campfire_upgraded":8,"win_rate":0,"timestamp":1560441840,"path_taken":["M","?","M","?","M","E","R","E","T","R","M","$","?","E","R","BOSS","M","?","?","?","$","E","R","E","T","R","E","?","M","M","R","BOSS","M","M","M","$","?","E","R","E","T","E","?","R","M","?","R","BOSS","R","$","E"],"build_version":"2019-01-23","purchased_purges":3,"victory":false,"max_hp_per_floor":[70,65,65,65,65,65,65,65,65,65,65,65,65,65,65,65,65,65,65,65,65,65,65,65,65,65,65,65,65,65,65,65,65,65,65,65,65,65,65,65,65,65,65,75,75,75,75,75,75,75,75,75,75,75],"card_choices":[{"not_picked":["Prepared","A Thousand Cuts"],"picked":"Flying Knee","floor":1.0},{"not_picked":["Riddle With Holes","Blade Dance"],"picked":"Concentrate","floor":3.0},{"not_picked":["Cloak And Dagger","Poisoned Stab"],"picked":"Sucker Punch","floor":5.0},{"not_picked":["Eviscerate","Crippling Poison"],"picked":"Dash","floor":6.0},{"not_picked":["Eviscerate","Prepared"],"picked":"Backflip","floor":8.0},{"not_picked":["Crippling Poison","Cloak And Dagger"],"picked":"Footwork","floor":11.0},{"not_picked":["Infinite Blades","Acrobatics"],"picked":"Die Die Die","floor":14.0},{"not_picked":["Dash","Poisoned Stab+1"],"picked":"Blur","floor":18.0},{"not_picked":["Slice","PiercingWail"],"picked":"Blur+1","floor":20.0},{"not_picked":["Predator","Underhanded Strike"],"picked":"Acrobatics+1","floor":23.0},{"not_picked":["Well Laid Plans","Quick Slash"],"picked":"PiercingWail+1","floor":25},{"not_picked":["Dash+1","Dagger Throw+1"],"picked":"Outmaneuver+1","floor":28},{"not_picked":["Outmaneuver","Heel Hook+1"],"picked":"Flying Knee+1","floor":29},{"not_picked":["Flechettes+1","Bane+1"],"picked":"Blur+1","floor":30},{"not_picked":["Slice+1","Underhanded Strike+1","Storm of Steel"],"picked":"SKIP","floor":31},{"not_picked":["Adrenaline","Doppelganger"],"picked":"Night Terror","floor":33},{"not_picked":["Bane+1","Tactician+1"],"picked":"Backflip+1","floor":35},{"not_picked":["Slice+1","Eviscerate+1","Dodge and Roll+1"],"picked":"SKIP","floor":36},{"not_picked":["Slice+1","Sucker Punch+1","Well Laid Plans"],"picked":"SKIP","floor":37},{"not_picked":["Madness","Forethought"],"picked":"Flash of Steel+1","floor":39},{"not_picked":["Thinking Ahead","Secret Weapon"],"picked":"Master of Strategy","floor":39},{"not_picked":["Expertise+1","PiercingWail+1"],"picked":"Predator+1","floor":40},{"not_picked":["Acrobatics+1","Burst"],"picked":"Backflip+1","floor":42},{"not_picked":["Sucker Punch+1","A Thousand Cuts"],"picked":"Outmaneuver+1","floor":44},{"not_picked":["Sucker Punch+1","PiercingWail+1","Slice+1"],"picked":"SKIP","floor":47}],"player_experience":34564,"relics_obtained":[{"floor":6.0,"key":"Centennial Puzzle"},{"floor":8.0,"key":"Boot"},{"floor":14.0,"key":"Mercury Hourglass"},{"floor":23.0,"key":"Regal Pillow"},{"floor":25,"key":"Anchor"},{"floor":26,"key":"Molten Egg 2"},{"floor":28,"key":"Pen Nib"},{"floor":40,"key":"Orichalcum"},{"floor":42,"key":"Sundial"},{"floor":43,"key":"The Specimen"},{"floor":44,"key":"Pear"},{"floor":45,"key":"Tingsha"}],"event_choices":[{"damage_healed":0.0,"max_hp_gain":0.0,"max_hp_loss":5.0,"gold_gain":0.0,"event_name":"Golden Idol","player_choice":"Lose Max HP","floor":2.0,"gold_loss":0.0,"damage_taken":0.0,"relics_obtained":["Golden Idol"]},{"damage_healed":0.0,"max_hp_gain":0.0,"max_hp_loss":0.0,"gold_gain":0.0,"event_name":"Living Wall","player_choice":"Grow","floor":4.0,"gold_loss":0.0,"damage_taken":0.0,"cards_upgraded":["Neutralize"]},{"damage_healed":0.0,"max_hp_gain":0.0,"max_hp_loss":0.0,"gold_gain":0.0,"event_name":"Shining Light","player_choice":"Entered Light","floor":13.0,"gold_loss":0.0,"damage_taken":13.0,"cards_upgraded":["Defend_G","Strike_G"]},{"damage_healed":0.0,"max_hp_gain":0.0,"max_hp_loss":0.0,"gold_gain":0.0,"event_name":"Upgrade Shrine","player_choice":"Upgraded","floor":19.0,"gold_loss":0.0,"damage_taken":0.0,"cards_upgraded":["Sucker Punch"]},{"damage_healed":0.0,"max_hp_gain":0.0,"max_hp_loss":0.0,"gold_gain":275.0,"event_name":"Golden Shrine","player_choice":"Desecrate","floor":21.0,"gold_loss":0.0,"damage_taken":0.0,"cards_obtained":["Regret"]},{"damage_healed":0,"gold_gain":0,"player_choice":"Memory 3","damage_taken":10,"max_hp_gain":0,"max_hp_loss":0,"event_name":"SensoryStone","floor":39,"gold_loss":0},{"damage_healed":0,"gold_gain":0,"player_choice":"Fight","damage_taken":0,"max_hp_gain":0,"max_hp_loss":0,"event_name":"MindBloom","floor":45,"gold_loss":0},{"damage_healed":0,"gold_gain":333,"player_choice":"Gave Idol","damage_taken":0,"max_hp_gain":0,"max_hp_loss":0,"event_name":"The Moai Head","floor":48,"relics_lost":["Golden Idol"],"gold_loss":0}],"is_beta":false,"boss_relics":[{"not_picked":["Tiny House","Ring of the Serpent"],"picked":"Sozu"},{"not_picked":["Empty Cage","WristBlade"],"picked":"Eternal Feather"}],"items_purged_floors":[12,22,38],"is_endless":false,"potions_floor_spawned":[1,3,14,20,29,30,33,37,44,45],"killed_by":"Shield and Spear","ascension_level":4}