{"path_per_floor":["M","$","M","M","M","E","R","M","T","?","R","?","M","M","R","B",null,"M","M","$","M","?","$","R","M","T","E","M","R","$","?","R","B",null,"M","M","?","$","?","R"],"character_chosen":"THE_SILENT","items_purchased":["Flying Knee","Regen Potion"],"gold_per_floor":[210,88,107,120,130,160,160,172,172,122,122,122,134,146,146,225,225,165,165,15,15,15,15,15,15,15,15,15,15,15,15,15,15,15,15,15,15,15,15,15],"floor_reached":41,"campfire_rested":4,"playtime":2914,"current_hp_per_floor":[57,57,54,53,49,22,22,19,19,19,19,6,4,4,24,23,56,33,16,16,27,27,27,47,38,38,37,19,43,43,43,67,4,62,62,57,57,57,57,57],"items_purged":["Parasite","Strike_G"],"gold":15,"score":599,"play_id":"d854e111-65b5-4c1c-81e4-04ca243852e0","local_time":"20180307223422","is_prod":false,"is_daily":false,"is_ascension_mode":true,"campfire_upgraded":3,"timestamp":1520458462,"path_taken":["M","$","M","M","M","E","R","?","T","?","R","?","M","M","R","BOSS","M","M","$","M","?","?","R","M","T","E","M","R","$","?","R","BOSS","M","M","?","$","?","R","E"],"build_version":"2018-03-01-PROD1","purchased_purges":2,"victory":false,"master_deck":["Defend_G+1","Defend_G+1","Defend_G+1","Defend_G+1","Defend_G+1","Survivor","Neutralize+1","Dagger Throw","Backflip+1","Infinite Blades+1","Dagger Throw","Noxious Fumes+1","Dagger Throw","Dagger Spray","Die Die Die","Quick Slash+1","Leg Sweep","Escape Plan","Dodge and Roll","Dash+1","Phantasmal Killer+1","Prepared+1","A Thousand Cuts+1","Eviscerate+1","PiercingWail+1","Cloak And Dagger+1"],"max_hp_per_floor":[70,67,67,67,67,67,67,67,67,67,67,67,67,67,67,67,67,67,67,67,67,67,67,67,67,67,81,81,81,81,81,81,81,81,81,81,81,81,81,81],"relics":["Ring of the Snake","War Paint","Juzu Bracelet","Ectoplasm","Anchor","Mango","Astrolabe"],"card_choices":[{"not_picked":["Tactician","Blur"],"picked":"Dagger Throw"},{"not_picked":["Acrobatics","Choke"],"picked":"Backflip"},{"not_picked":["Prepared","Underhanded Strike"],"picked":"Infinite Blades"},{"not_picked":["Deadly Poison","Flying Knee"],"picked":"Dagger Throw"},{"not_picked":["Slice","Deflect"],"picked":"Noxious Fumes"},{"not_picked":["Bane","Quick Slash"],"picked":"Dagger Throw"},{"not_picked":["Flying Knee","Masterful Stab"],"picked":"Dagger Spray"},{"not_picked":["Glass Knife","Burst"],"picked":"Die Die Die"},{"not_picked":["Calculated Gamble","Backstab"],"picked":"Quick Slash"},{"not_picked":["Catalyst","Deadly Poison"],"picked":"Leg Sweep"},{"not_picked":["Deflect","Acrobatics"],"picked":"Escape Plan"},{"not_picked":["Quick Slash","Riddle With Holes"],"picked":"Dodge and Roll"},{"not_picked":["Eviscerate","Quick Slash"],"picked":"Dash"},{"not_picked":["Night Terror","Unload"],"picked":"Phantasmal Killer"},{"not_picked":["Deadly Poison","Calculated Gamble"],"picked":"PiercingWail"},{"not_picked":["Setup","Poisoned Stab"],"picked":"Cloak And Dagger"}],"player_experience":244069,"potions_floor_usage":[6,14,16,16,21,21],"damage_taken":[{"damage":6,"enemies":"Cultist","floor":1,"turns":6},{"damage":3,"enemies":"2 Louse","floor":3,"turns":3},{"damage":1,"enemies":"Jaw Worm","floor":4,"turns":3},{"damage":4,"enemies":"2 Fungi Beasts","floor":5,"turns":3},{"damage":39,"enemies":"Gremlin Nob","floor":6,"turns":5},{"damage":3,"enemies":"Looter","floor":8,"turns":4},{"damage":2,"enemies":"Exordium Thugs","floor":13,"turns":4},{"damage":0,"enemies":"Gremlin Gang","floor":14,"turns":3},{"damage":13,"enemies":"The Guardian","floor":16,"turns":13},{"damage":23,"enemies":"2 Thieves","floor":18,"turns":3},{"damage":17,"enemies":"Shell Parasite","floor":19,"turns":6},{"damage":7,"enemies":"Cultist and Chosen","floor":21,"turns":6},{"damage":9,"enemies":"3 Cultists","floor":25,"turns":5},{"damage":15,"enemies":"Slavers","floor":27,"turns":6},{"damage":18,"enemies":"Snake Plant","floor":28,"turns":6},{"damage":63,"enemies":"Automaton","floor":33,"turns":13},{"damage":0,"enemies":"Orb Walker","floor":35,"turns":4},{"damage":5,"enemies":"3 Darklings","floor":36,"turns":5},{"damage":73,"enemies":"Giant Head","floor":41,"turns":9}],"event_choices":[{"event_name":"The Cleric","player_choice":"Card Removal","floor":10,"damage_taken":0},{"event_name":"Shining Light","player_choice":"Entered Light","floor":12,"damage_taken":0},{"event_name":"Addict","player_choice":"Ignored","floor":22,"damage_taken":0},{"event_name":"Back to Basics","player_choice":"Simplicity","floor":31,"damage_taken":0},{"event_name":"Mysterious Sphere","player_choice":"Ignore","floor":37,"damage_taken":0}],"boss_relics":[{"not_picked":["Philosopher\u0027s Stone","The Specimen"],"picked":"Ectoplasm"},{"not_picked":["Lizard Tail","Calling Bell"],"picked":"Astrolabe"}],"potions_floor_spawned":[1,3,6,14,19,27],"seed_played":"414144103660631345","killed_by":"Giant Head","ascension_level":13,"is_trial":false}