{"path_per_floor":["M","?","M","$","?","R","M","M","T","M","R","M","?","?","R","B",null,"M","?","$","M","?","R","$","M","T"],"character_chosen":"THE_SILENT","items_purchased":["Dagger Spray","Caltrops","Footwork","Oddly Smooth Stone","Accuracy"],"gold_per_floor":[112,112,126,4,104,104,122,141,141,151,151,167,167,167,167,262,262,277,277,55,73,73,73,2,20,20],"floor_reached":27,"campfire_rested":1,"playtime":1738,"current_hp_per_floor":[63,56,52,52,52,52,46,41,41,41,41,41,41,23,43,6,52,37,37,37,29,29,29,29,29,29],"items_purged":[],"gold":20,"score":325,"play_id":"4a126cb1-1fb4-4719-b0f7-9f8522e702d0","local_time":"20180304201950","is_prod":false,"is_daily":false,"is_ascension_mode":true,"campfire_upgraded":3,"timestamp":1520191190,"path_taken":["M","?","?","?","?","R","M","M","T","M","R","M","?","?","R","BOSS","M","?","$","?","?","R","?","?","T","E"],"build_version":"2018-03-01-PROD1","purchased_purges":0,"victory":false,"master_deck":["Defend_G","Defend_G","Defend_G","Defend_G","Defend_G","Survivor","Neutralize+1","Cloak And Dagger","PiercingWail","Quick Slash","Dagger Spray+1","Caltrops","Flying Knee","Backflip","Adrenaline","Blade Dance+1","Distraction+1","Deflect+1","Footwork+1","Backflip","Accuracy","Crippling Poison"],"max_hp_per_floor":[70,67,67,67,67,67,67,67,67,67,67,67,67,67,67,67,67,67,67,67,67,67,67,67,67,67],"relics":["Ring of the Snake","Du-Vu Doll","Gambling Chip","Astrolabe","Oddly Smooth Stone","Omamori","Torii"],"card_choices":[{"not_picked":["Slice","Deflect"],"picked":"PiercingWail"},{"not_picked":["Flechettes","Well Laid Plans"],"picked":"Quick Slash"},{"not_picked":["Bane","Slice"],"picked":"Flying Knee"},{"not_picked":["Underhanded Strike","Acrobatics"],"picked":"Backflip"},{"not_picked":["Eviscerate","Crippling Poison"],"picked":"Adrenaline"},{"not_picked":["Bane","Cloak And Dagger"],"picked":"Backflip"},{"not_picked":["PiercingWail","Acrobatics"],"picked":"Crippling Poison"}],"player_experience":220944,"potions_floor_usage":[16,16,21,27],"damage_taken":[{"damage":0,"enemies":"Small Slimes","floor":1,"turns":5},{"damage":4,"enemies":"Jaw Worm","floor":3,"turns":6},{"damage":6,"enemies":"2 Louse","floor":7,"turns":3},{"damage":5,"enemies":"Lots of Slimes","floor":8,"turns":4},{"damage":0,"enemies":"2 Fungi Beasts","floor":10,"turns":4},{"damage":0,"enemies":"Red Slaver","floor":12,"turns":5},{"damage":37,"enemies":"Slime Boss","floor":16,"turns":15},{"damage":15,"enemies":"Chosen","floor":18,"turns":10},{"damage":8,"enemies":"2 Thieves","floor":21,"turns":4},{"damage":0,"enemies":"Snake Plant","floor":25,"turns":10},{"damage":41,"enemies":"Gremlin Leader","floor":27,"turns":8}],"event_choices":[{"event_name":"Golden Wing","player_choice":"Card Removal","floor":2,"damage_taken":0},{"event_name":"Golden Shrine","player_choice":"Pray","floor":5,"damage_taken":0},{"event_name":"Living Wall","player_choice":"Forget","floor":13,"damage_taken":0},{"event_name":"Scrap Ooze","player_choice":"success","floor":14,"damage_taken":18},{"event_name":"Drug Dealer","player_choice":"Ignored","floor":19,"damage_taken":0},{"event_name":"The Mausoleum","player_choice":"Yes","floor":22,"damage_taken":0}],"boss_relics":[{"not_picked":["Question Card","Tiny House"],"picked":"Astrolabe"}],"potions_floor_spawned":[8,12,16,18,25],"seed_played":"5590068713186174883","killed_by":"Gremlin Leader","ascension_level":12,"is_trial":false}