{"path_per_floor":["M","M","?","M","M","R","E","R","T","?","M","M","$","M","R","B",null,"M","M","?","M","?","R","E","R","T","M","R","?","M","$","R","B",null,"M","M","$","M","$","R","M","?","T","?","R","?","M","M","R"],"character_chosen":"THE_SILENT","items_purchased":["Oddly Smooth Stone","Footwork","Backstab","Apotheosis"],"gold_per_floor":[115,127,127,144,154,154,179,179,259,289,301,312,19,32,32,134,134,149,159,249,262,262,262,290,290,290,310,310,235,253,71,71,170,170,184,201,16,30,30,30,48,48,75,75,75,0,20,30,30],"floor_reached":50,"campfire_rested":7,"playtime":6685,"current_hp_per_floor":[70,68,73,73,63,63,50,72,72,68,68,63,63,63,63,41,75,75,67,53,49,49,71,44,44,44,41,63,63,38,38,60,39,75,59,56,56,28,28,50,41,41,41,41,63,63,45,44,66],"items_purged":["Strike_G","Strike_G"],"gold":30,"play_id":"9737edc3-9e3b-46b5-b724-34bfe373807e","is_prod":false,"is_daily":false,"is_ascension_mode":false,"campfire_upgraded":3,"path_taken":["M","M","?","?","?","R","E","R","T","?","M","M","$","M","R","BOSS","M","M","?","M","?","R","E","R","T","M","R","?","M","$","R","BOSS","M","?","$","M","$","R","M","?","T","?","R","?","M","M","R","BOSS"],"build_version":"2018-02-01-PROD3","purchased_purges":2,"victory":false,"master_deck":["Defend_G","Defend_G","Defend_G","Defend_G","Defend_G","Strike_G","Survivor","Neutralize","Dagger Throw","Dash","Noxious Fumes+1","Dagger Spray","Backflip","Blade Dance","Flying Knee","Endless Agony","Footwork+1","Dash","After Image","Prepared+1","Bane+1","Deadly Poison","Dagger Throw+1","Bane+1","Backstab","Tools of the Trade","Distraction+1","Flechettes+1","Prepared","Outmaneuver+1","Poisoned Stab+1","Apotheosis","Bane+1","PiercingWail+1"],"max_hp_per_floor":[70,70,75,75,75,75,75,75,75,75,75,75,75,75,75,75,75,75,75,75,75,75,75,75,75,75,75,75,75,75,75,75,75,75,75,75,75,75,75,75,75,75,75,75,75,75,75,75,75],"relics":["Ring of the Snake","Bag of Preparation","Meat on the Bone","Odd Mushroom","Oddly Smooth Stone","The Specimen","Pen Nib","Bottled Flame","Orrery","Bronze Scales","Red Mask"],"card_choices":[{"not_picked":["Slice","Backflip"],"picked":"Dagger Throw"},{"not_picked":["All Out Attack","Infinite Blades"],"picked":"Dash"},{"not_picked":["Dash","Catalyst"],"picked":"Noxious Fumes"},{"not_picked":["Outmaneuver","Prepared"],"picked":"Dagger Spray"},{"not_picked":["Prepared","Slice"],"picked":"Backflip"},{"not_picked":["Acrobatics","Heel Hook"],"picked":"Blade Dance"},{"not_picked":["Dagger Throw","Escape Plan"],"picked":"Flying Knee"},{"not_picked":["Slice","Dodge and Roll"],"picked":"Endless Agony"},{"not_picked":["Backflip","Burst"],"picked":"Dash"},{"not_picked":["Bullet Time","Unload"],"picked":"After Image"},{"not_picked":["Outmaneuver","Acrobatics"],"picked":"Prepared"},{"not_picked":["Prepared","Quick Slash"],"picked":"Bane"},{"not_picked":["Dagger Throw","Blur"],"picked":"Deadly Poison"},{"not_picked":["Dagger Throw","Acrobatics"],"picked":"Deflect"},{"not_picked":["Malaise","Night Terror"],"picked":"Dagger Throw"},{"not_picked":["Deadly Poison","Prepared"],"picked":"Bane"},{"not_picked":["Wraith Form","Burst"],"picked":"Tools of the Trade"},{"not_picked":["Flying Knee","Deadly Poison"],"picked":"Distraction"},{"not_picked":["Doppelganger","Slice"],"picked":"Flechettes"},{"not_picked":["Dagger Throw","Outmaneuver"],"picked":"Prepared"},{"not_picked":["Slice","Deflect"],"picked":"Outmaneuver"},{"not_picked":["Endless Agony","Flying Knee"],"picked":"Poisoned Stab"},{"not_picked":["Masterful Stab","Skewer"],"picked":"Bane"},{"not_picked":["Acrobatics","Choke"],"picked":"PiercingWail"}],"player_experience":20903,"potions_floor_usage":[7,7,16,16,24,27,33,36,47,48],"damage_taken":[{"damage":0,"enemies":"2 Louse","floor":1,"turns":4},{"damage":2,"enemies":"Small Slimes","floor":2,"turns":4},{"damage":0,"enemies":"Blue Slaver","floor":4,"turns":4},{"damage":10,"enemies":"Gremlin Gang","floor":5,"turns":5},{"damage":13,"enemies":"Lagavulin","floor":7,"turns":7},{"damage":4,"enemies":"The Mushroom Lair","floor":10,"turns":4},{"damage":0,"enemies":"Large Slime","floor":11,"turns":6},{"damage":5,"enemies":"Looter","floor":12,"turns":3},{"damage":0,"enemies":"Gremlin Gang","floor":14,"turns":5},{"damage":34,"enemies":"Slime Boss","floor":16,"turns":10},{"damage":0,"enemies":"Shell Parasite","floor":18,"turns":8},{"damage":8,"enemies":"Spheric Guardian","floor":19,"turns":10},{"damage":16,"enemies":"Centurion and Healer","floor":21,"turns":14},{"damage":27,"enemies":"Gremlin Leader","floor":24,"turns":8},{"damage":3,"enemies":"Cultist and Chosen","floor":27,"turns":7},{"damage":25,"enemies":"Slaver and Parasite","floor":30,"turns":8},{"damage":33,"enemies":"Collector","floor":33,"turns":8},{"damage":16,"enemies":"Orb Walker","floor":35,"turns":5},{"damage":15,"enemies":"3 Darklings","floor":36,"turns":7},{"damage":40,"enemies":"Maw","floor":38,"turns":9},{"damage":9,"enemies":"4 Shapes","floor":41,"turns":7},{"damage":30,"enemies":"Sphere and 2 Shapes","floor":47,"turns":7},{"damage":13,"enemies":"Maw","floor":48,"turns":8},{"damage":67,"enemies":"Time Eater","floor":50,"turns":12}],"event_choices":[{"event_name":"Big Fish","player_choice":"Donut","floor":3,"damage_taken":0},{"event_name":"Mushrooms","player_choice":"Fought Mushrooms","floor":10,"damage_taken":0},{"event_name":"Knowing Skull","player_choice":"GOLD ","floor":20,"damage_taken":0},{"event_name":"Drug Dealer","player_choice":"Ignored","floor":22,"damage_taken":0},{"event_name":"Beggar","player_choice":"Gave Gold","floor":29,"damage_taken":0},{"event_name":"Mysterious Sphere","player_choice":"Ignore","floor":44,"damage_taken":0},{"event_name":"Tomb of Lord Red Mask","player_choice":"Paid","floor":46,"damage_taken":0}],"boss_relics":[{"not_picked":["Runic Dome","Tiny House"],"picked":"The Specimen"},{"not_picked":["Philosopher\u0027s Stone","Runic Pyramid"],"picked":"Orrery"}],"potions_floor_spawned":[2,4,5,11,12,18,19,24,35,36,47],"seed_played":"-3871627684153205418","killed_by":"Time Eater","ascension_level":0,"is_trial":false}