{"gold_per_floor":[113,113,132,151,46,78,78,92,92,3,3,3,0,16,16,93,93,106,123,173],"floor_reached":20,"playtime":589,"items_purged":[],"score":348,"play_id":"1cad60c4-d845-4a3e-a54c-df14e11105be","local_time":"20190607002230","is_ascension_mode":true,"campfire_choices":[{"data":"Malaise","floor":7,"key":"SMITH"},{"floor":15,"key":"REST"}],"neow_cost":"NONE","seed_source_timestamp":1819621583740378,"circlet_count":0,"master_deck":["AscendersBane","Strike_G","Strike_G","Strike_G","Strike_G","Strike_G","Defend_G","Defend_G","Defend_G","Defend_G","Defend_G","Survivor","Neutralize","Sucker Punch","Malaise+1","Dagger Throw","Poisoned Stab","Crippling Poison","Noxious Fumes","Footwork","Dodge and Roll","Backstab","Glass Knife","Dagger Spray"],"relics":["Ring of the Snake","NeowsBlessing","Potion Belt","SsserpentHead","Runic Pyramid"],"potions_floor_usage":[6,6,16,20,20,20],"damage_taken":[{"damage":0,"enemies":"Small Slimes","floor":1,"turns":1},{"damage":0,"enemies":"Cultist","floor":3,"turns":1},{"damage":0,"enemies":"Jaw Worm","floor":4,"turns":1},{"damage":19,"enemies":"Gremlin Nob","floor":6,"turns":4},{"damage":22,"enemies":"Exordium Thugs","floor":8,"turns":5},{"damage":0,"enemies":"Looter","floor":13,"turns":4},{"damage":16,"enemies":"Large Slime","floor":14,"turns":8},{"damage":19,"enemies":"The Guardian","floor":16,"turns":13},{"damage":16,"enemies":"Spheric Guardian","floor":18,"turns":8},{"damage":5,"enemies":"Shell Parasite","floor":19,"turns":9},{"damage":18,"enemies":"Colosseum Slavers","floor":20,"turns":6},{"damage":15,"enemies":"Colosseum Nobs","floor":20,"turns":2}],"seed_played":"8377887224665559298","potions_obtained":[{"floor":2,"key":"SteroidPotion"},{"floor":2,"key":"Energy Potion"},{"floor":14,"key":"SkillPotion"},{"floor":16,"key":"Strength Potion"},{"floor":18,"key":"Swift Potion"},{"floor":19,"key":"Energy Potion"}],"is_trial":false,"path_per_floor":["M","?","M","M","$","E","R","M","T","$","?","$","M","M","R","B",null,"M","M","?"],"character_chosen":"THE_SILENT","items_purchased":["Poisoned Stab","Crippling Poison","Footwork"],"campfire_rested":1,"item_purchase_floors":[5,5,10],"current_hp_per_floor":[59,59,59,59,59,40,40,18,18,18,18,18,18,2,21,2,50,34,29,0],"gold":173,"neow_bonus":"THREE_ENEMY_KILL","is_prod":false,"is_daily":false,"chose_seed":false,"campfire_upgraded":1,"win_rate":0,"timestamp":1559892150,"path_taken":["M","?","?","M","$","E","R","M","T","?","?","$","M","M","R","BOSS","M","M","?"],"build_version":"2019-06-05","purchased_purges":0,"victory":false,"max_hp_per_floor":[66,66,66,66,66,66,66,66,66,66,66,66,66,66,66,66,66,66,66,66],"card_choices":[{"not_picked":["Bane","Deflect"],"picked":"Sucker Punch","floor":1},{"not_picked":["Flying Knee","Sucker Punch"],"picked":"Malaise","floor":3},{"not_picked":["Deflect","Distraction"],"picked":"Dagger Throw","floor":4},{"not_picked":["Catalyst","Blade Dance"],"picked":"Noxious Fumes","floor":6},{"not_picked":["Setup","Bane","Concentrate"],"picked":"SKIP","floor":8},{"not_picked":["Heel Hook","Riddle With Holes"],"picked":"Dodge and Roll","floor":13},{"not_picked":["Reflex","Escape Plan"],"picked":"Backstab","floor":14},{"not_picked":["Bullet Time","Envenom"],"picked":"Glass Knife","floor":16},{"not_picked":["Blade Dance","Sucker Punch","Dagger Throw+1"],"picked":"SKIP","floor":18},{"not_picked":["Reflex+1","Masterful Stab+1"],"picked":"Dagger Spray","floor":19}],"player_experience":1307636,"relics_obtained":[{"floor":6,"key":"Potion Belt"}],"event_choices":[{"damage_healed":0,"gold_gain":0,"player_choice":"Got Potions","damage_taken":0,"max_hp_gain":0,"max_hp_loss":0,"event_name":"Lab","floor":2,"gold_loss":0},{"damage_healed":0,"gold_gain":0,"player_choice":"Trade","damage_taken":0,"relics_obtained":["SsserpentHead"],"max_hp_gain":0,"max_hp_loss":0,"event_name":"FaceTrader","floor":11,"gold_loss":0},{"damage_healed":0,"gold_gain":0,"player_choice":"Fight","damage_taken":0,"max_hp_gain":0,"max_hp_loss":0,"event_name":"Colosseum","floor":20,"gold_loss":0},{"damage_healed":0,"gold_gain":0,"player_choice":"Fought Nobs","damage_taken":0,"max_hp_gain":0,"max_hp_loss":0,"event_name":"Colosseum","floor":20,"gold_loss":0}],"is_beta":true,"boss_relics":[{"not_picked":["Velvet Choker","HoveringKite"],"picked":"Runic Pyramid"}],"items_purged_floors":[],"is_endless":false,"potions_floor_spawned":[4,14,16,18,19,20],"killed_by":"Colosseum Nobs","ascension_level":20}