{"gold_per_floor":[113,124,124,138,148,179,179,189,189,209,209,235,16,33,33,137,137,157,157,76,176,187,212,212,222,270,270,299,55,55,68,68,172,172,192,118,118,118,118,118,132,146,199,199,74,28,28,42,42,42],"floor_reached":51,"playtime":3638,"items_purged":["Strike_B","Strike_B","Strike_B"],"score":804,"play_id":"fc464c97-7231-4746-bfc9-4631c38d3a0e","local_time":"20190224143954","is_ascension_mode":true,"campfire_choices":[{"data":"Zap","floor":7,"key":"SMITH"},{"data":"Leap","floor":11,"key":"SMITH"},{"floor":15,"key":"REST"},{"data":"Loop","floor":24,"key":"SMITH"},{"floor":27,"key":"REST"},{"data":"Tempest","floor":30,"key":"SMITH"},{"data":"Streamline","floor":32,"key":"SMITH"},{"data":"Defragment","floor":40,"key":"SMITH"},{"data":"Cold Snap","floor":44,"key":"SMITH"},{"data":"Defend_B","floor":47,"key":"SMITH"},{"floor":49,"key":"REST"}],"neow_cost":"NONE","seed_source_timestamp":22098356575484840,"circlet_count":0,"master_deck":["Defend_B","Defend_B+1","Defend_B+1","Defend_B+1","Zap+1","Dualcast","Tempest+1","Cold Snap","Streamline+1","Cold Snap+1","Leap+1","Coolheaded","Seek","BootSequence","Chill","Core Surge+1","Reinforced Body+1","Leap+1","Blizzard+1","Loop+1","Doom and Gloom+1","Sweeping Beam+1","Go for the Eyes+1","Creative AI","Defragment+1","Madness","Madness","Glacier+1","Barrage+1"],"relics":["Cracked Core","Dodecahedron","Question Card","Molten Egg 2","DataDisk","Velvet Choker","Emotion Chip","Letter Opener","Mummified Hand","Happy Flower","Du-Vu Doll","Vajra","Busted Crown","War Paint"],"potions_floor_usage":[16,21,28,33,50,50],"damage_taken":[{"damage":11,"enemies":"Small Slimes","floor":1,"turns":3},{"damage":1,"enemies":"Cultist","floor":2,"turns":3},{"damage":5,"enemies":"Jaw Worm","floor":4,"turns":3},{"damage":8,"enemies":"Blue Slaver","floor":5,"turns":3},{"damage":20,"enemies":"3 Sentries","floor":6,"turns":9},{"damage":0,"enemies":"2 Fungi Beasts","floor":8,"turns":3},{"damage":3,"enemies":"Gremlin Gang","floor":10,"turns":3},{"damage":10,"enemies":"Lagavulin","floor":12,"turns":5},{"damage":1,"enemies":"Exordium Thugs","floor":14,"turns":4},{"damage":3,"enemies":"Slime Boss","floor":16,"turns":10},{"damage":0,"enemies":"Chosen","floor":18,"turns":3},{"damage":0,"enemies":"Colosseum Slavers","floor":21,"turns":5},{"damage":11,"enemies":"Colosseum Nobs","floor":21,"turns":4},{"damage":12,"enemies":"2 Thieves","floor":22,"turns":4},{"damage":27,"enemies":"Book of Stabbing","floor":23,"turns":7},{"damage":1,"enemies":"Shelled Parasite and Fungi","floor":25,"turns":7},{"damage":0,"enemies":"Gremlin Leader","floor":28,"turns":5},{"damage":0,"enemies":"Snecko","floor":31,"turns":4},{"damage":29,"enemies":"Collector","floor":33,"turns":10},{"damage":7,"enemies":"3 Darklings","floor":35,"turns":3},{"damage":0,"enemies":"Orb Walker","floor":41,"turns":2},{"damage":4,"enemies":"3 Darklings","floor":42,"turns":4},{"damage":0,"enemies":"Writhing Mass","floor":48,"turns":8},{"damage":7,"enemies":"Time Eater","floor":50,"turns":10}],"seed_played":"280660403455169255","potions_obtained":[{"floor":1,"key":"Energy Potion"},{"floor":8,"key":"GamblersBrew"},{"floor":10,"key":"LiquidBronze"},{"floor":14,"key":"Fire Potion"},{"floor":21,"key":"Dexterity Potion"},{"floor":23,"key":"Poison Potion"},{"floor":31,"key":"FocusPotion"},{"floor":35,"key":"Dexterity Potion"}],"is_trial":false,"path_per_floor":["M","M","?","M","M","E","R","M","T","M","R","E","$","M","R","B",null,"M","?","$","?","M","E","R","M","T","R","E","$","R","M","R","B",null,"M","$","?","?","?","R","M","M","T","R","$","$","R","M","R","B",null],"character_chosen":"DEFECT","items_purchased":["DataDisk","Blizzard+1","Vajra","Defragment","Barrage+1"],"campfire_rested":3,"item_purchase_floors":[13,20,29,36,46],"current_hp_per_floor":[64,63,63,58,50,30,30,30,30,27,27,17,17,16,38,35,75,75,75,75,64,52,25,25,24,24,46,46,46,46,46,46,17,75,68,68,68,59,52,52,52,48,48,48,48,48,48,48,70,63],"gold":42,"neow_bonus":"TRANSFORM_CARD","is_prod":false,"is_daily":false,"chose_seed":false,"campfire_upgraded":8,"win_rate":0,"timestamp":1551015594,"path_taken":["M","M","?","M","M","E","R","M","T","M","R","E","$","M","R","BOSS","M","?","$","?","M","E","R","M","T","R","E","$","R","M","R","BOSS","M","$","?","?","?","R","?","M","T","R","?","$","R","M","R","BOSS"],"build_version":"2019-01-23","purchased_purges":3,"victory":true,"max_hp_per_floor":[75,75,75,75,75,75,75,75,75,75,75,75,75,75,75,75,75,75,75,75,75,75,75,75,75,75,75,75,75,75,75,75,75,75,75,75,75,75,75,75,75,75,75,75,75,75,75,75,75,75],"card_choices":[{"not_picked":["Blizzard","Heatsinks","Turbo"],"picked":"SKIP","floor":1},{"not_picked":["Barrage","Rebound"],"picked":"Cold Snap","floor":2},{"not_picked":["Reinforced Body","Stack"],"picked":"Streamline","floor":4},{"not_picked":["Reprogram","Rebound"],"picked":"Cold Snap","floor":5},{"not_picked":["Consume","Go for the Eyes"],"picked":"Leap","floor":6},{"not_picked":["Beam Cell","Reprogram"],"picked":"Coolheaded","floor":8},{"not_picked":["Hello World","Gash","Steam"],"picked":"Seek","floor":10},{"not_picked":["Rebound","Scrape","Consume"],"picked":"BootSequence","floor":12},{"not_picked":["Hologram","Turbo","Chaos"],"picked":"Chill","floor":14},{"not_picked":["All For One+1","Amplify","Reboot"],"picked":"Core Surge+1","floor":16},{"not_picked":["Redo","Chaos+1","Go for the Eyes+1"],"picked":"Reinforced Body+1","floor":18},{"not_picked":["Sweeping Beam+1","Coolheaded","Doom and Gloom+1"],"picked":"Loop","floor":22},{"not_picked":["Reprogram","Thunder Strike+1","Stack","All For One+1"],"picked":"SKIP","floor":23},{"not_picked":["Turbo","Rebound+1","Leap"],"picked":"Doom and Gloom+1","floor":25},{"not_picked":["Force Field","Redo","Turbo"],"picked":"Sweeping Beam+1","floor":28},{"not_picked":["Steam Power","Rebound+1","Force Field+1"],"picked":"Go for the Eyes+1","floor":31},{"not_picked":["Electrodynamics","Hyperbeam+1","Biased Cognition"],"picked":"Creative AI","floor":33},{"not_picked":["Streamline+1","Reprogram+1"],"picked":"SKIP","floor":35},{"not_picked":["Static Discharge+1","Streamline+1"],"picked":"SKIP","floor":41},{"not_picked":["Conserve Battery"],"picked":"Glacier+1","floor":42},{"not_picked":["Sweeping Beam+1","Go for the Eyes+1"],"picked":"SKIP","floor":48}],"player_experience":342886,"relics_obtained":[{"floor":6,"key":"Dodecahedron"},{"floor":9,"key":"Question Card"},{"floor":12,"key":"Molten Egg 2"},{"floor":21,"key":"Emotion Chip"},{"floor":21,"key":"Letter Opener"},{"floor":23,"key":"Mummified Hand"},{"floor":26,"key":"Happy Flower"},{"floor":28,"key":"Du-Vu Doll"},{"floor":43,"key":"War Paint"}],"event_choices":[{"damage_healed":0,"gold_gain":0,"player_choice":"Bought 0 Potions","damage_taken":0,"max_hp_gain":0,"max_hp_loss":0,"event_name":"The Woman in Blue","floor":3,"gold_loss":0},{"damage_healed":0,"gold_gain":0,"player_choice":"Copied","damage_taken":0,"max_hp_gain":0,"max_hp_loss":0,"event_name":"Duplicator","floor":19,"gold_loss":0,"cards_obtained":["Leap"]},{"damage_healed":0,"gold_gain":0,"player_choice":"Fight","damage_taken":0,"max_hp_gain":0,"max_hp_loss":0,"event_name":"Colosseum","floor":21,"gold_loss":0},{"damage_healed":0,"gold_gain":0,"player_choice":"Fought Nobs","damage_taken":0,"max_hp_gain":0,"max_hp_loss":0,"event_name":"Colosseum","floor":21,"gold_loss":0},{"damage_healed":0,"gold_gain":0,"player_choice":"Ignored","damage_taken":0,"max_hp_gain":0,"max_hp_loss":0,"event_name":"Tomb of Lord Red Mask","floor":37,"gold_loss":0},{"damage_healed":0,"gold_gain":0,"player_choice":"Embrace Madness","damage_taken":9,"max_hp_gain":0,"max_hp_loss":0,"event_name":"Winding Halls","floor":38,"gold_loss":0,"cards_obtained":["Madness","Madness"]},{"damage_healed":0,"gold_gain":0,"player_choice":"Damaged","damage_taken":7,"max_hp_gain":0,"max_hp_loss":0,"event_name":"Wheel of Change","floor":39,"gold_loss":0}],"is_beta":false,"boss_relics":[{"not_picked":["Orrery","White Beast Statue"],"picked":"Velvet Choker"},{"not_picked":["Nuclear Battery","Tiny House"],"picked":"Busted Crown"}],"items_purged_floors":[13,29,45],"is_endless":false,"potions_floor_spawned":[1,8,10,14,21,21,23,31,35,42],"ascension_level":4}