{"path_per_floor":["M","M","M","?","M","R","M","$","T","R","M","$","R","$","R","B",null,"M","?","?","M","M","R","?","R","T","M","M","?","M","$","R"],"character_chosen":"IRONCLAD","items_purchased":["Oddly Smooth Stone","Whetstone"],"gold_per_floor":[114,127,146,146,156,156,172,97,167,167,181,34,34,34,34,134,134,148,148,148,167,187,187,187,187,187,198,210,210,229,84,84],"floor_reached":33,"campfire_rested":2,"playtime":1772,"current_hp_per_floor":[77,77,71,53,47,47,53,53,53,53,59,59,59,59,59,57,72,38,24,24,20,20,20,20,44,44,44,29,29,10,10,35],"items_purged":["Strike_R"],"gold":84,"score":359,"play_id":"c312dda5-cd6d-4e94-a1e6-01a92118c706","is_prod":false,"is_daily":false,"is_ascension_mode":true,"campfire_upgraded":5,"path_taken":["M","M","M","?","M","R","?","$","T","R","M","$","R","$","R","BOSS","M","?","?","M","?","R","?","R","T","M","M","?","M","$","R","BOSS"],"build_version":"2018-02-22-PROD2","purchased_purges":1,"victory":false,"master_deck":["Strike_R","Strike_R+1","Strike_R+1","Defend_R+1","Defend_R","Defend_R","Defend_R+1","Bash+1","Heavy Blade","Pommel Strike+1","True Grit+1","Offering","Shrug It Off","Body Slam+1","Limit Break+1","Battle Trance","Flame Barrier","Heavy Blade","Dropkick","True Grit+1","Spot Weakness+1","Whirlwind","Iron Wave+1","Writhe"],"max_hp_per_floor":[77,77,77,77,77,77,77,77,77,77,77,77,77,77,77,77,77,77,82,82,82,82,82,82,82,82,82,82,82,84,84,84],"relics":["Burning Blood","War Paint","Mercury Hourglass","Oddly Smooth Stone","Orrery","Kunai","Singing Bowl","Whetstone"],"card_choices":[{"not_picked":["Clothesline","Armaments"],"picked":"Heavy Blade"},{"not_picked":["Clash","Armaments"],"picked":"Pommel Strike"},{"not_picked":["Bloodletting","Entrench"],"picked":"True Grit"},{"not_picked":["Thunderclap","Clothesline"],"picked":"Offering"},{"not_picked":["Armaments","Second Wind"],"picked":"Shrug It Off"},{"not_picked":["Pommel Strike","Anger"],"picked":"Body Slam"},{"not_picked":["Brutality","Double Tap"],"picked":"Limit Break"},{"not_picked":["Cleave","Headbutt"],"picked":"Battle Trance"},{"not_picked":["Heavy Blade","Wild Strike"],"picked":"Flame Barrier"},{"not_picked":["Body Slam","Entrench"],"picked":"Heavy Blade"},{"not_picked":["Cleave","Iron Wave"],"picked":"Dropkick"},{"not_picked":["Juggernaut","Wild Strike"],"picked":"Spot Weakness"},{"not_picked":["Twin Strike","Intimidate"],"picked":"Whirlwind"},{"not_picked":["Searing Blow","Wild Strike"],"picked":"Iron Wave"}],"player_experience":165658,"potions_floor_usage":[],"damage_taken":[{"damage":1,"enemies":"Cultist","floor":1,"turns":3},{"damage":2,"enemies":"2 Louse","floor":2,"turns":3},{"damage":12,"enemies":"Jaw Worm","floor":3,"turns":2},{"damage":12,"enemies":"Gremlin Gang","floor":5,"turns":9},{"damage":0,"enemies":"Large Slime","floor":7,"turns":4},{"damage":0,"enemies":"3 Louse","floor":11,"turns":3},{"damage":8,"enemies":"The Guardian","floor":16,"turns":11},{"damage":40,"enemies":"Chosen","floor":18,"turns":6},{"damage":10,"enemies":"Shell Parasite","floor":21,"turns":9},{"damage":6,"enemies":"Cultist and Chosen","floor":22,"turns":4},{"damage":6,"enemies":"Snake Plant","floor":27,"turns":4},{"damage":21,"enemies":"Snecko","floor":28,"turns":6},{"damage":27,"enemies":"Centurion and Healer","floor":30,"turns":7},{"damage":47,"enemies":"Collector","floor":33,"turns":3}],"event_choices":[{"event_name":"Scrap Ooze","player_choice":"success","floor":4,"damage_taken":18},{"event_name":"Forgotten Altar","player_choice":"Shed Blood","floor":19,"damage_taken":0},{"event_name":"Duplicator","player_choice":"One dupe","floor":20,"damage_taken":0},{"event_name":"Wheel of Change","player_choice":"Card Removal","floor":24,"damage_taken":0},{"event_name":"The Mausoleum","player_choice":"Yes","floor":29,"damage_taken":0}],"boss_relics":[{"not_picked":["Eternal Feather","Runic Cube"],"picked":"Orrery"}],"potions_floor_spawned":[2,5,18,28,30],"seed_played":"6983389236067039378","killed_by":"Collector","ascension_level":10,"is_trial":false}