{"path_per_floor":["M","$","M","M","?","E","R","?","T","R","$","?","R","M","R","B",null,"M","?","M","$","M","R","$","M","T","R","?","R","?","M","R","B",null,"M","?","?"],"character_chosen":"THE_SILENT","items_purchased":["Caltrops","Infinite Blades"],"gold_per_floor":[110,35,48,65,65,91,91,91,140,140,60,60,60,71,71,166,166,186,186,202,33,43,43,43,58,58,58,58,58,58,70,70,170,170,181,181,181],"floor_reached":38,"campfire_rested":4,"playtime":2219,"current_hp_per_floor":[70,70,69,69,55,25,46,46,46,46,46,46,46,35,56,51,70,59,59,59,59,31,31,31,17,17,38,80,80,80,52,76,16,80,50,40,40],"items_purged":["Strike_G","Defend_G"],"gold":181,"score":368,"play_id":"187c9f6b-6f54-4b67-a497-e56fb9b4edc1","is_prod":false,"is_daily":false,"is_ascension_mode":true,"campfire_upgraded":4,"path_taken":["M","$","M","M","?","E","R","?","T","R","$","?","R","M","R","BOSS","M","?","M","$","M","R","$","M","T","R","?","R","?","M","R","BOSS","M","?","?","M"],"build_version":"2018-02-15-PROD1","purchased_purges":2,"victory":false,"master_deck":["Defend_G","Defend_G","Defend_G","Strike_G+1","Survivor","Neutralize+1","Well Laid Plans+1","Bane+1","Predator+1","Quick Slash+1","Sucker Punch","Caltrops+1","Flash of Steel+1","Neutralize","Poisoned Stab+1","PiercingWail","Infinite Blades","Accuracy+1","Adrenaline","Infinite Blades","Expertise+1","Adrenaline","Deflect+1","Madness","Madness","Dark Shackles"],"max_hp_per_floor":[70,70,70,70,70,70,70,70,70,70,70,70,70,70,70,70,70,70,70,70,70,70,70,70,70,70,70,80,80,80,80,80,80,80,80,80,80],"relics":["Astrolabe","Torii","Juzu Bracelet","The Specimen","Frozen Eye","Runic Pyramid"],"card_choices":[{"not_picked":["Deadly Poison","Underhanded Strike"],"picked":"Quick Slash"},{"not_picked":["Acrobatics","Outmaneuver"],"picked":"Sucker Punch"},{"not_picked":["Envenom","Adrenaline"],"picked":"Phantasmal Killer"},{"not_picked":["Bane","Prepared"],"picked":"Poisoned Stab"},{"not_picked":["Dodge and Roll","Heel Hook"],"picked":"Accuracy"},{"not_picked":["Deflect","Endless Agony"],"picked":"Adrenaline"},{"not_picked":["Masterful Stab","Riddle With Holes"],"picked":"Expertise"},{"not_picked":["Bullet Time","Corpse Explosion"],"picked":"Adrenaline"},{"not_picked":["Predator","Sucker Punch"],"picked":"Deflect"}],"player_experience":114874,"potions_floor_usage":[18,20,22,25,33],"damage_taken":[{"damage":0,"enemies":"2 Louse","floor":1,"turns":2},{"damage":1,"enemies":"Cultist","floor":3,"turns":3},{"damage":0,"enemies":"Small Slimes","floor":4,"turns":2},{"damage":30,"enemies":"Lagavulin","floor":6,"turns":4},{"damage":11,"enemies":"Exordium Thugs","floor":14,"turns":3},{"damage":5,"enemies":"Hexaghost","floor":16,"turns":7},{"damage":11,"enemies":"2 Thieves","floor":18,"turns":4},{"damage":0,"enemies":"Chosen","floor":20,"turns":5},{"damage":28,"enemies":"Slaver and Parasite","floor":22,"turns":7},{"damage":14,"enemies":"Snecko","floor":25,"turns":5},{"damage":28,"enemies":"Sentry and Sphere","floor":31,"turns":5},{"damage":60,"enemies":"Automaton","floor":33,"turns":10},{"damage":30,"enemies":"Orb Walker","floor":35,"turns":4},{"damage":45,"enemies":"3 Darklings","floor":38,"turns":4}],"event_choices":[{"event_name":"Shining Light","player_choice":"Entered Light","floor":5,"damage_taken":0},{"event_name":"Living Wall","player_choice":"Forget","floor":8,"damage_taken":0},{"event_name":"Match and Keep!","player_choice":"2 cards matched","floor":12,"damage_taken":0},{"event_name":"Match and Keep!","player_choice":"1 cards matched","floor":19,"damage_taken":0},{"event_name":"Bonfire Elementals","player_choice":"RARE","floor":28,"damage_taken":0},{"event_name":"The Library","player_choice":"Read","floor":30,"damage_taken":0},{"event_name":"Winding Halls","player_choice":"Embrace Madness","floor":36,"damage_taken":0},{"event_name":"Match and Keep!","player_choice":"1 cards matched","floor":37,"damage_taken":0}],"boss_relics":[{"not_picked":["Runic Dome","Tiny House"],"picked":"The Specimen"},{"not_picked":["Black Star","Snecko Eye"],"picked":"Runic Pyramid"}],"potions_floor_spawned":[6,14,16,20,31],"seed_played":"3386613048169896009","killed_by":"3 Darklings","ascension_level":3,"is_trial":false}