{"gold_per_floor":[113,113,125,143,16,16,47,47,47,63,78,78,78,109,109,204,204,229,254,254,278,103,141,141,141,141,174,249,284,284,165,165,165],"floor_reached":33,"playtime":1085,"items_purged":["Pain","Strike_R","Strike_R"],"score":626,"play_id":"01bc03eb-9165-473d-8d87-8c0151546ba3","local_time":"20190609134614","is_ascension_mode":true,"campfire_choices":[{"data":"Bash","floor":6,"key":"SMITH"},{"data":"Anger","floor":8,"key":"SMITH"},{"data":"Demon Form","floor":15,"key":"SMITH"},{"data":"Feel No Pain","floor":24,"key":"SMITH"},{"data":"Battle Trance","floor":30,"key":"SMITH"},{"floor":32,"key":"REST"}],"neow_cost":"NONE","seed_source_timestamp":9183310557422,"circlet_count":0,"master_deck":["AscendersBane","Strike_R","Strike_R","Strike_R","Defend_R","Defend_R","Defend_R","Defend_R","Bash+1","Anger+1","Pummel","Shrug It Off","Feel No Pain+1","True Grit","Uppercut","Demon Form+1","Fiend Fire","Shrug It Off","Uppercut","Power Through","Battle Trance+1","Second Wind+1","Corruption"],"relics":["Burning Blood","Bronze Scales","WarpedTongs","Question Card","Blue Candle","Golden Idol","Omamori","Snecko Eye","SsserpentHead","Anchor","Happy Flower","Bottled Lightning","Red Skull"],"potions_floor_usage":[16,23,29,29],"damage_taken":[{"damage":2,"enemies":"Jaw Worm","floor":1,"turns":4},{"damage":9,"enemies":"Cultist","floor":3,"turns":3},{"damage":3,"enemies":"2 Louse","floor":4,"turns":3},{"damage":27,"enemies":"Lagavulin","floor":7,"turns":6},{"damage":22,"enemies":"Exordium Thugs","floor":10,"turns":5},{"damage":0,"enemies":"Exordium Wildlife","floor":11,"turns":3},{"damage":12,"enemies":"3 Sentries","floor":14,"turns":9},{"damage":34,"enemies":"Slime Boss","floor":16,"turns":8},{"damage":17,"enemies":"2 Thieves","floor":18,"turns":4},{"damage":2,"enemies":"Chosen","floor":19,"turns":4},{"damage":0,"enemies":"Snecko","floor":21,"turns":3},{"damage":20,"enemies":"Book of Stabbing","floor":23,"turns":4},{"damage":7,"enemies":"Gremlin Leader","floor":27,"turns":6},{"damage":13,"enemies":"Chosen and Byrds","floor":28,"turns":4},{"damage":1,"enemies":"Slavers","floor":29,"turns":5},{"damage":59,"enemies":"Collector","floor":33,"turns":7}],"seed_played":"8821795718216277892","potions_obtained":[{"floor":3,"key":"Poison Potion"},{"floor":11,"key":"FearPotion"},{"floor":27,"key":"Block Potion"},{"floor":28,"key":"Swift Potion"}],"is_trial":false,"path_per_floor":["M","?","M","M","$","R","E","R","T","M","M","?","$","E","R","B",null,"M","M","?","M","$","E","R","$","T","E","M","E","R","$","R","B"],"character_chosen":"IRONCLAD","items_purchased":["Shrug It Off","Power Through","Corruption"],"campfire_rested":1,"item_purchase_floors":[5,22,31],"current_hp_per_floor":[72,72,69,72,72,72,51,51,51,35,41,41,41,35,35,7,53,42,46,46,52,52,38,38,38,38,37,30,35,35,35,55,0],"gold":165,"neow_bonus":"RANDOM_COMMON_RELIC","is_prod":false,"is_daily":false,"chose_seed":false,"campfire_upgraded":5,"win_rate":0,"timestamp":1560113174,"path_taken":["M","?","M","?","$","R","E","R","T","M","M","?","?","E","R","BOSS","M","M","?","M","$","E","R","$","T","E","?","E","R","?","R","BOSS"],"build_version":"2019-06-07","purchased_purges":3,"victory":false,"max_hp_per_floor":[75,75,75,75,75,75,75,75,75,75,75,68,68,68,68,68,68,68,68,68,68,68,68,68,68,68,68,68,68,68,68,68,68],"card_choices":[{"not_picked":["Wild Strike","True Grit"],"picked":"Anger","floor":1},{"not_picked":["Metallicize","Fire Breathing","Rupture"],"picked":"SKIP","floor":3},{"not_picked":["Anger","Heavy Blade"],"picked":"Pummel","floor":4},{"not_picked":["Flex","Headbutt"],"picked":"Feel No Pain","floor":7},{"not_picked":["Twin Strike","Seeing Red","Whirlwind"],"picked":"True Grit","floor":10},{"not_picked":["Sword Boomerang","Havoc","Clothesline"],"picked":"Uppercut","floor":11},{"not_picked":["Clothesline","Shrug It Off","Iron Wave"],"picked":"Demon Form","floor":14},{"not_picked":["Juggernaut","Dark Embrace","Double Tap"],"picked":"Fiend Fire","floor":16},{"not_picked":["Clash+1","Warcry","Carnage","Rupture"],"picked":"SKIP","floor":18},{"not_picked":["Uppercut","Havoc","Body Slam"],"picked":"Shrug It Off","floor":19},{"not_picked":["Armaments","Warcry","True Grit"],"picked":"Uppercut","floor":21},{"not_picked":["Thunderclap","Double Tap","Armaments","Sword Boomerang"],"picked":"SKIP","floor":23},{"not_picked":["Power Through","Sentinel","Perfected Strike"],"picked":"Battle Trance","floor":27},{"not_picked":["Flex","Armaments","Wild Strike","Sword Boomerang"],"picked":"SKIP","floor":28},{"not_picked":["Heavy Blade","Ghostly Armor","Clash"],"picked":"Second Wind+1","floor":29}],"player_experience":1314590,"relics_obtained":[{"floor":7,"key":"Question Card"},{"floor":9,"key":"Blue Candle"},{"floor":14,"key":"Omamori"},{"floor":23,"key":"Anchor"},{"floor":26,"key":"Happy Flower"},{"floor":27,"key":"Bottled Lightning"},{"floor":29,"key":"Red Skull"}],"event_choices":[{"damage_healed":0,"gold_gain":0,"player_choice":"Rummage","damage_taken":0,"relics_obtained":["WarpedTongs"],"max_hp_gain":0,"max_hp_loss":0,"event_name":"Accursed Blacksmith","floor":2,"gold_loss":0,"cards_obtained":["Pain"]},{"damage_healed":0,"gold_gain":0,"player_choice":"Lose Max HP","damage_taken":0,"relics_obtained":["Golden Idol"],"max_hp_gain":0,"max_hp_loss":7,"event_name":"Golden Idol","floor":12,"gold_loss":0},{"damage_healed":0,"gold_gain":0,"player_choice":"Trade","damage_taken":0,"relics_obtained":["SsserpentHead"],"max_hp_gain":0,"max_hp_loss":0,"event_name":"FaceTrader","floor":20,"gold_loss":0}],"is_beta":true,"boss_relics":[{"not_picked":["Lizard Tail","Astrolabe"],"picked":"Snecko Eye"}],"items_purged_floors":[5,22,31],"is_endless":false,"potions_floor_spawned":[3,11,14,27,28],"killed_by":"Collector","ascension_level":20}