{"gold_per_floor":[118,118,136,146,68,101,101,128,177,177,190,219,219,219,219,219],"floor_reached":16,"playtime":389,"items_purged":[],"score":236,"play_id":"4c3bc94c-c7a9-473c-9f21-02b69ce6b423","local_time":"20190605143649","is_ascension_mode":true,"campfire_choices":[{"floor":7.0,"key":"REST"},{"floor":10.0,"key":"REST"},{"data":"Deadly Poison","floor":13,"key":"SMITH"},{"data":"Dash","floor":15,"key":"SMITH"}],"neow_cost":"NONE","seed_source_timestamp":1698250219020994,"circlet_count":0,"master_deck":["AscendersBane","Strike_G","Strike_G+1","Strike_G+1","Strike_G","Defend_G","Defend_G","Defend_G","Defend_G","Defend_G","Survivor","Neutralize","Dodge and Roll","Quick Slash","Flying Knee","Deadly Poison+1","Dagger Spray","Crippling Poison","Backflip","Dash+1"],"special_seed":0,"relics":["Ring of the Snake","NeowsBlessing","Mercury Hourglass","Whetstone","Lantern","Art of War"],"potions_floor_usage":[14,16],"damage_taken":[{"damage":0.0,"enemies":"Small Slimes","floor":1.0,"turns":1.0},{"damage":0.0,"enemies":"Cultist","floor":3.0,"turns":1.0},{"damage":0.0,"enemies":"2 Louse","floor":4.0,"turns":2.0},{"damage":52.0,"enemies":"3 Sentries","floor":6.0,"turns":13.0},{"damage":6.0,"enemies":"Gremlin Nob","floor":8.0,"turns":3.0},{"damage":19,"enemies":"Exordium Thugs","floor":11,"turns":4},{"damage":7,"enemies":"3 Sentries","floor":12,"turns":7},{"damage":32,"enemies":"The Guardian","floor":16,"turns":9}],"seed_played":"-3837498750966830401","potions_obtained":[{"floor":4.0,"key":"Poison Potion"},{"floor":6.0,"key":"FairyPotion"},{"floor":8.0,"key":"LiquidBronze"},{"floor":14,"key":"Fruit Juice"},{"floor":14,"key":"Strength Potion"}],"is_trial":false,"path_per_floor":["M","?","M","M","$","E","R","E","T","R","M","E","R","?","R","B"],"character_chosen":"THE_SILENT","items_purchased":["Deadly Poison","Dagger Spray"],"campfire_rested":2,"item_purchase_floors":[5,5],"current_hp_per_floor":[59,59,59,59,59,7,26,20,20,39,20,13,13,18,18,0],"gold":219,"neow_bonus":"THREE_ENEMY_KILL","is_prod":false,"is_daily":false,"chose_seed":false,"campfire_upgraded":2,"win_rate":0,"timestamp":1559770609,"path_taken":["M","?","?","M","$","E","R","E","T","R","M","E","R","?","R","BOSS"],"build_version":"2019-06-05","purchased_purges":0,"victory":false,"max_hp_per_floor":[66,66,66,66,66,66,66,66,66,66,66,66,66,71,71,71],"card_choices":[{"not_picked":["Outmaneuver","Setup"],"picked":"Dodge and Roll","floor":1.0},{"not_picked":["Backflip","Setup"],"picked":"Quick Slash","floor":3.0},{"not_picked":["Outmaneuver","Bane"],"picked":"Flying Knee","floor":4.0},{"not_picked":["Quick Slash","Reflex"],"picked":"Crippling Poison","floor":6.0},{"not_picked":["Deadly Poison","PiercingWail"],"picked":"Backflip","floor":8.0},{"not_picked":["Deflect","Deadly Poison","Quick Slash"],"picked":"SKIP","floor":11},{"not_picked":["Venomology","Underhanded Strike"],"picked":"Dash","floor":12}],"player_experience":1304465,"relics_obtained":[{"floor":6.0,"key":"Mercury Hourglass"},{"floor":8.0,"key":"Whetstone"},{"floor":9.0,"key":"Lantern"},{"floor":12,"key":"Art of War"}],"event_choices":[{"cards_removed":["Strike_G"],"damage_healed":0.0,"max_hp_gain":0.0,"max_hp_loss":0.0,"gold_gain":0.0,"event_name":"Purifier","player_choice":"Purged","floor":2.0,"gold_loss":0.0,"damage_taken":0.0},{"damage_healed":0,"gold_gain":0,"player_choice":"Got Potions","damage_taken":0,"max_hp_gain":0,"max_hp_loss":0,"event_name":"Lab","floor":14,"gold_loss":0}],"is_beta":true,"boss_relics":[],"items_purged_floors":[],"is_endless":false,"potions_floor_spawned":[4,6,8],"killed_by":"The Guardian","ascension_level":20}