{"gold_per_floor":[110,110,110,54,54,87,87,101,101,101,133,150,168,180,180,251,251,267,278,328,253,271,271],"floor_reached":23,"playtime":607,"items_purged":[],"score":402,"play_id":"1a792bde-a78e-45b6-87f8-b534f8e7dc38","local_time":"20190506134435","is_ascension_mode":true,"campfire_choices":[{"data":"Zap","floor":7,"key":"SMITH"},{"floor":10,"key":"REST"},{"data":"Tempest","floor":15,"key":"SMITH"}],"neow_cost":"PERCENT_DAMAGE","seed_source_timestamp":452293176844098,"circlet_count":0,"master_deck":["AscendersBane","Strike_B","Strike_B","Defend_B","Defend_B","Defend_B","Defend_B","Zap+1","Dualcast","Conserve Battery","Ball Lightning","Barrage","Glacier","Cold Snap","Tempest+1","Core Surge","Coolheaded","Fission","Conserve Battery","BootSequence+1"],"relics":["Cracked Core","Ice Cream","Du-Vu Doll","Mango","Ornamental Fan","Sundial","Velvet Choker"],"potions_floor_usage":[23],"damage_taken":[{"damage":2,"enemies":"2 Louse","floor":1,"turns":3},{"damage":37,"enemies":"Gremlin Nob","floor":6,"turns":4},{"damage":7,"enemies":"Jaw Worm","floor":8,"turns":3},{"damage":6,"enemies":"Lagavulin","floor":11,"turns":5},{"damage":0,"enemies":"Small Slimes","floor":12,"turns":3},{"damage":0,"enemies":"2 Fungi Beasts","floor":13,"turns":3},{"damage":4,"enemies":"Exordium Wildlife","floor":14,"turns":3},{"damage":24,"enemies":"Slime Boss","floor":16,"turns":5},{"damage":5,"enemies":"3 Byrds","floor":18,"turns":4},{"damage":0,"enemies":"Spheric Guardian","floor":19,"turns":3},{"damage":14,"enemies":"Centurion and Healer","floor":22,"turns":7},{"damage":54,"enemies":"Gremlin Leader","floor":23,"turns":6}],"seed_played":"-4123879436586129665","potions_obtained":[{"floor":6,"key":"PowerPotion"},{"floor":11,"key":"Block Potion"},{"floor":13,"key":"Strength Potion"}],"is_trial":false,"path_per_floor":["M","?","T","$","?","E","R","M","T","R","E","M","M","M","R","B",null,"M","M","?","?","M","E"],"character_chosen":"DEFECT","items_purchased":["Ball Lightning"],"campfire_rested":1,"item_purchase_floors":[4],"current_hp_per_floor":[44,37,37,37,60,37,37,30,30,55,49,49,49,45,45,21,69,64,64,64,64,50,0],"gold":271,"neow_bonus":"ONE_RARE_RELIC","is_prod":false,"is_daily":false,"chose_seed":false,"campfire_upgraded":2,"win_rate":0,"timestamp":1557175475,"path_taken":["M","?","?","$","?","E","R","?","T","R","E","M","M","M","R","BOSS","M","M","?","?","?","E"],"build_version":"2019-04-23","purchased_purges":0,"victory":false,"max_hp_per_floor":[71,71,71,71,71,85,85,85,85,85,85,85,85,85,85,85,85,85,85,85,85,85,85],"card_choices":[{"not_picked":["Steam","Hologram"],"picked":"Conserve Battery","floor":1},{"not_picked":["Rebound","Storm"],"picked":"Barrage","floor":6},{"not_picked":["Steam","Double Energy"],"picked":"Glacier","floor":8},{"not_picked":["Hologram","Stack"],"picked":"Cold Snap","floor":11},{"not_picked":["Redo","Static Discharge"],"picked":"Tempest","floor":12},{"not_picked":["Redo","Stack"],"picked":"Core Surge","floor":13},{"not_picked":["Beam Cell","White Noise"],"picked":"Coolheaded","floor":14},{"not_picked":["Rainbow","Amplify"],"picked":"Fission","floor":16},{"not_picked":["Barrage","Go for the Eyes"],"picked":"Conserve Battery","floor":18},{"not_picked":["Conserve Battery","Beam Cell","Force Field"],"picked":"SKIP","floor":19},{"not_picked":["Tempest","Leap"],"picked":"BootSequence+1","floor":22}],"player_experience":1226646,"relics_obtained":[{"floor":3,"key":"Du-Vu Doll"},{"floor":6,"key":"Mango"},{"floor":9,"key":"Ornamental Fan"},{"floor":11,"key":"Sundial"}],"event_choices":[{"cards_removed":["Strike_B"],"damage_healed":0,"gold_gain":0,"player_choice":"Card Removal","damage_taken":7,"max_hp_gain":0,"max_hp_loss":0,"event_name":"Golden Wing","floor":2,"gold_loss":0},{"damage_healed":23,"gold_gain":0,"player_choice":"Banana","damage_taken":0,"max_hp_gain":0,"max_hp_loss":0,"event_name":"Big Fish","floor":5,"gold_loss":0},{"damage_healed":0,"gold_gain":50,"player_choice":"Stole From Cult","damage_taken":0,"max_hp_gain":0,"max_hp_loss":0,"event_name":"Nest","floor":20,"gold_loss":0},{"cards_removed":["Strike_B"],"damage_healed":0,"gold_gain":0,"player_choice":"Gave Gold","damage_taken":0,"max_hp_gain":0,"max_hp_loss":0,"event_name":"Beggar","floor":21,"gold_loss":75}],"is_beta":true,"boss_relics":[{"not_picked":["Nuclear Battery","Sozu"],"picked":"Velvet Choker"}],"items_purged_floors":[],"is_endless":false,"potions_floor_spawned":[6,11,13,16,18],"killed_by":"Gremlin Leader","ascension_level":20}