{"gold_per_floor":[112,37,37,37,37,37,54,54,54,54,54,82,82,95,95,168,168,188,201,201,219,8,8,20,20,20,20,53,3,3,14,14,91,91,109,109,129,79,99,99,112,137,137,163,179,179,179,92,92,92],"floor_reached":50,"playtime":1528,"items_purged":["Strike_G","Slice"],"score":1082,"play_id":"13dc9fee-b9ae-42e9-8f37-4e2b782ad012","local_time":"20190501180711","is_ascension_mode":true,"campfire_choices":[{"data":"Neutralize","floor":6.0,"key":"SMITH"},{"data":"Deadly Poison","floor":8.0,"key":"SMITH"},{"data":"Defend_G","floor":10.0,"key":"SMITH"},{"data":"Dash","floor":13.0,"key":"SMITH"},{"data":"Footwork","floor":15.0,"key":"SMITH"},{"floor":23.0,"key":"REST"},{"floor":25.0,"key":"REST"},{"floor":27.0,"key":"REST"},{"floor":30.0,"key":"REST"},{"floor":32.0,"key":"RECALL"},{"floor":40,"key":"REST"},{"floor":47,"key":"REST"},{"floor":49,"key":"REST"}],"neow_cost":"NONE","seed_source_timestamp":35053540897948,"circlet_count":0,"master_deck":["AscendersBane","Defend_G","Defend_G","Defend_G+1","Defend_G","Strike_G+1","Survivor+1","Neutralize+1","Deadly Poison+1","Dagger Throw","Tactician","Dash+1","Footwork+1","Burst","Footwork+1","Dagger Spray+1","Footwork+1","PiercingWail","A Thousand Cuts","Deflect","Malaise","PiercingWail","Panache","Impatience","Caltrops+1","Bouncing Flask","PiercingWail+1","Well Laid Plans","Predator+1","Catalyst"],"special_seed":0,"relics":["Ring of the Snake","Smiling Mask","The Specimen","Mercury Hourglass","Fusion Hammer","TwistedFunnel","Mummified Hand","Pear","Sozu","Paper Crane","Thread and Needle"],"potions_floor_usage":[],"damage_taken":[{"damage":9.0,"enemies":"Jaw Worm","floor":1.0,"turns":6.0},{"damage":0.0,"enemies":"Small Slimes","floor":7.0,"turns":3.0},{"damage":11.0,"enemies":"Lagavulin","floor":12.0,"turns":6.0},{"damage":0.0,"enemies":"Cultist","floor":14.0,"turns":3.0},{"damage":29.0,"enemies":"Hexaghost","floor":16.0,"turns":11.0},{"damage":0.0,"enemies":"Shell Parasite","floor":18.0,"turns":7.0},{"damage":18.0,"enemies":"Chosen","floor":19.0,"turns":4.0},{"damage":18.0,"enemies":"Snake Plant","floor":21.0,"turns":5.0},{"damage":5.0,"enemies":"Chosen and Byrds","floor":24.0,"turns":6.0},{"damage":18.0,"enemies":"Book of Stabbing","floor":28.0,"turns":7.0},{"damage":8.0,"enemies":"Shelled Parasite and Fungi","floor":31.0,"turns":4.0},{"damage":25.0,"enemies":"Champ","floor":33.0,"turns":15.0},{"damage":0.0,"enemies":"Orb Walker","floor":35.0,"turns":3.0},{"damage":5.0,"enemies":"3 Shapes","floor":37.0,"turns":4.0},{"damage":31,"enemies":"Jaw Worm Horde","floor":39,"turns":5},{"damage":0,"enemies":"3 Darklings","floor":41,"turns":3},{"damage":0,"enemies":"Reptomancer","floor":42,"turns":6},{"damage":17,"enemies":"Nemesis","floor":44,"turns":7},{"damage":0,"enemies":"Writhing Mass","floor":45,"turns":7},{"damage":78,"enemies":"Donu and Deca","floor":50,"turns":7}],"seed_played":"4841698072109778193","potions_obtained":[{"floor":7.0,"key":"Regen Potion"},{"floor":14.0,"key":"Swift Potion"},{"floor":19.0,"key":"PowerPotion"},{"floor":21.0,"key":"Energy Potion"},{"floor":28.0,"key":"SteroidPotion"},{"floor":33.0,"key":"EssenceOfSteel"}],"is_trial":false,"path_per_floor":["M","?","?","$","?","R","M","R","T","R","?","E","R","M","R","B",null,"M","M","?","M","$","R","M","R","T","R","E","$","R","M","R","B",null,"M","?","M","?","M","R","M","E","T","E","M","?","R","$","R","B"],"character_chosen":"THE_SILENT","items_purchased":["TwistedFunnel","Catalyst"],"campfire_rested":7,"item_purchase_floors":[22,48],"current_hp_per_floor":[50,50,30,30,30,30,30,30,30,30,30,34,34,34,34,5,51,51,33,33,15,15,34,29,48,48,66,58,58,76,68,68,43,68,68,58,53,53,22,44,44,44,44,27,27,27,49,49,71,0],"gold":92,"neow_bonus":"RANDOM_COMMON_RELIC","is_prod":false,"is_daily":false,"chose_seed":false,"campfire_upgraded":5,"win_rate":0,"timestamp":1556759231,"path_taken":["M","?","?","$","?","R","M","R","T","R","?","E","R","?","R","BOSS","M","?","?","?","$","R","M","R","T","R","E","?","R","M","R","BOSS","M","?","M","?","M","R","M","E","T","E","?","?","R","$","R","BOSS"],"build_version":"2019-04-23","purchased_purges":2,"victory":false,"max_hp_per_floor":[66,66,66,66,66,66,66,66,66,66,66,66,66,66,66,66,66,66,66,66,66,66,66,66,66,66,66,76,76,76,76,76,76,76,76,76,76,76,76,76,76,76,76,76,76,76,76,76,76,76],"card_choices":[{"not_picked":["Slice","Dodge and Roll"],"picked":"Deadly Poison","floor":1.0},{"not_picked":["Deadly Poison","Blur"],"picked":"Dagger Throw","floor":7.0},{"not_picked":["Crippling Poison","Die Die Die"],"picked":"Dash","floor":12.0},{"not_picked":["Backflip","Flying Knee"],"picked":"Footwork","floor":14.0},{"not_picked":["Phantasmal Killer","Venomology"],"picked":"Burst","floor":16.0},{"not_picked":["Accuracy","Slice"],"picked":"Footwork","floor":18.0},{"not_picked":["Distraction+1","Dagger Throw"],"picked":"Dagger Spray+1","floor":19.0},{"not_picked":["Prepared","Blade Dance"],"picked":"PiercingWail","floor":21.0},{"not_picked":["Prepared","Deadly Poison"],"picked":"A Thousand Cuts","floor":24.0},{"not_picked":["Blade Dance","Quick Slash"],"picked":"Deflect","floor":28.0},{"not_picked":["Heel Hook","Dagger Throw+1","Endless Agony+1"],"picked":"SKIP","floor":31.0},{"not_picked":["Tools of the Trade","A Thousand Cuts"],"picked":"Malaise","floor":33.0},{"not_picked":["Poisoned Stab+1","Acrobatics"],"picked":"PiercingWail","floor":35.0},{"not_picked":["Metamorphosis","Enlightenment"],"picked":"Panache","floor":36.0},{"not_picked":["Deep Breath","Blind"],"picked":"Impatience","floor":36.0},{"not_picked":["Underhanded Strike","Deadly Poison"],"picked":"Caltrops+1","floor":37.0},{"not_picked":["PiercingWail","Bane+1"],"picked":"Bouncing Flask","floor":39},{"not_picked":["Dagger Spray","Blade Dance"],"picked":"PiercingWail+1","floor":41},{"not_picked":["Choke","Flying Knee"],"picked":"Well Laid Plans","floor":42},{"not_picked":["Corpse Explosion","Quick Slash"],"picked":"Predator+1","floor":44},{"not_picked":["Dagger Spray","Setup","Blade Dance"],"picked":"SKIP","floor":45}],"player_experience":1204081,"relics_obtained":[{"floor":9.0,"key":"The Specimen"},{"floor":12.0,"key":"Mercury Hourglass"},{"floor":26.0,"key":"Mummified Hand"},{"floor":28.0,"key":"Pear"},{"floor":42,"key":"Paper Crane"},{"floor":44,"key":"Thread and Needle"}],"event_choices":[{"cards_removed":["Strike_G"],"damage_healed":0.0,"max_hp_gain":0.0,"max_hp_loss":0.0,"gold_gain":0.0,"event_name":"The Cleric","player_choice":"Card Removal","floor":2.0,"gold_loss":75.0,"damage_taken":0.0},{"damage_healed":0.0,"max_hp_gain":0.0,"max_hp_loss":0.0,"gold_gain":0.0,"event_name":"Shining Light","player_choice":"Entered Light","floor":3.0,"gold_loss":0.0,"damage_taken":20.0,"cards_upgraded":["Defend_G","Strike_G"]},{"damage_healed":0.0,"max_hp_gain":0.0,"max_hp_loss":0.0,"gold_gain":0.0,"cards_transformed":["Strike_G"],"event_name":"Living Wall","player_choice":"Change","floor":5.0,"gold_loss":0.0,"damage_taken":0.0,"cards_obtained":["Slice"]},{"damage_healed":0.0,"max_hp_gain":0.0,"max_hp_loss":0.0,"gold_gain":0.0,"cards_transformed":["Strike_G"],"event_name":"Transmorgrifier","player_choice":"Transformed","floor":11.0,"gold_loss":0.0,"damage_taken":0.0,"cards_obtained":["Tactician"]},{"damage_healed":0.0,"max_hp_gain":0.0,"max_hp_loss":0.0,"gold_gain":0.0,"event_name":"Duplicator","player_choice":"Copied","floor":20.0,"gold_loss":0.0,"damage_taken":0.0,"cards_obtained":["Footwork"]},{"damage_healed":0.0,"max_hp_gain":0.0,"max_hp_loss":0.0,"gold_gain":0.0,"event_name":"SensoryStone","player_choice":"Memory 3","floor":36.0,"gold_loss":0.0,"damage_taken":10.0},{"damage_healed":0.0,"max_hp_gain":0.0,"max_hp_loss":0.0,"gold_gain":0.0,"event_name":"Designer","player_choice":"Upgraded Two","floor":38.0,"gold_loss":50.0,"damage_taken":0.0,"cards_upgraded":["Survivor","Footwork"]},{"cards_removed":["Defend_G"],"damage_healed":0,"gold_gain":0,"player_choice":"Removed Skill","damage_taken":0,"max_hp_gain":0,"max_hp_loss":0,"event_name":"Falling","floor":46,"gold_loss":0}],"is_beta":true,"boss_relics":[{"not_picked":["Calling Bell","Pandora\u0027s Box"],"picked":"Fusion Hammer"},{"not_picked":["Empty Cage","Tiny House"],"picked":"Sozu"}],"items_purged_floors":[29,48],"is_endless":false,"potions_floor_spawned":[7,14,19,21,28,33,35,39,41,44],"killed_by":"Donu and Deca","ascension_level":20}