{"gold_per_floor":[117,128,142,153,153,183,183,183,183,183,194,119,119,138,138,209,209,221,237,237],"floor_reached":20,"playtime":1057,"items_purged":["Parasite"],"score":326,"play_id":"2ee42ef0-7017-4dec-9bd2-5541a8279a03","local_time":"20190413161622","is_ascension_mode":true,"campfire_choices":[{"data":"Berserk","floor":7,"key":"SMITH"},{"data":"Shrug It Off","floor":13,"key":"SMITH"},{"floor":15,"key":"REST"}],"neow_cost":"NONE","seed_source_timestamp":154682686874173,"circlet_count":0,"master_deck":["AscendersBane","Bash","Berserk+1","Shrug It Off+1","Clothesline","Shrug It Off","Pommel Strike","Shrug It Off","Reaper","Limit Break","Evolve","Fiend Fire","Barricade","Entrench","Intimidate","Dual Wield","Seeing Red","Feel No Pain","Pommel Strike","Corruption"],"relics":["Burning Blood","Du-Vu Doll","Shuriken","Pandora\u0027s Box"],"potions_floor_usage":[16,16,19],"damage_taken":[{"damage":7,"enemies":"Small Slimes","floor":1,"turns":4},{"damage":10,"enemies":"2 Louse","floor":2,"turns":3},{"damage":4,"enemies":"Cultist","floor":3,"turns":3},{"damage":30,"enemies":"Large Slime","floor":4,"turns":9},{"damage":45,"enemies":"Lagavulin","floor":6,"turns":9},{"damage":3,"enemies":"Looter","floor":11,"turns":3},{"damage":12,"enemies":"Lots of Slimes","floor":14,"turns":5},{"damage":35,"enemies":"Slime Boss","floor":16,"turns":12},{"damage":24,"enemies":"Shell Parasite","floor":18,"turns":12},{"damage":36,"enemies":"Spheric Guardian","floor":19,"turns":7},{"damage":31,"enemies":"Cultist and Chosen","floor":20,"turns":3}],"seed_played":"-9121135379249250977","potions_obtained":[{"floor":2,"key":"SkillPotion"},{"floor":6,"key":"Fire Potion"},{"floor":16,"key":"Block Potion"},{"floor":19,"key":"SpeedPotion"}],"is_trial":false,"path_per_floor":["M","M","M","M","?","E","R","?","T","?","M","$","R","M","R","B",null,"M","M","M"],"character_chosen":"IRONCLAD","items_purchased":[],"campfire_rested":1,"item_purchase_floors":[],"current_hp_per_floor":[67,63,65,41,46,7,7,27,27,27,30,30,30,24,47,18,62,50,20,0],"gold":237,"neow_bonus":"ONE_RANDOM_RARE_CARD","is_prod":false,"is_daily":false,"chose_seed":false,"campfire_upgraded":2,"win_rate":0,"timestamp":1555164982,"path_taken":["M","M","M","M","?","E","R","?","T","?","M","$","R","M","R","BOSS","M","M","?"],"build_version":"2019-01-23","purchased_purges":1,"victory":false,"max_hp_per_floor":[75,75,75,75,80,80,80,80,80,80,80,77,77,77,77,77,77,77,77,77],"card_choices":[{"not_picked":["Iron Wave","Sword Boomerang"],"picked":"Shrug It Off","floor":1},{"not_picked":["Wild Strike","Clash"],"picked":"Clothesline","floor":2},{"not_picked":["Clash","Uppercut","Sword Boomerang"],"picked":"SKIP","floor":3},{"not_picked":["Clash","Uppercut","Sword Boomerang"],"picked":"SKIP","floor":3},{"not_picked":["Twin Strike","Warcry"],"picked":"Shrug It Off","floor":4},{"not_picked":["Heavy Blade","Fire Breathing"],"picked":"Pommel Strike","floor":6},{"not_picked":["Battle Trance","Iron Wave"],"picked":"Shrug It Off","floor":11},{"not_picked":["Blood for Blood","Clash"],"picked":"Reaper","floor":14},{"not_picked":["Berserk","Barricade"],"picked":"Limit Break","floor":16},{"not_picked":["Warcry","Body Slam"],"picked":"Pommel Strike","floor":18},{"not_picked":["Dropkick+1","Carnage"],"picked":"Corruption","floor":19}],"player_experience":490931,"relics_obtained":[{"floor":6,"key":"Du-Vu Doll"},{"floor":9,"key":"Shuriken"}],"event_choices":[{"damage_healed":0,"gold_gain":0,"player_choice":"Donut","damage_taken":0,"max_hp_gain":5,"max_hp_loss":0,"event_name":"Big Fish","floor":5,"gold_loss":0},{"damage_healed":20,"gold_gain":0,"player_choice":"Healed and dodged fight","damage_taken":0,"max_hp_gain":0,"max_hp_loss":0,"event_name":"Mushrooms","floor":8,"gold_loss":0,"cards_obtained":["Parasite"]},{"cards_removed":["Strike_R"],"damage_healed":0,"gold_gain":0,"player_choice":"Purged","damage_taken":0,"max_hp_gain":0,"max_hp_loss":0,"event_name":"Purifier","floor":10,"gold_loss":0}],"is_beta":false,"boss_relics":[{"not_picked":["Astrolabe","Black Star"],"picked":"Pandora\u0027s Box"}],"items_purged_floors":[12],"is_endless":false,"potions_floor_spawned":[2,6,16,19],"killed_by":"Cultist and Chosen","ascension_level":17}