{"gold_per_floor":[112,131,147,164,177,203,218,218,218,218,229,240,258,285,285,384,384,400,386,396,495,506,506,531,531,606,521,540,62,62,97,97,192,192,205,218,238,257,275,275,275,275,328,341,0,0,16,16,16,16],"floor_reached":50,"playtime":2118,"items_purged":["Strike_R","Strike_R"],"score":552,"play_id":"9c651d6d-12f3-4c22-a5b7-0d275c07f5d1","local_time":"20190610160547","is_ascension_mode":false,"campfire_choices":[{"data":"Armaments","floor":8.0,"key":"SMITH"},{"data":"Body Slam","floor":10.0,"key":"SMITH"},{"data":"Demon Form","floor":15.0,"key":"SMITH"},{"data":"Berserk","floor":23.0,"key":"SMITH"},{"data":"Carnage","floor":25.0,"key":"SMITH"},{"data":"Shrug It Off","floor":30.0,"key":"SMITH"},{"floor":32.0,"key":"REST"},{"floor":40.0,"key":"REST"},{"data":"Bash","floor":42.0,"key":"SMITH"},{"floor":49.0,"key":"REST"}],"neow_cost":"NONE","seed_source_timestamp":0,"circlet_count":0,"master_deck":["Strike_R","Strike_R","Strike_R+1","Defend_R","Defend_R","Defend_R","Defend_R","Bash+1","Flex","Shrug It Off+1","Iron Wave+1","Cleave","Demon Form+1","Armaments+1","Body Slam+1","Battle Trance","Pommel Strike","Carnage+1","Pommel Strike","Berserk+1","Cleave","Body Slam+1","Seeing Red+1","Immolate+1","True Grit+1","Writhe","Transmutation","Metallicize","Bandage Up"],"special_seed":0,"relics":["Burning Blood","NeowsBlessing","Whetstone","Bottled Lightning","Sundial","Busted Crown","Lantern","Mummified Hand","Mango","Molten Egg 2","Strawberry","Paper Frog","Runic Pyramid","Anchor","Red Mask"],"potions_floor_usage":[50,50,50],"damage_taken":[{"damage":0.0,"enemies":"Jaw Worm","floor":1.0,"turns":1.0},{"damage":0.0,"enemies":"Small Slimes","floor":2.0,"turns":1.0},{"damage":0.0,"enemies":"2 Louse","floor":3.0,"turns":1.0},{"damage":5.0,"enemies":"2 Fungi Beasts","floor":4.0,"turns":4.0},{"damage":0.0,"enemies":"Looter","floor":5.0,"turns":4.0},{"damage":16.0,"enemies":"Lagavulin","floor":6.0,"turns":5.0},{"damage":2.0,"enemies":"Large Slime","floor":7.0,"turns":5.0},{"damage":0.0,"enemies":"Blue Slaver","floor":11.0,"turns":4.0},{"damage":7.0,"enemies":"3 Louse","floor":12.0,"turns":3.0},{"damage":0.0,"enemies":"Large Slime","floor":13.0,"turns":3.0},{"damage":8.0,"enemies":"3 Sentries","floor":14.0,"turns":8.0},{"damage":40.0,"enemies":"Slime Boss","floor":16.0,"turns":8.0},{"damage":14.0,"enemies":"3 Byrds","floor":18.0,"turns":4.0},{"damage":15.0,"enemies":"2 Thieves","floor":19.0,"turns":4.0},{"damage":43.0,"enemies":"Snake Plant","floor":20.0,"turns":3.0},{"damage":8.0,"enemies":"3 Cultists","floor":22.0,"turns":4.0},{"damage":0.0,"enemies":"Gremlin Leader","floor":24.0,"turns":5.0},{"damage":9.0,"enemies":"Chosen and Byrds","floor":28.0,"turns":4.0},{"damage":16.0,"enemies":"Slavers","floor":31.0,"turns":5.0},{"damage":49.0,"enemies":"Collector","floor":33.0,"turns":6.0},{"damage":8.0,"enemies":"Orb Walker","floor":35.0,"turns":3.0},{"damage":4.0,"enemies":"3 Shapes","floor":36.0,"turns":2.0},{"damage":0.0,"enemies":"Jaw Worm Horde","floor":37.0,"turns":2.0},{"damage":21.0,"enemies":"4 Shapes","floor":38.0,"turns":5.0},{"damage":78.0,"enemies":"Writhing Mass","floor":39.0,"turns":4.0},{"damage":24.0,"enemies":"Jaw Worm Horde","floor":44.0,"turns":4.0},{"damage":33.0,"enemies":"4 Shapes","floor":47.0,"turns":3.0},{"damage":68,"enemies":"Awakened One","floor":50,"turns":4}],"seed_played":"2770181973258672726","potions_obtained":[{"floor":2.0,"key":"LiquidBronze"},{"floor":4.0,"key":"Energy Potion"},{"floor":7.0,"key":"EssenceOfSteel"},{"floor":14.0,"key":"BloodPotion"},{"floor":19.0,"key":"EssenceOfSteel"},{"floor":20.0,"key":"Poison Potion"},{"floor":22.0,"key":"LiquidBronze"},{"floor":35.0,"key":"Block Potion"},{"floor":36.0,"key":"Swift Potion"},{"floor":39.0,"key":"EssenceOfSteel"},{"floor":44.0,"key":"EssenceOfSteel"}],"is_trial":false,"path_per_floor":["M","M","M","M","M","E","M","R","T","R","M","M","M","E","R","B",null,"M","M","M","?","M","R","E","R","T","?","M","$","R","E","R","B",null,"M","M","M","M","M","R","?","R","T","M","$","?","M","?","R","B"],"character_chosen":"IRONCLAD","items_purchased":["Molten Egg 2","Strawberry","Transmutation","AttackPotion"],"campfire_rested":3,"item_purchase_floors":[29,29,45,45],"current_hp_per_floor":[80,80,80,80,80,70,74,74,74,74,80,79,80,78,78,44,80,72,71,34,34,32,32,38,38,38,52,49,56,56,46,76,33,101,99,101,101,86,14,44,69,69,69,51,51,51,24,24,54,0],"gold":16,"neow_bonus":"THREE_ENEMY_KILL","is_prod":false,"is_daily":false,"chose_seed":false,"campfire_upgraded":7,"win_rate":0,"timestamp":1560179147,"path_taken":["M","M","M","M","M","E","M","R","T","R","M","M","M","E","R","BOSS","M","M","M","?","M","R","E","R","T","?","M","$","R","E","R","BOSS","M","M","M","M","M","R","?","R","T","M","$","?","M","?","R","BOSS"],"build_version":"2019-01-23","purchased_purges":2,"victory":false,"max_hp_per_floor":[80,80,80,80,80,80,80,80,80,80,80,80,80,80,80,80,80,80,80,80,80,80,80,80,80,80,94,94,101,101,101,101,101,101,101,101,101,101,101,101,101,101,101,101,101,101,101,101,101,101],"card_choices":[{"not_picked":["Anger","Havoc"],"picked":"Flex","floor":1.0},{"not_picked":["Sword Boomerang","Evolve"],"picked":"Shrug It Off","floor":2.0},{"not_picked":["Warcry","Double Tap"],"picked":"Iron Wave","floor":3.0},{"not_picked":["Anger","Clothesline"],"picked":"Cleave","floor":4.0},{"not_picked":["Clash","Sentinel"],"picked":"Demon Form","floor":5.0},{"not_picked":["Wild Strike","Disarm"],"picked":"Armaments","floor":6.0},{"not_picked":["Cleave","Carnage"],"picked":"Body Slam","floor":7.0},{"not_picked":["Thunderclap","Body Slam"],"picked":"Battle Trance","floor":11.0},{"not_picked":["Bloodletting","Armaments"],"picked":"Pommel Strike","floor":12.0},{"not_picked":["Perfected Strike","Bloodletting"],"picked":"Carnage","floor":13.0},{"not_picked":["Entrench","Wild Strike"],"picked":"Pommel Strike","floor":14.0},{"not_picked":["Offering","Juggernaut"],"picked":"Berserk","floor":16.0},{"not_picked":[],"picked":"Cleave","floor":18.0},{"not_picked":[],"picked":"Body Slam+1","floor":19.0},{"not_picked":["Second Wind+1"],"picked":"SKIP","floor":20.0},{"not_picked":["Armaments+1"],"picked":"SKIP","floor":22.0},{"not_picked":[],"picked":"Seeing Red+1","floor":24.0},{"not_picked":["Clash"],"picked":"SKIP","floor":28.0},{"not_picked":["Thunderclap+1"],"picked":"SKIP","floor":31.0},{"not_picked":[],"picked":"Immolate+1","floor":33.0},{"not_picked":["Hemokinesis+1"],"picked":"SKIP","floor":35.0},{"not_picked":["Warcry"],"picked":"SKIP","floor":36.0},{"not_picked":["Flex+1"],"picked":"SKIP","floor":37.0},{"not_picked":["Perfected Strike+1"],"picked":"SKIP","floor":38.0},{"not_picked":[],"picked":"True Grit+1","floor":39.0},{"not_picked":["Warcry+1"],"picked":"SKIP","floor":44.0},{"not_picked":[],"picked":"Metallicize","floor":47.0},{"not_picked":[],"picked":"Bandage Up","floor":48.0}],"player_experience":785701,"relics_obtained":[{"floor":6.0,"key":"Whetstone"},{"floor":9.0,"key":"Bottled Lightning"},{"floor":14.0,"key":"Sundial"},{"floor":24.0,"key":"Lantern"},{"floor":26.0,"key":"Mummified Hand"},{"floor":31.0,"key":"Paper Frog"},{"floor":43.0,"key":"Anchor"}],"event_choices":[{"damage_healed":0.0,"max_hp_gain":0.0,"max_hp_loss":0.0,"gold_gain":99.0,"event_name":"Nest","player_choice":"Stole From Cult","floor":21.0,"gold_loss":0.0,"damage_taken":0.0},{"damage_healed":0.0,"max_hp_gain":0.0,"max_hp_loss":0.0,"gold_gain":0.0,"event_name":"Addict","player_choice":"Obtained Relic","floor":27.0,"gold_loss":85.0,"damage_taken":0.0,"relics_obtained":["Mango"]},{"damage_healed":25.0,"max_hp_gain":0.0,"max_hp_loss":0.0,"gold_gain":0.0,"event_name":"Winding Halls","player_choice":"Writhe","floor":41.0,"gold_loss":0.0,"damage_taken":0.0,"cards_obtained":["Writhe"]},{"damage_healed":0.0,"max_hp_gain":0.0,"max_hp_loss":0.0,"gold_gain":0.0,"event_name":"Tomb of Lord Red Mask","player_choice":"Paid","floor":46.0,"gold_loss":0.0,"damage_taken":0.0,"relics_obtained":["Red Mask"]},{"damage_healed":0.0,"max_hp_gain":0.0,"max_hp_loss":0.0,"gold_gain":0.0,"event_name":"SensoryStone","player_choice":"Memory 1","floor":48.0,"gold_loss":0.0,"damage_taken":0.0}],"is_beta":false,"boss_relics":[{"not_picked":["White Beast Statue","Ectoplasm"],"picked":"Busted Crown"},{"not_picked":["Black Star","Runic Cube"],"picked":"Runic Pyramid"}],"items_purged_floors":[29,45],"is_endless":false,"potions_floor_spawned":[2,4,7,14,16,18,19,20,22,35,36,39,44],"killed_by":"Awakened One","ascension_level":0}