{"gold_per_floor":[17,29,48,48,28,58,58,70,94,109,109],"floor_reached":11,"playtime":501,"items_purged":[],"score":77,"play_id":"5f8edb78-fadd-4f85-811c-9eb517b2cda3","local_time":"20190606111810","is_ascension_mode":false,"campfire_choices":[{"data":"Barricade","floor":7.0,"key":"SMITH"}],"neow_cost":"NO_GOLD","seed_source_timestamp":5908223236629,"circlet_count":0,"master_deck":["Strike_R","Strike_R","Strike_R","Strike_R","Strike_R","Defend_R","Defend_R","Defend_R","Bash","Barricade+1","Metallicize","Warcry","Whirlwind","Shrug It Off","Cleave","Inflame","True Grit"],"special_seed":0,"relics":["Burning Blood","Happy Flower","Smiling Mask"],"potions_floor_usage":[11],"damage_taken":[{"damage":0.0,"enemies":"2 Louse","floor":1.0,"turns":4.0},{"damage":18.0,"enemies":"Small Slimes","floor":2.0,"turns":7.0},{"damage":0.0,"enemies":"Cultist","floor":3.0,"turns":2.0},{"damage":25.0,"enemies":"Exordium Thugs","floor":5.0,"turns":4.0},{"damage":45.0,"enemies":"3 Sentries","floor":6.0,"turns":11.0},{"damage":4.0,"enemies":"Large Slime","floor":8.0,"turns":7.0},{"damage":19.0,"enemies":"3 Louse","floor":10.0,"turns":2.0},{"damage":8,"enemies":"Lagavulin","floor":11,"turns":5}],"seed_played":"-1179699618765567296","potions_obtained":[{"floor":1.0,"key":"Swift Potion"},{"floor":2.0,"key":"SteroidPotion"},{"floor":3.0,"key":"Weak Potion"},{"floor":5.0,"key":"Regen Potion"}],"is_trial":false,"path_per_floor":["M","M","M","?","M","E","R","M","T","M","E"],"character_chosen":"IRONCLAD","items_purchased":[],"campfire_rested":0,"item_purchase_floors":[],"current_hp_per_floor":[80,68,74,67,48,24,24,26,26,13,5],"gold":109,"neow_bonus":"THREE_RARE_CARDS","is_prod":false,"is_daily":false,"chose_seed":false,"campfire_upgraded":1,"win_rate":0,"timestamp":1559816290,"path_taken":["M","M","M","?","M","E","R","M","T","M","E"],"build_version":"2019-01-23","purchased_purges":0,"victory":false,"max_hp_per_floor":[80,80,80,80,80,80,80,80,80,80,80],"card_choices":[{"not_picked":["Reaper","Offering"],"picked":"Barricade","floor":0.0},{"not_picked":["Clash","Pummel"],"picked":"Metallicize","floor":1.0},{"not_picked":["Flex","Entrench"],"picked":"Warcry","floor":2.0},{"not_picked":["Dropkick","Havoc"],"picked":"Whirlwind","floor":3.0},{"not_picked":["Perfected Strike","Headbutt"],"picked":"Shrug It Off","floor":5.0},{"not_picked":["Shrug It Off","Warcry"],"picked":"Cleave","floor":6.0},{"not_picked":["Rage","Iron Wave"],"picked":"Inflame","floor":8.0},{"not_picked":["Sentinel","Shrug It Off"],"picked":"True Grit","floor":10.0}],"player_experience":763345,"relics_obtained":[{"floor":6.0,"key":"Happy Flower"},{"floor":9.0,"key":"Smiling Mask"}],"event_choices":[{"cards_removed":["Defend_R"],"damage_healed":0.0,"max_hp_gain":0.0,"max_hp_loss":0.0,"gold_gain":0.0,"event_name":"Golden Wing","player_choice":"Card Removal","floor":4.0,"gold_loss":0.0,"damage_taken":7.0}],"is_beta":false,"boss_relics":[],"items_purged_floors":[],"is_endless":false,"potions_floor_spawned":[1,2,3,5],"killed_by":"Lagavulin","ascension_level":0}