{"gold_per_floor":[117,127,12,29,48,48,75,75,75,75,15,15,15,15,15,15],"floor_reached":16,"playtime":496,"items_purged":["Strike_B"],"score":191,"play_id":"1f991d88-005c-4b72-abb7-e7560f5ca9af","local_time":"20190422225337","is_ascension_mode":true,"campfire_choices":[{"data":"Capacitor","floor":6,"key":"SMITH"},{"data":"Buffer","floor":10,"key":"SMITH"},{"data":"Leap","floor":12,"key":"SMITH"},{"data":"Dualcast","floor":15,"key":"SMITH"}],"neow_cost":"NONE","seed_source_timestamp":956715975340680,"circlet_count":0,"master_deck":["AscendersBane","Strike_B","Strike_B","Defend_B","Defend_B","Defend_B","Defend_B","Zap+1","Dualcast+1","Cold Snap","Cold Snap","Capacitor+1","Leap+1","Ball Lightning","Buffer+1"],"relics":["Cracked Core","Kunai","The Courier"],"potions_floor_usage":[],"damage_taken":[{"damage":17,"enemies":"Small Slimes","floor":1,"turns":3},{"damage":0,"enemies":"2 Louse","floor":2,"turns":2},{"damage":0,"enemies":"Jaw Worm","floor":4,"turns":5},{"damage":10,"enemies":"Large Slime","floor":5,"turns":6},{"damage":16,"enemies":"3 Sentries","floor":7,"turns":8},{"damage":47,"enemies":"Hexaghost","floor":16,"turns":12}],"seed_played":"7882358807121863700","potions_obtained":[{"floor":1,"key":"FocusPotion"},{"floor":4,"key":"Energy Potion"}],"is_trial":false,"path_per_floor":["M","M","$","M","M","R","E","?","T","R","$","R","?","$","R","B"],"character_chosen":"DEFECT","items_purchased":["Capacitor","Leap"],"campfire_rested":0,"item_purchase_floors":[3,3],"current_hp_per_floor":[47,47,47,47,37,37,21,21,21,21,21,21,44,44,44,0],"gold":15,"neow_bonus":"UPGRADE_CARD","is_prod":false,"is_daily":false,"chose_seed":false,"campfire_upgraded":4,"win_rate":0,"timestamp":1555966417,"path_taken":["M","M","$","M","M","R","E","?","T","R","$","R","?","$","R","BOSS"],"build_version":"2019-01-23","purchased_purges":1,"victory":false,"max_hp_per_floor":[71,71,71,71,71,71,71,71,71,71,71,71,71,71,71,71],"card_choices":[{"not_picked":["Recycle","Redo"],"picked":"Cold Snap","floor":1},{"not_picked":["Darkness","Go for the Eyes"],"picked":"Cold Snap","floor":2},{"not_picked":["Stack","Redo","Aggregate"],"picked":"SKIP","floor":4},{"not_picked":["Stack","Redo","Aggregate"],"picked":"SKIP","floor":4},{"not_picked":["Fusion","Steam Power"],"picked":"Ball Lightning","floor":5},{"not_picked":["Compile Driver","Barrage"],"picked":"Buffer","floor":7}],"player_experience":517613,"relics_obtained":[{"floor":7,"key":"Kunai"},{"floor":9,"key":"The Courier"}],"event_choices":[{"cards_removed":["Strike_B"],"damage_healed":0,"gold_gain":0,"player_choice":"Forget","damage_taken":0,"max_hp_gain":0,"max_hp_loss":0,"event_name":"Living Wall","floor":8,"gold_loss":0},{"damage_healed":23,"gold_gain":0,"player_choice":"Banana","damage_taken":0,"max_hp_gain":0,"max_hp_loss":0,"event_name":"Big Fish","floor":13,"gold_loss":0}],"is_beta":false,"boss_relics":[],"items_purged_floors":[11],"is_endless":false,"potions_floor_spawned":[1,4],"killed_by":"Hexaghost","ascension_level":19}