{"gold_per_floor":[112,132,147,160,170,170,245,245,245,245,276,293,164,180,180,259,259,276,201,201,218,218,218,244,244,314,67,67,79,79,79,79,150,150,164,177,187,287,301,301,301,301,378,378,378,378,237,85,85,85],"floor_reached":51,"playtime":2339,"items_purged":["Strike_R"],"score":1160,"play_id":"76cc5c4e-fa96-455c-b663-3d11382dc159","local_time":"20190324174201","is_ascension_mode":true,"campfire_choices":[{"data":"Searing Blow","floor":6,"key":"SMITH"},{"data":"Searing Blow+1","floor":10,"key":"SMITH"},{"floor":15,"key":"REST"},{"data":"Searing Blow+2","floor":23,"key":"SMITH"},{"data":"Searing Blow+3","floor":28,"key":"SMITH"},{"data":"Searing Blow+4","floor":30,"key":"SMITH"},{"data":"Searing Blow+5","floor":32,"key":"SMITH"},{"data":"Searing Blow+6","floor":40,"key":"SMITH"},{"data":"Searing Blow+7","floor":41,"key":"SMITH"},{"data":"Searing Blow+8","floor":42,"key":"SMITH"},{"data":"Searing Blow+9","floor":44,"key":"SMITH"},{"data":"Searing Blow+10","floor":49,"key":"SMITH"}],"neow_cost":"PERCENT_DAMAGE","seed_source_timestamp":24529964115756644,"circlet_count":0,"master_deck":["AscendersBane","Defend_R+1","Defend_R+1","Defend_R+1","Defend_R+1","Bash","Searing Blow+11","Shrug It Off","True Grit+1","Shrug It Off+1","Limit Break+1","Shockwave+1","Shrug It Off+1","Bite","Bite","Bite","Bite","Bite","Panacea+1","Double Tap+1"],"relics":["Burning Blood","Incense Burner","Orichalcum","Toxic Egg 2","Magic Flower","Busted Crown","Prayer Wheel","Gremlin Horn","Vajra","Sozu","WingedGreaves","Darkstone Periapt","Bronze Scales"],"potions_floor_usage":[2,16,16,33,50],"damage_taken":[{"damage":6,"enemies":"Cultist","floor":1,"turns":4},{"damage":6,"enemies":"Small Slimes","floor":2,"turns":3},{"damage":4,"enemies":"Jaw Worm","floor":3,"turns":5},{"damage":7,"enemies":"3 Louse","floor":4,"turns":5},{"damage":0,"enemies":"Large Slime","floor":5,"turns":5},{"damage":16,"enemies":"3 Sentries","floor":11,"turns":9},{"damage":21,"enemies":"Exordium Thugs","floor":12,"turns":9},{"damage":8,"enemies":"Blue Slaver","floor":14,"turns":3},{"damage":35,"enemies":"Slime Boss","floor":16,"turns":18},{"damage":12,"enemies":"Shell Parasite","floor":18,"turns":6},{"damage":36,"enemies":"Colosseum Slavers","floor":20,"turns":7},{"damage":0,"enemies":"Chosen","floor":21,"turns":6},{"damage":39,"enemies":"Slavers","floor":24,"turns":12},{"damage":5,"enemies":"Centurion and Healer","floor":29,"turns":7},{"damage":54,"enemies":"Automaton","floor":33,"turns":9},{"damage":10,"enemies":"Orb Walker","floor":35,"turns":3},{"damage":4,"enemies":"3 Shapes","floor":36,"turns":6},{"damage":8,"enemies":"3 Darklings","floor":37,"turns":7},{"damage":0,"enemies":"Mind Bloom Boss Battle","floor":38,"turns":6},{"damage":8,"enemies":"Sphere and 2 Shapes","floor":39,"turns":6},{"damage":47,"enemies":"Awakened One","floor":50,"turns":10}],"seed_played":"2677252556076844671","potions_obtained":[{"floor":2,"key":"Fruit Juice"},{"floor":4,"key":"Swift Potion"},{"floor":5,"key":"Ancient Potion"},{"floor":14,"key":"Strength Potion"},{"floor":21,"key":"SpeedPotion"},{"floor":24,"key":"GamblersBrew"},{"floor":29,"key":"Explosive Potion"},{"floor":33,"key":"Weak Potion"}],"is_trial":false,"path_per_floor":["M","M","M","M","M","R","?","?","T","R","E","M","$","M","R","B",null,"M","?","?","M","?","R","E","?","T","$","R","M","R","$","R","B",null,"M","M","M","?","M","R","R","R","T","R","?","?","$","$","R","B",null],"character_chosen":"IRONCLAD","items_purchased":["Shrug It Off+1","Vajra","Panacea+1","Double Tap+1","Bronze Scales"],"campfire_rested":1,"item_purchase_floors":[13,27,27,47,48],"current_hp_per_floor":[50,55,57,56,62,62,51,33,33,33,23,11,11,12,36,10,63,60,60,33,42,42,42,12,12,12,12,12,43,43,43,43,28,49,56,56,56,56,56,56,56,56,56,56,56,56,56,56,56,36],"gold":85,"neow_bonus":"ONE_RARE_RELIC","is_prod":false,"is_daily":false,"chose_seed":false,"campfire_upgraded":11,"win_rate":0,"timestamp":1553445721,"path_taken":["M","M","M","M","M","R","?","?","T","R","E","M","$","M","R","BOSS","M","?","?","M","?","R","E","?","T","$","R","?","R","$","R","BOSS","M","M","M","?","M","R","R","R","T","R","?","?","?","$","R","BOSS"],"build_version":"2019-01-23","purchased_purges":1,"victory":true,"max_hp_per_floor":[75,80,80,80,80,80,80,80,80,80,80,80,80,80,80,80,80,80,80,80,80,80,80,80,56,56,56,56,56,56,56,56,56,56,56,56,56,56,56,56,56,56,56,56,56,56,56,56,56,56],"card_choices":[{"not_picked":["Thunderclap","Clash"],"picked":"Searing Blow","floor":1},{"not_picked":["Seeing Red","Sword Boomerang"],"picked":"Shrug It Off","floor":2},{"not_picked":["Juggernaut","Second Wind","Infernal Blade"],"picked":"SKIP","floor":3},{"not_picked":["Havoc","Pummel"],"picked":"Inflame","floor":4},{"not_picked":["Perfected Strike","Iron Wave","Spot Weakness"],"picked":"SKIP","floor":5},{"not_picked":["Clothesline","Whirlwind","Feel No Pain"],"picked":"SKIP","floor":11},{"not_picked":["Headbutt","Rage+1"],"picked":"True Grit+1","floor":12},{"not_picked":["Warcry+1","Feel No Pain","Searing Blow"],"picked":"SKIP","floor":14},{"not_picked":["Fiend Fire","Bludgeon"],"picked":"Limit Break+1","floor":16},{"not_picked":["Sword Boomerang"],"picked":"SKIP","floor":18},{"not_picked":[],"picked":"Shockwave+1","floor":21},{"not_picked":[],"picked":"Shrug It Off+1","floor":24},{"not_picked":["Sword Boomerang"],"picked":"SKIP","floor":29},{"not_picked":["Body Slam"],"picked":"SKIP","floor":29},{"not_picked":["Warcry+1"],"picked":"SKIP","floor":35},{"not_picked":["Iron Wave"],"picked":"SKIP","floor":35},{"not_picked":["Body Slam"],"picked":"SKIP","floor":36},{"not_picked":["Whirlwind"],"picked":"SKIP","floor":36},{"not_picked":["Bludgeon"],"picked":"SKIP","floor":37},{"not_picked":["Clash"],"picked":"SKIP","floor":37},{"not_picked":["Power Through+1"],"picked":"SKIP","floor":39},{"not_picked":["Wild Strike+1"],"picked":"SKIP","floor":39}],"player_experience":459172,"relics_obtained":[{"floor":9,"key":"Toxic Egg 2"},{"floor":11,"key":"Magic Flower"},{"floor":24,"key":"Prayer Wheel"},{"floor":26,"key":"Gremlin Horn"},{"floor":38,"key":"WingedGreaves"},{"floor":43,"key":"Darkstone Periapt"}],"event_choices":[{"damage_healed":0,"gold_gain":75,"player_choice":"Gather Gold","damage_taken":11,"max_hp_gain":0,"max_hp_loss":0,"event_name":"World of Goop","floor":7,"gold_loss":0},{"damage_healed":0,"gold_gain":0,"player_choice":"Success","damage_taken":18,"relics_obtained":["Orichalcum"],"max_hp_gain":0,"max_hp_loss":0,"event_name":"Scrap Ooze","floor":8,"gold_loss":0},{"cards_removed":["Strike_R"],"damage_healed":0,"gold_gain":0,"player_choice":"Gave Gold","damage_taken":0,"max_hp_gain":0,"max_hp_loss":0,"event_name":"Beggar","floor":19,"gold_loss":75},{"damage_healed":0,"gold_gain":0,"player_choice":"Fight","damage_taken":0,"max_hp_gain":0,"max_hp_loss":0,"event_name":"Colosseum","floor":20,"gold_loss":0},{"damage_healed":0,"gold_gain":0,"player_choice":"Fled From Nobs","damage_taken":0,"max_hp_gain":0,"max_hp_loss":0,"event_name":"Colosseum","floor":20,"gold_loss":0},{"damage_healed":0,"gold_gain":0,"player_choice":"Simplicity","damage_taken":0,"max_hp_gain":0,"max_hp_loss":0,"event_name":"Back to Basics","floor":22,"gold_loss":0,"cards_upgraded":["Strike_R","Strike_R","Strike_R","Defend_R","Defend_R","Defend_R","Defend_R"]},{"damage_healed":0,"gold_gain":0,"player_choice":"Became a vampire","damage_taken":0,"max_hp_gain":0,"max_hp_loss":24,"event_name":"Vampires","floor":25,"gold_loss":0,"cards_obtained":["Bite","Bite","Bite","Bite","Bite"]},{"damage_healed":0,"gold_gain":0,"player_choice":"Fight","damage_taken":0,"max_hp_gain":0,"max_hp_loss":0,"event_name":"MindBloom","floor":38,"gold_loss":0},{"damage_healed":0,"gold_gain":0,"player_choice":"Memory 1","damage_taken":0,"max_hp_gain":0,"max_hp_loss":0,"event_name":"SensoryStone","floor":45,"gold_loss":0},{"cards_removed":["Inflame"],"damage_healed":0,"gold_gain":0,"player_choice":"Removed Power","damage_taken":0,"max_hp_gain":0,"max_hp_loss":0,"event_name":"Falling","floor":46,"gold_loss":0}],"is_beta":false,"boss_relics":[{"not_picked":["Tiny House","White Beast Statue"],"picked":"Busted Crown"},{"not_picked":["Fusion Hammer","Velvet Choker"],"picked":"Sozu"}],"items_purged_floors":[13],"is_endless":false,"potions_floor_spawned":[2,4,5,11,14,21,24,29,33,36,38],"ascension_level":14}