{"path_per_floor":["M","M","M","M","?","R","M","R","T","R","?","?","M","$","R","B",null,"M","?"],"character_chosen":"IRONCLAD","items_purchased":["Body Slam","Metallicize"],"gold_per_floor":[116,132,149,169,169,169,189,189,189,189,189,264,278,112,112,238,238,254,254],"floor_reached":20,"campfire_rested":0,"playtime":1323,"current_hp_per_floor":[72,69,70,72,54,54,48,48,48,48,48,37,40,40,40,34,63,11,11],"items_purged":["Strike_R"],"gold":254,"score":221,"play_id":"accf4880-ed35-48fe-b5dd-f7745c9f0184","is_prod":false,"is_daily":false,"is_ascension_mode":true,"campfire_upgraded":4,"path_taken":["M","M","?","M","?","R","M","R","T","R","?","?","M","$","R","BOSS","M","?","M"],"build_version":"2018-02-15-PROD1","purchased_purges":1,"victory":false,"master_deck":["Strike_R","Strike_R","Strike_R","Defend_R","Defend_R","Defend_R","Defend_R","Bash+1","Barricade+1","Shrug It Off+1","Shrug It Off","Reaper","Heavy Blade","Power Through","Body Slam+1","Body Slam","Metallicize","Berserk","Flame Barrier"],"max_hp_per_floor":[72,72,72,72,72,72,72,72,72,72,72,72,72,72,72,72,72,72,72],"relics":["Burning Blood","Bloody Idol","Dead Branch","Philosopher\u0027s Stone"],"card_choices":[{"not_picked":["Immolate","Juggernaut"],"picked":"Barricade"},{"not_picked":["Pommel Strike","Iron Wave"],"picked":"Shrug It Off"},{"not_picked":["Searing Blow","Sword Boomerang"],"picked":"Shrug It Off"},{"not_picked":["Pummel","Wild Strike"],"picked":"Reaper"},{"not_picked":["Sword Boomerang","Iron Wave"],"picked":"Heavy Blade"},{"not_picked":["Thunderclap","Twin Strike"],"picked":"Body Slam"},{"not_picked":["Demon Form","Exhume"],"picked":"Berserk"},{"not_picked":["Spot Weakness","Flex"],"picked":"Flame Barrier"}],"player_experience":133801,"potions_floor_usage":[18],"damage_taken":[{"damage":6,"enemies":"Cultist","floor":1,"turns":3},{"damage":9,"enemies":"2 Louse","floor":2,"turns":4},{"damage":5,"enemies":"Jaw Worm","floor":3,"turns":7},{"damage":0,"enemies":"Blue Slaver","floor":4,"turns":7},{"damage":24,"enemies":"3 Louse","floor":7,"turns":5},{"damage":15,"enemies":"Lots of Slimes","floor":13,"turns":7},{"damage":16,"enemies":"The Guardian","floor":16,"turns":12},{"damage":64,"enemies":"3 Byrds","floor":18,"turns":7},{"damage":11,"enemies":"Spheric Guardian","floor":20,"turns":3}],"event_choices":[{"event_name":"Golden Idol","player_choice":"Take Damage","floor":5,"damage_taken":0},{"event_name":"Transmorgrifier","player_choice":"Transform","floor":11,"damage_taken":0},{"event_name":"World of Goop","player_choice":"Gather Gold","floor":12,"damage_taken":0},{"event_name":"Forgotten Altar","player_choice":"Gave Idol","floor":19,"damage_taken":0}],"boss_relics":[{"not_picked":["Pandora\u0027s Box","Black Star"],"picked":"Philosopher\u0027s Stone"}],"potions_floor_spawned":[4,16],"seed_played":"-3324776449226609680","killed_by":"Spheric Guardian","ascension_level":7,"is_trial":false}