{"gold_per_floor":[112,112,187,112,132,132,160,174,197,222,248,260],"floor_reached":12,"playtime":555,"items_purged":["Strike_B"],"score":124,"play_id":"29f09189-4384-4197-b916-9369d20bb740","local_time":"20190307204530","is_ascension_mode":true,"campfire_choices":[{"data":"Zap","floor":6,"key":"SMITH"}],"neow_cost":"NONE","seed_source_timestamp":23073847729546668,"circlet_count":0,"master_deck":["AscendersBane","Strike_B","Strike_B","Strike_B","Defend_B","Defend_B+1","Defend_B","Defend_B","Zap+1","Dualcast","Reinforced Body+1","Gash","Ball Lightning","Go for the Eyes","Cold Snap"],"relics":["Cracked Core","War Paint","MawBank"],"potions_floor_usage":[12],"damage_taken":[{"damage":0,"enemies":"2 Louse","floor":1,"turns":3},{"damage":2,"enemies":"Jaw Worm","floor":5,"turns":4},{"damage":46,"enemies":"Gremlin Nob","floor":7,"turns":5},{"damage":1,"enemies":"Cultist","floor":8,"turns":4},{"damage":1,"enemies":"Exordium Wildlife","floor":10,"turns":3},{"damage":1,"enemies":"Exordium Thugs","floor":11,"turns":4},{"damage":25,"enemies":"Gremlin Gang","floor":12,"turns":3}],"seed_played":"-2847768533775584140","potions_obtained":[{"floor":5,"key":"Ancient Potion"},{"floor":10,"key":"SteroidPotion"},{"floor":11,"key":"Regen Potion"}],"is_trial":false,"path_per_floor":["M","?","?","$","M","R","E","M","T","M","M","M"],"character_chosen":"DEFECT","items_purchased":[],"campfire_rested":0,"item_purchase_floors":[],"current_hp_per_floor":[75,75,64,64,62,62,16,15,15,14,13,0],"gold":260,"neow_bonus":"TEN_PERCENT_HP_BONUS","is_prod":false,"is_daily":false,"chose_seed":false,"campfire_upgraded":1,"win_rate":0,"timestamp":1551987930,"path_taken":["M","?","?","?","M","R","E","M","T","?","M","M"],"build_version":"2019-01-23","purchased_purges":1,"victory":false,"max_hp_per_floor":[82,82,82,82,82,82,82,82,82,82,82,82],"card_choices":[{"not_picked":["Redo","Lockon"],"picked":"Reinforced Body","floor":1},{"not_picked":["Blizzard","Beam Cell"],"picked":"Gash","floor":5},{"not_picked":["Loop","Blizzard"],"picked":"Ball Lightning","floor":7},{"not_picked":["Hologram","Beam Cell","Reprogram"],"picked":"SKIP","floor":8},{"not_picked":["Turbo","Steam"],"picked":"Go for the Eyes","floor":10},{"not_picked":["Rebound","Fission"],"picked":"Cold Snap","floor":11}],"player_experience":386838,"relics_obtained":[{"floor":7,"key":"War Paint"},{"floor":9,"key":"MawBank"}],"event_choices":[{"damage_healed":0,"gold_gain":0,"player_choice":"Ignored","damage_taken":0,"max_hp_gain":0,"max_hp_loss":0,"event_name":"Liars Game","floor":2,"gold_loss":0},{"damage_healed":0,"gold_gain":75,"player_choice":"Gather Gold","damage_taken":11,"max_hp_gain":0,"max_hp_loss":0,"event_name":"World of Goop","floor":3,"gold_loss":0}],"is_beta":false,"boss_relics":[],"items_purged_floors":[4],"is_endless":false,"potions_floor_spawned":[5,10,11],"killed_by":"Gremlin Gang","ascension_level":11}