{"gold_per_floor":[12,24,24,35,35,35,86,120,120,149,149],"floor_reached":11,"playtime":331,"items_purged":[],"score":142,"play_id":"5addc402-494e-4ae0-9be0-9b8cdb439a2c","local_time":"20190603120517","is_ascension_mode":true,"campfire_choices":[{"data":"Footwork","floor":6,"key":"SMITH"}],"neow_cost":"NO_GOLD","seed_source_timestamp":1516421895999643,"circlet_count":0,"master_deck":["AscendersBane","Strike_G","Strike_G","Strike_G","Strike_G","Defend_G","Defend_G","Defend_G","Defend_G","Defend_G","Survivor","Neutralize","Blur","Footwork+1","Dagger Spray","Predator"],"relics":["Ring of the Snake","Pocketwatch","Anchor","Ninja Scroll","Pear","Odd Mushroom"],"potions_floor_usage":[8],"damage_taken":[{"damage":0,"enemies":"2 Louse","floor":1,"turns":4},{"damage":11,"enemies":"Jaw Worm","floor":2,"turns":7},{"damage":2,"enemies":"Small Slimes","floor":4,"turns":6},{"damage":24,"enemies":"Gremlin Nob","floor":8,"turns":6},{"damage":0,"enemies":"The Mushroom Lair","floor":10,"turns":4},{"damage":46,"enemies":"Lagavulin","floor":11,"turns":9}],"seed_played":"4601993740718936289","potions_obtained":[{"floor":2,"key":"Ancient Potion"}],"is_trial":false,"path_per_floor":["M","M","?","M","$","R","T","E","T","?","E"],"character_chosen":"THE_SILENT","items_purchased":[],"campfire_rested":0,"item_purchase_floors":[],"current_hp_per_floor":[59,48,48,46,46,46,46,22,32,32,0],"gold":149,"neow_bonus":"ONE_RARE_RELIC","is_prod":false,"is_daily":false,"chose_seed":false,"campfire_upgraded":1,"win_rate":0,"timestamp":1559588717,"path_taken":["M","M","?","M","$","R","?","E","T","?","E"],"build_version":"2019-06-02","purchased_purges":0,"victory":false,"max_hp_per_floor":[66,66,66,66,66,66,66,66,76,76,76],"card_choices":[{"not_picked":["Underhanded Strike","Outmaneuver"],"picked":"Blur","floor":1},{"not_picked":["Reflex","Skewer"],"picked":"Footwork","floor":2},{"not_picked":["PiercingWail","Prepared"],"picked":"Dagger Spray","floor":4},{"not_picked":["Dodge and Roll","Quick Slash"],"picked":"Predator","floor":8}],"player_experience":1301903,"relics_obtained":[{"floor":7,"key":"Anchor"},{"floor":8,"key":"Ninja Scroll"},{"floor":9,"key":"Pear"},{"floor":10,"key":"Odd Mushroom"}],"event_choices":[{"cards_removed":["Strike_G"],"damage_healed":0,"gold_gain":0,"player_choice":"Forget","damage_taken":0,"max_hp_gain":0,"max_hp_loss":0,"event_name":"Living Wall","floor":3,"gold_loss":0},{"damage_healed":0,"gold_gain":0,"player_choice":"Fought Mushrooms","damage_taken":0,"max_hp_gain":0,"max_hp_loss":0,"event_name":"Mushrooms","floor":10,"gold_loss":0}],"is_beta":true,"boss_relics":[],"items_purged_floors":[],"is_endless":false,"potions_floor_spawned":[2],"killed_by":"Lagavulin","ascension_level":20}