{"path_per_floor":["M","M","$","?","?","E","R","M","T","R","M","?","M","T","R","B",null,"M","?","?","M","M","R","M","$","T","M","M","R","M","M","R","B",null,"M","M","$","?","?","R","?","M","T","M","?","?"],"character_chosen":"THE_SILENT","items_purchased":["Caltrops","War Paint"],"gold_per_floor":[119,139,64,64,64,108,108,126,126,126,151,151,165,236,236,357,357,376,376,376,400,423,423,436,259,259,278,299,299,318,333,333,452,452,477,497,224,224,0,0,0,19,45,60,60,393],"floor_reached":47,"campfire_rested":2,"playtime":5173,"current_hp_per_floor":[70,70,70,53,39,39,39,39,39,39,39,36,38,38,38,26,70,62,62,46,34,26,47,50,50,50,39,20,41,43,51,51,16,70,70,70,70,70,70,70,70,67,67,70,70,70],"items_purged":["Strike_G","Strike_G","Strike_G"],"gold":393,"score":490,"play_id":"db55b9c0-3a9a-4a4c-91cc-084ebdf61260","is_prod":false,"is_daily":false,"is_ascension_mode":true,"campfire_upgraded":5,"path_taken":["M","M","$","?","?","E","R","M","T","R","?","?","M","?","R","BOSS","M","?","?","M","M","R","M","$","T","M","M","R","M","M","R","BOSS","M","M","$","?","?","R","?","M","T","M","?","?","E"],"build_version":"2018-02-12-PROD1","purchased_purges":3,"victory":false,"master_deck":["Defend_G","Defend_G","Defend_G","Defend_G","Defend_G+1","Strike_G","Survivor","Neutralize+1","Backflip","Dagger Spray+1","Footwork+1","Unload","Sucker Punch+1","Phantasmal Killer","Dodge and Roll+1","Blur+1","Finisher+1","Caltrops+1","Malaise+1","PiercingWail","Dash","Well Laid Plans+1","Venomology","Footwork+1"],"max_hp_per_floor":[70,70,70,70,70,70,70,70,70,70,70,70,70,70,70,70,70,70,70,70,70,70,70,70,70,70,70,70,70,70,70,70,70,70,70,70,70,70,70,70,70,70,70,70,70,70],"relics":["Ring of the Snake","NeowsBlessing","Tingsha","Bird Faced Urn","Juzu Bracelet","Gremlin Horn","Velvet Choker","Nilry\u0027s Codex","Unceasing Top","Black Star","War Paint","Red Mask","Pen Nib"],"card_choices":[{"not_picked":["Dodge and Roll","Catalyst"],"picked":"Backflip"},{"not_picked":["Predator","Finisher"],"picked":"Dagger Spray"},{"not_picked":["Accuracy","Dagger Throw"],"picked":"Footwork"},{"not_picked":["Bane","Outmaneuver"],"picked":"Unload"},{"not_picked":["Acrobatics","Cloak And Dagger"],"picked":"Sucker Punch"},{"not_picked":["Venomology","Night Terror"],"picked":"Phantasmal Killer"},{"not_picked":["Calculated Gamble","Prepared"],"picked":"Dodge and Roll"},{"not_picked":["Dodge and Roll","Dagger Throw"],"picked":"Blur"},{"not_picked":["Calculated Gamble","Acrobatics"],"picked":"Finisher"},{"not_picked":["Outmaneuver","Poisoned Stab"],"picked":"Malaise"},{"not_picked":["Underhanded Strike","Acrobatics"],"picked":"PiercingWail"},{"not_picked":["Skewer","Leg Sweep"],"picked":"Dash"},{"not_picked":["Caltrops","Dagger Spray"],"picked":"Well Laid Plans"},{"not_picked":["Phantasmal Killer","Envenom"],"picked":"Venomology"}],"player_experience":74750,"potions_floor_usage":[16,33,35,36,42,44,47],"damage_taken":[{"damage":0,"enemies":"Jaw Worm","floor":1,"turns":1},{"damage":0,"enemies":"Cultist","floor":2,"turns":1},{"damage":0,"enemies":"Lagavulin","floor":6,"turns":1},{"damage":0,"enemies":"2 Louse","floor":8,"turns":2},{"damage":2,"enemies":"Large Slime","floor":11,"turns":7},{"damage":0,"enemies":"2 Fungi Beasts","floor":13,"turns":2},{"damage":14,"enemies":"Slime Boss","floor":16,"turns":9},{"damage":10,"enemies":"Shell Parasite","floor":18,"turns":7},{"damage":14,"enemies":"2 Thieves","floor":21,"turns":4},{"damage":10,"enemies":"3 Cultists","floor":22,"turns":5},{"damage":1,"enemies":"Snake Plant","floor":24,"turns":7},{"damage":19,"enemies":"Snecko","floor":27,"turns":5},{"damage":23,"enemies":"Cultist and Chosen","floor":28,"turns":8},{"damage":4,"enemies":"Sentry and Sphere","floor":30,"turns":7},{"damage":0,"enemies":"Centurion and Healer","floor":31,"turns":10},{"damage":45,"enemies":"Automaton","floor":33,"turns":11},{"damage":0,"enemies":"Orb Walker","floor":35,"turns":5},{"damage":0,"enemies":"3 Shapes","floor":36,"turns":10},{"damage":24,"enemies":"Sphere and 2 Shapes","floor":42,"turns":9},{"damage":0,"enemies":"3 Darklings","floor":44,"turns":7},{"damage":81,"enemies":"2 Orb Walkers","floor":47,"turns":7}],"event_choices":[{"event_name":"Golden Idol","player_choice":"Take Damage","floor":4,"damage_taken":0},{"event_name":"Shining Light","player_choice":"Entered Light","floor":5,"damage_taken":0},{"event_name":"Scrap Ooze","player_choice":"success","floor":12,"damage_taken":3},{"event_name":"Drug Dealer","player_choice":"Ignored","floor":19,"damage_taken":0},{"event_name":"Cursed Tome","player_choice":"Obtained Book","floor":20,"damage_taken":0},{"event_name":"Mysterious Sphere","player_choice":"Ignore","floor":38,"damage_taken":0},{"event_name":"Tomb of Lord Red Mask","player_choice":"Paid","floor":39,"damage_taken":0},{"event_name":"Duplicator","player_choice":"One dupe","floor":41,"damage_taken":0},{"event_name":"The Moai Head","player_choice":"Gave Idol","floor":46,"damage_taken":0}],"boss_relics":[{"not_picked":["Philosopher\u0027s Stone","Orrery"],"picked":"Velvet Choker"},{"not_picked":["Runic Dome","Snecko Eye"],"picked":"Black Star"}],"potions_floor_spawned":[8,11,13,21,22,27,28,31,33],"seed_played":"-6663083620648573872","killed_by":"2 Orb Walkers","ascension_level":3,"is_trial":false}