{"path_per_floor":["M","?","M","M","?","R","?","R","T","E","M","M","$","M","R","B",null,"M","M","$","?","M","R","M","E","T","R","M","R","M","M","R","B",null,"M","M","?","?","?","R","$","R","T","?","R","M","R","M","R","B"],"character_chosen":"IRONCLAD","items_purchased":["Vajra","War Paint","Thinking Ahead"],"gold_per_floor":[114,189,202,218,218,218,218,218,245,270,288,307,77,92,92,189,189,209,229,79,79,97,97,115,146,146,146,156,156,173,188,188,287,287,297,315,315,315,315,315,4,4,4,4,4,21,21,37,37,37],"floor_reached":51,"campfire_rested":3,"playtime":3495,"current_hp_per_floor":[69,58,63,66,66,66,66,66,66,57,57,53,53,57,57,42,79,79,72,72,72,65,65,63,41,41,41,26,49,41,26,49,41,79,62,60,60,60,60,60,60,60,60,50,50,35,58,62,62,41],"items_purged":["Strike_R","Decay"],"gold":37,"score":568,"play_id":"b33a3700-f228-48a9-8947-0a1a52399777","is_prod":false,"is_daily":false,"is_ascension_mode":true,"campfire_upgraded":9,"path_taken":["M","?","M","M","?","R","?","R","T","E","?","M","$","M","R","BOSS","M","M","?","?","M","R","M","E","T","R","M","R","M","M","R","BOSS","M","M","?","?","?","R","$","R","T","?","R","?","R","M","R","BOSS"],"build_version":"2018-02-12-PROD1","purchased_purges":2,"victory":true,"master_deck":["Defend_R","Defend_R","Defend_R+1","Bash","Heavy Blade+1","Rampage+1","Battle Trance+1","Inflame","Rampage+1","Armaments+1","Limit Break+1","Shrug It Off+1","Shrug It Off+1","Heavy Blade+1","Whirlwind+1","Thinking Ahead","Madness","Madness"],"max_hp_per_floor":[72,72,72,72,72,72,72,72,72,79,79,79,79,79,79,79,79,79,79,79,79,79,79,79,79,79,79,79,79,79,79,79,79,79,79,79,79,79,79,79,79,79,79,79,79,79,79,79,79,79],"relics":["Burning Blood","Bag of Preparation","Strawberry","Vajra","Cursed Key","War Paint","Du-Vu Doll","Bronze Scales","White Beast Statue"],"card_choices":[{"not_picked":["Rage","Flame Barrier"],"picked":"Heavy Blade"},{"not_picked":["Dropkick","True Grit"],"picked":"Rampage"},{"not_picked":["Rage","Feel No Pain"],"picked":"Battle Trance"},{"not_picked":["Pommel Strike","Bloodletting"],"picked":"Inflame"},{"not_picked":["Iron Wave","Thunderclap"],"picked":"Rampage"},{"not_picked":["Sword Boomerang","Sever Soul"],"picked":"Armaments"},{"not_picked":["Exhume","Brutality"],"picked":"Limit Break"},{"not_picked":["Burning Pact","Perfected Strike"],"picked":"Shrug It Off"},{"not_picked":["Reckless Charge","Heavy Blade"],"picked":"Shrug It Off"},{"not_picked":["Pommel Strike","Wild Strike"],"picked":"Heavy Blade"},{"not_picked":["True Grit","Flex"],"picked":"Whirlwind"}],"player_experience":82600,"potions_floor_usage":[25,36,46,48,50,50,50],"damage_taken":[{"damage":9.0,"enemies":"Jaw Worm","floor":1.0,"turns":7.0},{"damage":1.0,"enemies":"Cultist","floor":3.0,"turns":3.0},{"damage":3.0,"enemies":"Small Slimes","floor":4.0,"turns":3.0},{"damage":22.0,"enemies":"3 Sentries","floor":10.0,"turns":7.0},{"damage":6.0,"enemies":"Looter","floor":11.0,"turns":3.0},{"damage":10.0,"enemies":"Gremlin Gang","floor":12.0,"turns":5.0},{"damage":2.0,"enemies":"3 Louse","floor":14.0,"turns":3.0},{"damage":21.0,"enemies":"The Guardian","floor":16.0,"turns":12.0},{"damage":0.0,"enemies":"Chosen","floor":18.0,"turns":3.0},{"damage":13.0,"enemies":"3 Byrds","floor":19.0,"turns":4.0},{"damage":13.0,"enemies":"Centurion and Healer","floor":22.0,"turns":6.0},{"damage":8.0,"enemies":"Snecko","floor":24.0,"turns":4.0},{"damage":28,"enemies":"Gremlin Leader","floor":25,"turns":6},{"damage":21,"enemies":"Snake Plant","floor":28,"turns":3},{"damage":14,"enemies":"Sentry and Sphere","floor":30,"turns":5},{"damage":21,"enemies":"Snecko","floor":31,"turns":4},{"damage":14,"enemies":"Champ","floor":33,"turns":6},{"damage":23,"enemies":"3 Darklings","floor":35,"turns":5},{"damage":8,"enemies":"Orb Walker","floor":36,"turns":3},{"damage":21,"enemies":"3 Darklings","floor":46,"turns":3},{"damage":2,"enemies":"Maw","floor":48,"turns":5},{"damage":27,"enemies":"Donu and Deca","floor":50,"turns":7}],"event_choices":[{"event_name":"World of Goop","player_choice":"Gather Gold","floor":2.0,"damage_taken":0.0},{"event_name":"Living Wall","player_choice":"Forget","floor":5.0,"damage_taken":0.0},{"event_name":"Bonfire Elementals","player_choice":"BASIC","floor":7.0,"damage_taken":0.0},{"event_name":"Vampires","player_choice":"Ignored","floor":21.0,"damage_taken":0.0},{"event_name":"Mysterious Sphere","player_choice":"Ignore","floor":37,"damage_taken":0},{"event_name":"Tomb of Lord Red Mask","player_choice":"Ignored","floor":39,"damage_taken":0},{"event_name":"Winding Halls","player_choice":"Embrace Madness","floor":44,"damage_taken":0}],"boss_relics":[{"not_picked":["Astrolabe","Orrery"],"picked":"White Beast Statue"}],"potions_floor_spawned":[1,3,12,16,22,24,31,35,36,46,48],"seed_played":"1828599714560930099","ascension_level":2,"is_trial":false}