{"gold_per_floor":[109,123,123,138,37,37,65,85,85,119,133,133,143,143,143,218,218,233,244,258,270,3,3,30,30,84,84,103,134,134,168,168,245,245,264,98,114,114,132,164,164,196,220,320,336,302,313,346,346,346,346,346,346,7,40,40],"floor_reached":57,"playtime":2669,"items_purged":["Strike_R","Strike_R"],"score":2949,"play_id":"408b3e7d-05a2-4032-91e8-e244274d4a5b","local_time":"20190605152253","is_ascension_mode":true,"campfire_choices":[{"data":"Carnage","floor":6.0,"key":"SMITH"},{"data":"Feed","floor":12.0,"key":"SMITH"},{"data":"Shockwave","floor":15.0,"key":"SMITH"},{"floor":23.0,"key":"REST"},{"floor":25.0,"key":"REST"},{"floor":27.0,"key":"RECALL"},{"floor":32.0,"key":"REST"},{"floor":49.0,"key":"REST"},{"floor":53.0,"key":"REST"}],"neow_cost":"NONE","seed_source_timestamp":1698682239139045,"circlet_count":0,"master_deck":["AscendersBane","Strike_R+1","Strike_R+1","Defend_R","Defend_R","Defend_R","Defend_R","Bash+1","Carnage+1","Shrug It Off","Feed+1","Burning Pact","True Grit","Feel No Pain+1","Shockwave+1","Warcry","Dropkick+1","Twin Strike+1","Demon Form","Sword Boomerang+1","Flame Barrier","Feed+1","Uppercut+1","Havoc+1","Shrug It Off","Inflame","Impervious","Apotheosis","Flame Barrier","Disarm","Master of Strategy","Panache","Havoc+1","Shockwave","Feel No Pain","Heavy Blade+1","Fiend Fire+1"],"special_seed":0,"relics":["Burning Blood","Champion Belt","Mummified Hand","Molten Egg 2","Fusion Hammer","Lantern","Mercury Hourglass","Omamori","Potion Belt","Enchiridion","The Courier","Snecko Eye","Bag of Marbles","Pear","Du-Vu Doll","Whetstone","Thread and Needle","Art of War"],"potions_floor_usage":[56,56,56,56],"damage_taken":[{"damage":4.0,"enemies":"2 Louse","floor":1.0,"turns":4.0},{"damage":0.0,"enemies":"Cultist","floor":2.0,"turns":3.0},{"damage":2.0,"enemies":"Jaw Worm","floor":4.0,"turns":5.0},{"damage":8.0,"enemies":"Gremlin Nob","floor":7.0,"turns":3.0},{"damage":0.0,"enemies":"2 Fungi Beasts","floor":8.0,"turns":2.0},{"damage":17.0,"enemies":"Lagavulin","floor":10.0,"turns":7.0},{"damage":13.0,"enemies":"Blue Slaver","floor":11.0,"turns":8.0},{"damage":0.0,"enemies":"Exordium Wildlife","floor":13.0,"turns":5.0},{"damage":5.0,"enemies":"Hexaghost","floor":16.0,"turns":7.0},{"damage":31.0,"enemies":"2 Thieves","floor":18.0,"turns":4.0},{"damage":14.0,"enemies":"Shell Parasite","floor":19.0,"turns":3.0},{"damage":20.0,"enemies":"3 Cultists","floor":20.0,"turns":7.0},{"damage":1.0,"enemies":"Centurion and Healer","floor":21.0,"turns":7.0},{"damage":61.0,"enemies":"Gremlin Leader","floor":24.0,"turns":7.0},{"damage":6.0,"enemies":"Snake Plant","floor":28.0,"turns":4.0},{"damage":39.0,"enemies":"Slavers","floor":29.0,"turns":4.0},{"damage":24.0,"enemies":"Gremlin Leader","floor":31.0,"turns":7.0},{"damage":8.0,"enemies":"Champ","floor":33.0,"turns":8.0},{"damage":5.0,"enemies":"Orb Walker","floor":35.0,"turns":2.0},{"damage":2.0,"enemies":"3 Shapes","floor":37.0,"turns":6.0},{"damage":0.0,"enemies":"3 Darklings","floor":39.0,"turns":6.0},{"damage":6.0,"enemies":"Nemesis","floor":40.0,"turns":5.0},{"damage":0.0,"enemies":"Giant Head","floor":42.0,"turns":5.0},{"damage":41.0,"enemies":"Mind Bloom Boss Battle","floor":44.0,"turns":7.0},{"damage":10.0,"enemies":"Writhing Mass","floor":45.0,"turns":5.0},{"damage":0.0,"enemies":"Maw","floor":47.0,"turns":6.0},{"damage":62.0,"enemies":"Nemesis","floor":48.0,"turns":9.0},{"damage":35.0,"enemies":"Awakened One","floor":50.0,"turns":11.0},{"damage":49.0,"enemies":"Donu and Deca","floor":51.0,"turns":8.0},{"damage":76.0,"enemies":"Shield and Spear","floor":55.0,"turns":6.0},{"damage":8,"enemies":"The Heart","floor":56,"turns":9}],"seed_played":"4008117228428646162","potions_obtained":[{"floor":1.0,"key":"Ancient Potion"},{"floor":10.0,"key":"SteroidPotion"},{"floor":11.0,"key":"FairyPotion"},{"floor":13.0,"key":"PowerPotion"},{"floor":18.0,"key":"BloodPotion"},{"floor":28.0,"key":"SpeedPotion"},{"floor":31.0,"key":"SmokeBomb"},{"floor":33.0,"key":"Weak Potion"},{"floor":39.0,"key":"Dexterity Potion"},{"floor":42.0,"key":"SpeedPotion"}],"is_trial":false,"path_per_floor":["M","M","?","M","$","R","E","M","T","E","M","R","M","?","R","B",null,"M","M","M","M","$","R","E","R","T","R","M","E","?","E","R","B",null,"M","$","M","?","M","E","?","E","T","?","M","$","M","E","R","B","B",null,"R","$","E","B",null],"character_chosen":"IRONCLAD","items_purchased":["True Grit","Lantern","Apotheosis","Feel No Pain","Ancient Potion","Thread and Needle"],"campfire_rested":5,"item_purchase_floors":[5,22,36,46,54,54],"current_hp_per_floor":[70,75,75,78,78,78,79,84,84,76,72,72,82,54,54,59,88,67,63,53,66,66,101,50,86,86,86,90,61,40,58,98,100,129,134,134,146,146,154,158,148,168,168,137,137,137,147,95,151,126,83,165,192,192,126,124],"gold":40,"neow_bonus":"UPGRADE_CARD","is_prod":false,"is_daily":false,"chose_seed":false,"campfire_upgraded":3,"win_rate":0,"timestamp":1559773373,"path_taken":["M","M","?","M","$","R","E","M","T","E","?","R","M","?","R","BOSS","M","M","M","M","$","R","E","R","T","R","M","E","?","E","R","BOSS","M","$","M","?","M","E","?","E","T","?","M","$","?","E","R","BOSS","BOSS","R","$","E","BOSS"],"build_version":"2019-06-05","purchased_purges":2,"victory":true,"max_hp_per_floor":[75,75,75,78,78,78,81,84,84,87,90,90,94,94,94,98,98,102,106,110,118,118,118,122,122,122,122,126,130,130,134,134,138,138,142,142,150,150,154,158,158,172,172,176,180,180,184,188,188,192,192,192,192,192,196,196],"card_choices":[{"not_picked":["Heavy Blade","Disarm"],"picked":"Carnage","floor":1.0},{"not_picked":["Wild Strike","Blood for Blood"],"picked":"Shrug It Off","floor":2.0},{"not_picked":["Flex","Rage","Evolve"],"picked":"SKIP","floor":4.0},{"not_picked":["Metallicize","Second Wind"],"picked":"Feel No Pain","floor":7.0},{"not_picked":["Cleave","Seeing Red"],"picked":"Shockwave","floor":8.0},{"not_picked":["Reckless Charge","Rage"],"picked":"Warcry","floor":10.0},{"not_picked":["Reckless Charge+1","Burning Pact"],"picked":"Dropkick+1","floor":11.0},{"not_picked":["Sword Boomerang+1","Clash+1"],"picked":"Twin Strike+1","floor":13.0},{"not_picked":["Brutality","Offering"],"picked":"Demon Form","floor":16.0},{"not_picked":["Pommel Strike+1","Shrug It Off"],"picked":"Sword Boomerang+1","floor":18.0},{"not_picked":["Sword Boomerang+1","Clash+1"],"picked":"Flame Barrier","floor":19.0},{"not_picked":["Headbutt+1","Clash+1"],"picked":"Feed+1","floor":20.0},{"not_picked":["Seeing Red+1","Twin Strike+1"],"picked":"Uppercut+1","floor":21.0},{"not_picked":["Thunderclap+1","Armaments"],"picked":"Havoc+1","floor":24.0},{"not_picked":["Dropkick+1","Havoc"],"picked":"Shrug It Off","floor":28.0},{"not_picked":["Inflame","Fire Breathing","True Grit"],"picked":"SKIP","floor":29.0},{"not_picked":["Fire Breathing","True Grit"],"picked":"Inflame","floor":29.0},{"not_picked":["Entrench+1","Armaments","Burning Pact"],"picked":"SKIP","floor":31.0},{"not_picked":["Double Tap","Juggernaut"],"picked":"Impervious","floor":33.0},{"not_picked":["Thunderclap+1","Warcry+1","Clash+1"],"picked":"SKIP","floor":35.0},{"not_picked":["Dual Wield","Warcry","Seeing Red"],"picked":"SKIP","floor":37.0},{"not_picked":["True Grit+1","Clash+1"],"picked":"Flame Barrier","floor":39.0},{"not_picked":["Evolve","Bloodletting+1"],"picked":"Disarm","floor":40.0},{"not_picked":["Forethought","HandOfGreed+1"],"picked":"Master of Strategy","floor":41.0},{"not_picked":["Enlightenment","Forethought"],"picked":"Panache","floor":41.0},{"not_picked":["Rampage+1","Power Through"],"picked":"Havoc+1","floor":42.0},{"not_picked":["Twin Strike+1","Iron Wave+1"],"picked":"Shockwave","floor":44.0},{"not_picked":["Heavy Blade+1","Headbutt+1","Twin Strike+1"],"picked":"SKIP","floor":45.0},{"not_picked":["Carnage+1","Iron Wave+1"],"picked":"Heavy Blade+1","floor":47.0},{"not_picked":["Brutality","Wild Strike+1","Inflame+1"],"picked":"SKIP","floor":48.0},{"not_picked":["Sever Soul+1","Flame Barrier"],"picked":"Fiend Fire+1","floor":55.0}],"player_experience":1304854,"relics_obtained":[{"floor":7.0,"key":"Champion Belt"},{"floor":9.0,"key":"Mummified Hand"},{"floor":10.0,"key":"Molten Egg 2"},{"floor":24.0,"key":"Mercury Hourglass"},{"floor":26.0,"key":"Omamori"},{"floor":29.0,"key":"Potion Belt"},{"floor":30.0,"key":"Enchiridion"},{"floor":31.0,"key":"The Courier"},{"floor":40.0,"key":"Bag of Marbles"},{"floor":42.0,"key":"Pear"},{"floor":44.0,"key":"Du-Vu Doll"},{"floor":48.0,"key":"Whetstone"},{"floor":55.0,"key":"Art of War"}],"event_choices":[{"damage_healed":0.0,"max_hp_gain":0.0,"max_hp_loss":0.0,"gold_gain":0.0,"event_name":"Match and Keep!","player_choice":"2 cards matched","floor":3.0,"gold_loss":0.0,"damage_taken":0.0,"cards_obtained":["Feed","Burning Pact"]},{"damage_healed":0.0,"max_hp_gain":0.0,"max_hp_loss":0.0,"gold_gain":0.0,"event_name":"Shining Light","player_choice":"Entered Light","floor":14.0,"gold_loss":0.0,"damage_taken":28.0,"cards_upgraded":["Feel No Pain","Strike_R"]},{"damage_healed":0.0,"max_hp_gain":0.0,"max_hp_loss":0.0,"gold_gain":0.0,"event_name":"Cursed Tome","player_choice":"Obtained Book","floor":30.0,"gold_loss":0.0,"damage_taken":21.0},{"cards_removed":["Strike_R"],"damage_healed":0.0,"max_hp_gain":0.0,"max_hp_loss":0.0,"gold_gain":0.0,"event_name":"Falling","player_choice":"Removed Attack","floor":38.0,"gold_loss":0.0,"damage_taken":0.0},{"damage_healed":0.0,"max_hp_gain":0.0,"max_hp_loss":0.0,"gold_gain":0.0,"event_name":"SensoryStone","player_choice":"Memory 3","floor":41.0,"gold_loss":0.0,"damage_taken":10.0},{"damage_healed":0.0,"max_hp_gain":0.0,"max_hp_loss":0.0,"gold_gain":0.0,"event_name":"MindBloom","player_choice":"Fight","floor":44.0,"gold_loss":0.0,"damage_taken":0.0}],"is_beta":true,"boss_relics":[{"not_picked":["White Beast Statue","Lizard Tail"],"picked":"Fusion Hammer"},{"not_picked":["Sozu","Empty Cage"],"picked":"Snecko Eye"}],"items_purged_floors":[5,22],"is_endless":false,"potions_floor_spawned":[1,10,11,13,18,19,28,31,33,39,40,42,44],"ascension_level":20}