{"gold_per_floor":[118,118,4,21,38,38,68,68,93,128,128,162,182,209,209,281,281,299,299,299,317,327,327,355,355,355,371,371,387,387],"floor_reached":30,"playtime":784,"items_purged":["Strike_R"],"score":606,"play_id":"277a32f0-86ac-40f2-a7c5-3a487e081f1c","local_time":"20190512205006","is_ascension_mode":true,"campfire_choices":[{"data":"Bash","floor":6.0,"key":"SMITH"},{"data":"Whirlwind","floor":8.0,"key":"SMITH"},{"data":"Inflame","floor":11.0,"key":"SMITH"},{"floor":15.0,"key":"REST"},{"data":"Limit Break","floor":23.0,"key":"SMITH"},{"data":"True Grit","floor":25.0,"key":"SMITH"},{"data":"Uppercut","floor":28.0,"key":"SMITH"}],"neow_cost":"NONE","seed_source_timestamp":996054163210433,"circlet_count":0,"master_deck":["AscendersBane","Strike_R","Strike_R","Strike_R","Defend_R","Defend_R","Defend_R","Defend_R","Bash+1","Twin Strike","Inflame+1","Cleave","Twin Strike","Whirlwind+1","Burning Pact","Uppercut+1","Shrug It Off","Limit Break+1","Shrug It Off","Flame Barrier","True Grit+1","Power Through"],"special_seed":0,"relics":["Burning Blood","Regal Pillow","Blood Vial","Lantern","Pear","Gambling Chip","Oddly Smooth Stone","Runic Dome","Paper Frog","Kunai","Matryoshka"],"potions_floor_usage":[30],"damage_taken":[{"damage":2.0,"enemies":"Jaw Worm","floor":1.0,"turns":5.0},{"damage":1.0,"enemies":"Cultist","floor":4.0,"turns":3.0},{"damage":15.0,"enemies":"2 Louse","floor":5.0,"turns":3.0},{"damage":20.0,"enemies":"Lagavulin","floor":7.0,"turns":4.0},{"damage":7.0,"enemies":"3 Sentries","floor":10.0,"turns":3.0},{"damage":30.0,"enemies":"Lagavulin","floor":12.0,"turns":6.0},{"damage":16.0,"enemies":"Blue Slaver","floor":13.0,"turns":3.0},{"damage":8.0,"enemies":"Gremlin Nob","floor":14.0,"turns":3.0},{"damage":61.0,"enemies":"Slime Boss","floor":16.0,"turns":9.0},{"damage":12.0,"enemies":"Chosen","floor":18.0,"turns":3.0},{"damage":0.0,"enemies":"3 Byrds","floor":21.0,"turns":3.0},{"damage":14.0,"enemies":"3 Cultists","floor":22.0,"turns":4.0},{"damage":0.0,"enemies":"Slavers","floor":24.0,"turns":1.0},{"damage":24.0,"enemies":"Chosen and Byrds","floor":27.0,"turns":5.0},{"damage":24.0,"enemies":"Snake Plant","floor":29.0,"turns":5.0},{"damage":48,"enemies":"Book of Stabbing","floor":30,"turns":5}],"seed_played":"-3697944449323855517","potions_obtained":[{"floor":5.0,"key":"Block Potion"},{"floor":10.0,"key":"SteroidPotion"},{"floor":13.0,"key":"FearPotion"},{"floor":29.0,"key":"Regen Potion"}],"is_trial":false,"path_per_floor":["M","?","$","M","M","R","E","R","T","E","R","E","M","E","R","B",null,"M","?","T","M","M","R","E","R","T","M","R","M","E"],"character_chosen":"IRONCLAD","items_purchased":["Inflame"],"campfire_rested":1,"item_purchase_floors":[3],"current_hp_per_floor":[72,72,72,75,66,66,52,52,52,63,63,41,33,33,73,20,69,65,65,65,73,67,67,75,75,75,59,59,43,0],"gold":387,"neow_bonus":"RANDOM_COMMON_RELIC","is_prod":false,"is_daily":false,"chose_seed":false,"campfire_upgraded":6,"win_rate":0,"timestamp":1557719406,"path_taken":["M","?","$","?","M","R","E","R","T","E","R","E","?","E","R","BOSS","M","?","?","M","M","R","E","R","T","M","R","M","E"],"build_version":"2019-05-07","purchased_purges":1,"victory":false,"max_hp_per_floor":[75,75,75,75,75,75,75,75,75,85,85,85,85,85,85,85,85,85,85,85,85,85,85,85,85,85,85,85,85,85],"card_choices":[{"not_picked":["Entrench","Warcry"],"picked":"Twin Strike","floor":1.0},{"not_picked":["Thunderclap","Warcry"],"picked":"Cleave","floor":4.0},{"not_picked":["Seeing Red","Headbutt"],"picked":"Twin Strike","floor":5.0},{"not_picked":["Twin Strike","Burning Pact"],"picked":"Whirlwind","floor":7.0},{"not_picked":["Flex","Fire Breathing"],"picked":"Burning Pact","floor":10.0},{"not_picked":["Sword Boomerang","Havoc"],"picked":"Uppercut","floor":12.0},{"not_picked":["Pommel Strike","Rampage"],"picked":"Shrug It Off","floor":13.0},{"not_picked":["Headbutt","Clothesline","Heavy Blade"],"picked":"SKIP","floor":14.0},{"not_picked":["Fiend Fire","Feed"],"picked":"Limit Break","floor":16.0},{"not_picked":["Uppercut","Clash","Cleave"],"picked":"SKIP","floor":18.0},{"not_picked":["Sentinel","Fire Breathing","Warcry"],"picked":"SKIP","floor":21.0},{"not_picked":["Hemokinesis","Flex"],"picked":"Flame Barrier","floor":22.0},{"not_picked":["Fire Breathing","Searing Blow"],"picked":"True Grit","floor":24.0},{"not_picked":["Flex","Rampage"],"picked":"Power Through","floor":27.0},{"not_picked":["Flex+1","Cleave","Thunderclap"],"picked":"SKIP","floor":29.0}],"player_experience":1259564,"relics_obtained":[{"floor":7.0,"key":"Blood Vial"},{"floor":9.0,"key":"Lantern"},{"floor":10.0,"key":"Pear"},{"floor":12.0,"key":"Gambling Chip"},{"floor":14.0,"key":"Oddly Smooth Stone"},{"floor":20.0,"key":"Paper Frog"},{"floor":24.0,"key":"Kunai"},{"floor":26.0,"key":"Matryoshka"}],"event_choices":[{"cards_removed":["Strike_R"],"damage_healed":0.0,"max_hp_gain":0.0,"max_hp_loss":0.0,"gold_gain":0.0,"event_name":"Bonfire Elementals","player_choice":"Offered Basic","floor":2.0,"gold_loss":0.0,"damage_taken":0.0},{"damage_healed":0.0,"max_hp_gain":0.0,"max_hp_loss":0.0,"gold_gain":0.0,"event_name":"The Library","player_choice":"Read","floor":19.0,"gold_loss":0.0,"damage_taken":0.0,"cards_obtained":["Shrug It Off"]}],"is_beta":true,"boss_relics":[{"not_picked":["Coffee Dripper","Orrery"],"picked":"Runic Dome"}],"items_purged_floors":[3],"is_endless":false,"potions_floor_spawned":[5,10,13,16,18,22,29],"killed_by":"Book of Stabbing","ascension_level":20}