{"gold_per_floor":[111,127,143,154,154,46,66,66,66,79,113,113,113,132,132,236,236,251,270,9,23,35,35,1,1,28,43,43,55,0,16,16,112,112,126,126,56,76,124,87,87,7,89,89,106,206,81,95,95,95],"floor_reached":51,"playtime":3409,"items_purged":["Defend_G","Eviscerate+1","Strike_G"],"score":676,"play_id":"d7fc72a5-3542-41fc-856d-419d58334126","local_time":"20181118194928","is_ascension_mode":false,"campfire_choices":[{"data":"Quick Slash","floor":8,"key":"SMITH"},{"data":"Dagger Spray","floor":13,"key":"SMITH"},{"data":"Neutralize","floor":15,"key":"SMITH"},{"data":"Envenom","floor":23,"key":"SMITH"},{"data":"Noxious Fumes","floor":25,"key":"SMITH"},{"data":"Backflip","floor":28,"key":"SMITH"},{"floor":32,"key":"REST"},{"data":"Footwork","floor":41,"key":"SMITH"},{"floor":44,"key":"REST"},{"floor":49,"key":"REST"}],"neow_cost":"NONE","seed_source_timestamp":13649354990996938,"circlet_count":0,"master_deck":["Defend_G","Strike_G","Strike_G","Strike_G","Survivor","Neutralize+1","Quick Slash+1","Dagger Spray+1","Leg Sweep","Backflip+1","Envenom+1","Choke+1","Heel Hook+1","PiercingWail+1","Infinite Blades","Backflip+1","Terror+1","Noxious Fumes+1","Backflip+1","Backflip+1","Madness+1","Madness+1","Footwork+1","Dagger Spray+1","Infinite Blades","Accuracy","Slice+1"],"relics":["Busted Crown","Toxic Egg 2","Blue Candle","Astrolabe","Pen Nib","WristBlade","Mango","Shuriken","Nunchaku"],"potions_floor_usage":[11,16,16,33,33,35,39,50,50],"damage_taken":[{"damage":0,"enemies":"Jaw Worm","floor":1,"turns":4},{"damage":0,"enemies":"Small Slimes","floor":2,"turns":4},{"damage":0,"enemies":"Cultist","floor":3,"turns":4},{"damage":0,"enemies":"Exordium Wildlife","floor":4,"turns":3},{"damage":0,"enemies":"Exordium Thugs","floor":7,"turns":5},{"damage":0,"enemies":"Blue Slaver","floor":10,"turns":3},{"damage":8,"enemies":"Lagavulin","floor":11,"turns":5},{"damage":3,"enemies":"Exordium Wildlife","floor":14,"turns":4},{"damage":24,"enemies":"Hexaghost","floor":16,"turns":11},{"damage":8,"enemies":"Spheric Guardian","floor":18,"turns":4},{"damage":2,"enemies":"Chosen","floor":19,"turns":4},{"damage":1,"enemies":"3 Cultists","floor":21,"turns":4},{"damage":7,"enemies":"Cultist and Chosen","floor":22,"turns":5},{"damage":19,"enemies":"Centurion and Healer","floor":27,"turns":4},{"damage":12,"enemies":"Shelled Parasite and Fungi","floor":29,"turns":4},{"damage":7,"enemies":"Chosen and Byrds","floor":31,"turns":4},{"damage":7,"enemies":"Collector","floor":33,"turns":7},{"damage":5,"enemies":"3 Darklings","floor":35,"turns":5},{"damage":0,"enemies":"Orb Walker","floor":38,"turns":3},{"damage":53,"enemies":"2 Orb Walkers","floor":39,"turns":5},{"damage":0,"enemies":"Transient","floor":45,"turns":5},{"damage":1,"enemies":"Mind Bloom Boss Battle","floor":46,"turns":5},{"damage":22,"enemies":"Spire Growth","floor":48,"turns":5},{"damage":34,"enemies":"Awakened One","floor":50,"turns":13}],"seed_played":"2752809884899215479","potions_obtained":[{"floor":2,"key":"Energy Potion"},{"floor":7,"key":"Strength Potion"},{"floor":10,"key":"LiquidBronze"},{"floor":14,"key":"Poison Potion"},{"floor":16,"key":"Energy Potion"},{"floor":18,"key":"SpeedPotion"},{"floor":27,"key":"Poison Potion"},{"floor":33,"key":"Strength Potion"},{"floor":35,"key":"AttackPotion"},{"floor":39,"key":"FairyPotion"},{"floor":48,"key":"GamblersBrew"}],"is_trial":false,"path_per_floor":["M","M","M","M","?","$","M","R","T","M","E","?","R","M","R","B",null,"M","M","$","M","M","R","$","R","T","M","R","M","?","M","R","B",null,"M","?","$","M","?","$","R","$","T","R","M","?","$","M","R","B",null],"character_chosen":"THE_SILENT","items_purchased":["Leg Sweep","Infinite Blades","Backflip+1","Terror+1","Noxious Fumes","Footwork","Infinite Blades","Accuracy"],"campfire_rested":3,"item_purchase_floors":[6,20,20,20,24,37,40,42],"current_hp_per_floor":[70,70,70,70,75,75,75,75,75,75,67,67,67,64,64,40,75,67,65,65,64,57,57,57,57,57,38,38,26,26,19,41,34,75,70,61,61,61,22,22,22,22,22,48,48,47,47,25,51,17],"gold":95,"neow_bonus":"BOSS_RELIC","is_prod":false,"is_daily":false,"chose_seed":false,"campfire_upgraded":7,"win_rate":0,"timestamp":1542566968,"path_taken":["M","M","M","M","?","$","M","R","T","M","E","?","R","M","R","BOSS","M","M","$","M","M","R","$","R","T","?","R","M","?","M","R","BOSS","M","?","$","M","?","?","R","?","T","R","M","?","?","?","R","BOSS"],"build_version":"2018-11-15","purchased_purges":3,"victory":true,"max_hp_per_floor":[70,70,70,70,75,75,75,75,75,75,75,75,75,75,75,75,75,75,75,75,75,75,75,75,75,75,75,75,75,75,75,75,75,75,75,75,75,75,89,89,89,89,89,89,89,89,89,89,89,89],"card_choices":[{"not_picked":["Dodge and Roll"],"picked":"SKIP","floor":1},{"not_picked":[],"picked":"Quick Slash","floor":2},{"not_picked":[],"picked":"Dagger Spray","floor":3},{"not_picked":["Choke"],"picked":"SKIP","floor":4},{"not_picked":[],"picked":"Backflip","floor":7},{"not_picked":["Predator"],"picked":"SKIP","floor":10},{"not_picked":["Prepared+1"],"picked":"SKIP","floor":11},{"not_picked":["Underhanded Strike"],"picked":"SKIP","floor":14},{"not_picked":[],"picked":"Envenom","floor":16},{"not_picked":["Underhanded Strike"],"picked":"SKIP","floor":18},{"not_picked":[],"picked":"PiercingWail+1","floor":19},{"not_picked":["Setup+1"],"picked":"SKIP","floor":21},{"not_picked":["Flechettes+1"],"picked":"SKIP","floor":22},{"not_picked":[],"picked":"Backflip+1","floor":27},{"not_picked":[],"picked":"Backflip+1","floor":29},{"not_picked":["Storm of Steel+1"],"picked":"SKIP","floor":31},{"not_picked":["Deadly Poison+1"],"picked":"SKIP","floor":35},{"not_picked":[],"picked":"Dagger Spray+1","floor":38},{"not_picked":["Acrobatics+1"],"picked":"SKIP","floor":45},{"not_picked":[],"picked":"Slice+1","floor":48}],"player_experience":278350,"relics_obtained":[{"floor":9,"key":"Toxic Egg 2"},{"floor":11,"key":"Blue Candle"},{"floor":26,"key":"Pen Nib"},{"floor":39,"key":"Mango"},{"floor":43,"key":"Shuriken"},{"floor":46,"key":"Nunchaku"}],"event_choices":[{"damage_healed":0,"gold_gain":0,"player_choice":"Donut","damage_taken":0,"max_hp_gain":5,"max_hp_loss":0,"event_name":"Big Fish","floor":5,"gold_loss":0},{"cards_removed":["Defend_G"],"damage_healed":0,"gold_gain":0,"player_choice":"Purged","damage_taken":0,"max_hp_gain":0,"max_hp_loss":0,"event_name":"Purifier","floor":12,"gold_loss":0},{"damage_healed":0,"gold_gain":0,"player_choice":"Paid Fearfully","damage_taken":0,"max_hp_gain":0,"max_hp_loss":0,"event_name":"Masked Bandits","floor":30,"gold_loss":55},{"damage_healed":0,"gold_gain":0,"player_choice":"Embrace Madness","damage_taken":9,"max_hp_gain":0,"max_hp_loss":0,"event_name":"Winding Halls","floor":36,"gold_loss":0,"cards_obtained":["Madness","Madness"]},{"damage_healed":0,"gold_gain":0,"player_choice":"Fight","damage_taken":0,"max_hp_gain":0,"max_hp_loss":0,"event_name":"Mysterious Sphere","floor":39,"gold_loss":0},{"damage_healed":0,"gold_gain":0,"player_choice":"Fight","damage_taken":0,"max_hp_gain":0,"max_hp_loss":0,"event_name":"MindBloom","floor":46,"gold_loss":0}],"is_beta":false,"boss_relics":[{"not_picked":["Calling Bell","Snecko Eye"],"picked":"Astrolabe"},{"not_picked":["Runic Dome","Runic Pyramid"],"picked":"WristBlade"}],"items_purged_floors":[6,20,47],"is_endless":false,"potions_floor_spawned":[2,7,10,14,16,18,21,27,33,35,39,48],"ascension_level":0}