{"gold_per_floor":[110,123,141,216,216,244,255,255,282,294,294,294],"floor_reached":12,"playtime":243,"items_purged":[],"score":160,"play_id":"0570da44-f4bb-4b10-a44b-2f798796f40c","local_time":"20190609131941","is_ascension_mode":true,"campfire_choices":[{"floor":8,"key":"REST"}],"neow_cost":"NONE","seed_source_timestamp":8448686992129,"circlet_count":0,"master_deck":["AscendersBane","Strike_B","Strike_B","Strike_B","Defend_B","Defend_B","Defend_B","Defend_B","Zap","Dualcast","Compile Driver","Sweeping Beam","Electrodynamics","Conserve Battery","White Noise","BootSequence"],"relics":["Cracked Core","NeowsBlessing","Dream Catcher","Anchor","Boot"],"potions_floor_usage":[7,12],"damage_taken":[{"damage":0,"enemies":"Cultist","floor":1,"turns":1},{"damage":0,"enemies":"2 Louse","floor":2,"turns":1},{"damage":0,"enemies":"Small Slimes","floor":3,"turns":1},{"damage":39,"enemies":"Lagavulin","floor":6,"turns":7},{"damage":0,"enemies":"Looter","floor":7,"turns":3},{"damage":1,"enemies":"Large Slime","floor":10,"turns":4},{"damage":74,"enemies":"Gremlin Nob","floor":12,"turns":4}],"seed_played":"-6654140463231703936","potions_obtained":[{"floor":1,"key":"FearPotion"},{"floor":6,"key":"Block Potion"},{"floor":7,"key":"FairyPotion"}],"is_trial":false,"path_per_floor":["M","M","M","?","?","E","M","R","T","M","?","E"],"character_chosen":"DEFECT","items_purchased":[],"campfire_rested":1,"item_purchase_floors":[],"current_hp_per_floor":[64,64,64,53,42,3,3,24,24,23,16,0],"gold":294,"neow_bonus":"THREE_ENEMY_KILL","is_prod":false,"is_daily":false,"chose_seed":false,"campfire_upgraded":0,"win_rate":0,"timestamp":1560111581,"path_taken":["M","?","M","?","?","E","M","R","T","M","?","E"],"build_version":"2019-06-07","purchased_purges":0,"victory":false,"max_hp_per_floor":[71,71,71,71,71,71,71,71,71,71,71,71],"card_choices":[{"not_picked":["Hologram","Turbo"],"picked":"Compile Driver","floor":1},{"not_picked":["Hologram","Gash"],"picked":"Sweeping Beam","floor":2},{"not_picked":["Stack","Steam","Rebound"],"picked":"SKIP","floor":3},{"not_picked":["Heatsinks","Barrage"],"picked":"Electrodynamics","floor":6},{"not_picked":["Streamline","Force Field"],"picked":"Conserve Battery","floor":7},{"not_picked":["Hello World","Leap"],"picked":"White Noise","floor":8},{"not_picked":["Capacitor","Gash"],"picked":"BootSequence","floor":10}],"player_experience":1313913,"relics_obtained":[{"floor":6,"key":"Anchor"},{"floor":9,"key":"Boot"}],"event_choices":[{"damage_healed":0,"gold_gain":75,"player_choice":"Gather Gold","damage_taken":11,"max_hp_gain":0,"max_hp_loss":0,"event_name":"World of Goop","floor":4,"gold_loss":0},{"damage_healed":0,"gold_gain":0,"player_choice":"Success","damage_taken":11,"relics_obtained":["Dream Catcher"],"max_hp_gain":0,"max_hp_loss":0,"event_name":"Scrap Ooze","floor":5,"gold_loss":0},{"cards_removed":["Strike_B"],"damage_healed":0,"gold_gain":0,"player_choice":"Card Removal","damage_taken":7,"max_hp_gain":0,"max_hp_loss":0,"event_name":"Golden Wing","floor":11,"gold_loss":0}],"is_beta":true,"boss_relics":[],"items_purged_floors":[],"is_endless":false,"potions_floor_spawned":[1,6,7],"killed_by":"Gremlin Nob","ascension_level":20}