{"gold_per_floor":[119,136,61,61,61,61,88,88,88,108,108,121,121,139,139,139],"floor_reached":16,"playtime":241,"items_purged":[],"score":250,"play_id":"50548e28-6490-411d-96cc-9db59a45c2e3","local_time":"20190601113540","is_ascension_mode":true,"campfire_choices":[{"data":"Sunder","floor":6,"key":"SMITH"},{"data":"Zap","floor":11,"key":"SMITH"},{"data":"Conserve Battery","floor":13,"key":"SMITH"},{"data":"Capacitor","floor":15,"key":"SMITH"}],"neow_cost":"NONE","seed_source_timestamp":1341929459539861,"circlet_count":0,"master_deck":["AscendersBane","Strike_B","Strike_B","Defend_B","Defend_B","Defend_B+1","Defend_B","Zap+1","Dualcast+1","Sunder+1","Ball Lightning","Compile Driver","Conserve Battery+1","Cold Snap","Capacitor+1"],"relics":["Cracked Core","NeowsBlessing","WingedGreaves"],"potions_floor_usage":[16],"damage_taken":[{"damage":0,"enemies":"Cultist","floor":1,"turns":1},{"damage":0,"enemies":"Small Slimes","floor":2,"turns":1},{"damage":0,"enemies":"Gremlin Nob","floor":7,"turns":1},{"damage":0,"enemies":"2 Louse","floor":10,"turns":2},{"damage":13,"enemies":"Large Slime","floor":12,"turns":3},{"damage":4,"enemies":"Lots of Slimes","floor":14,"turns":3},{"damage":26,"enemies":"Hexaghost","floor":16,"turns":9}],"seed_played":"4614042530048905086","potions_obtained":[{"floor":1,"key":"Fruit Juice"},{"floor":7,"key":"Ancient Potion"}],"is_trial":false,"path_per_floor":["M","M","?","$","?","R","E","?","T","M","R","M","R","M","R","B"],"character_chosen":"DEFECT","items_purchased":[],"campfire_rested":0,"item_purchase_floors":[],"current_hp_per_floor":[64,64,64,64,43,43,43,36,36,36,36,23,23,19,19,0],"gold":139,"neow_bonus":"THREE_ENEMY_KILL","is_prod":false,"is_daily":false,"chose_seed":false,"campfire_upgraded":4,"win_rate":0,"timestamp":1559414140,"path_taken":["M","M","?","$","?","R","E","?","T","M","R","M","R","M","R","BOSS"],"build_version":"2019-05-31","purchased_purges":0,"victory":false,"max_hp_per_floor":[71,71,71,71,71,71,71,71,71,71,71,71,71,71,71,76],"card_choices":[{"not_picked":["Undo","Ball Lightning"],"picked":"Sunder","floor":1},{"not_picked":["Steam","Chill"],"picked":"Ball Lightning","floor":2},{"not_picked":["Melter","Turbo"],"picked":"Compile Driver","floor":7},{"not_picked":["Go for the Eyes","Leap"],"picked":"Conserve Battery","floor":10},{"not_picked":["Conserve Battery","Force Field"],"picked":"Cold Snap","floor":12},{"not_picked":["Redo","Gash"],"picked":"Capacitor","floor":14}],"player_experience":1291743,"relics_obtained":[{"floor":7,"key":"WingedGreaves"}],"event_choices":[{"cards_removed":["Strike_B"],"damage_healed":0,"gold_gain":0,"player_choice":"Card Removal","damage_taken":0,"max_hp_gain":0,"max_hp_loss":0,"event_name":"The Cleric","floor":3,"gold_loss":75},{"damage_healed":0,"gold_gain":0,"player_choice":"Entered Light","damage_taken":21,"max_hp_gain":0,"max_hp_loss":0,"event_name":"Shining Light","floor":5,"gold_loss":0,"cards_upgraded":["Defend_B","Dualcast"]},{"cards_removed":["Strike_B"],"damage_healed":0,"gold_gain":0,"player_choice":"Card Removal","damage_taken":7,"max_hp_gain":0,"max_hp_loss":0,"event_name":"Golden Wing","floor":8,"gold_loss":0}],"is_beta":true,"boss_relics":[],"items_purged_floors":[],"is_endless":false,"potions_floor_spawned":[1,7],"killed_by":"Hexaghost","ascension_level":20}