{"path_per_floor":["M","?","$","M","M","R","E","R","T","M","R","?","?","$","R","B",null,"M","T","?","M","M","R","?","$","T","M","M","R","E","$","R","B",null,"M","?","?","?","M","R","?","R","T","T","R","M","T","$","R","B"],"character_chosen":"IRONCLAD","items_purchased":["Apotheosis","Anchor","True Grit"],"gold_per_floor":[210,285,30,48,67,67,98,98,124,135,135,160,160,5,5,102,102,117,140,140,160,176,176,176,76,130,144,161,161,193,68,68,163,163,179,179,179,179,196,196,196,196,196,196,196,211,211,13,13,13],"floor_reached":51,"campfire_rested":4,"playtime":2548,"current_hp_per_floor":[68,57,57,56,60,60,29,52,52,58,58,44,41,41,77,47,70,62,62,62,62,63,63,47,47,47,52,70,70,48,48,81,80,82,85,85,85,85,85,85,74,74,74,74,74,61,61,61,85,55],"items_purged":["Parasite","Strike_R","Strike_R","Strike_R"],"gold":13,"score":786,"play_id":"5072521c-d5f3-4dd5-8801-87484ef0f829","local_time":"20180303154415","is_prod":false,"is_daily":false,"is_ascension_mode":true,"campfire_upgraded":7,"timestamp":1520088255,"path_taken":["M","?","$","M","M","R","E","R","T","?","R","?","?","?","R","BOSS","M","?","?","M","?","R","?","$","T","M","M","R","E","$","R","BOSS","M","?","?","?","M","R","?","R","T","?","R","M","?","$","R","BOSS"],"build_version":"2018-03-01-PROD1","purchased_purges":5,"victory":true,"master_deck":["Strike_R+1","Strike_R","Defend_R","Defend_R","Defend_R","Bash","Cleave+1","Apotheosis+1","Pommel Strike+1","Pommel Strike+1","Reaper","Heavy Blade+1","Cleave","Ghostly Armor+1","Shrug It Off+1","Trip","Uppercut+1","Madness+1","Madness+1","Metallicize+1","True Grit"],"max_hp_per_floor":[80,80,77,77,77,77,77,77,77,77,77,77,77,77,77,77,77,77,77,77,77,77,77,77,77,77,77,79,79,81,81,81,83,83,85,85,85,85,85,85,85,85,85,85,85,85,85,85,85,85],"relics":["Burning Blood","Whetstone","Regal Pillow","Odd Mushroom","Matryoshka","Anchor","Sozu","Bronze Scales","Oddly Smooth Stone","Enchiridion","Mercury Hourglass","Singing Bowl","Dodecahedron","Cursed Key"],"card_choices":[{"not_picked":["Power Through","Wild Strike"],"picked":"Cleave"},{"not_picked":["Thunderclap","Hemokinesis"],"picked":"Pommel Strike"},{"not_picked":["Ghostly Armor","Sword Boomerang"],"picked":"Pommel Strike"},{"not_picked":["Brutality","Dark Embrace"],"picked":"Reaper"},{"not_picked":["Armaments","Second Wind"],"picked":"Heavy Blade"},{"not_picked":["Bloodletting","Havoc"],"picked":"Cleave"},{"not_picked":["Heavy Blade","Power Through"],"picked":"Ghostly Armor"},{"not_picked":["Feel No Pain","Shockwave"],"picked":"Shrug It Off"},{"not_picked":["Wild Strike","Rampage"],"picked":"Uppercut"},{"not_picked":["Rupture","Dark Embrace"],"picked":"Metallicize"}],"player_experience":206890,"potions_floor_usage":[16,16],"damage_taken":[{"damage":10,"enemies":"2 Louse","floor":1,"turns":3},{"damage":7,"enemies":"Jaw Worm","floor":4,"turns":4},{"damage":2,"enemies":"Cultist","floor":5,"turns":4},{"damage":37,"enemies":"Gremlin Nob","floor":7,"turns":4},{"damage":0,"enemies":"2 Fungi Beasts","floor":10,"turns":3},{"damage":20,"enemies":"The Mushroom Lair","floor":12,"turns":3},{"damage":36,"enemies":"Slime Boss","floor":16,"turns":10},{"damage":24,"enemies":"2 Thieves","floor":18,"turns":4},{"damage":6,"enemies":"Shell Parasite","floor":21,"turns":5},{"damage":12,"enemies":"Chosen and Byrds","floor":22,"turns":4},{"damage":8,"enemies":"Snake Plant","floor":27,"turns":4},{"damage":0,"enemies":"Centurion and Healer","floor":28,"turns":6},{"damage":30,"enemies":"Slavers","floor":30,"turns":4},{"damage":9,"enemies":"Collector","floor":33,"turns":13},{"damage":13,"enemies":"3 Darklings","floor":35,"turns":4},{"damage":0,"enemies":"Orb Walker","floor":39,"turns":3},{"damage":24,"enemies":"Maw","floor":46,"turns":7},{"damage":48,"enemies":"Time Eater","floor":50,"turns":12}],"event_choices":[{"event_name":"World of Goop","player_choice":"Gather Gold","floor":2,"damage_taken":0},{"event_name":"Mushrooms","player_choice":"Fought Mushrooms","floor":12,"damage_taken":0},{"event_name":"Scrap Ooze","player_choice":"success","floor":13,"damage_taken":3},{"event_name":"Drug Dealer","player_choice":"Ignored","floor":20,"damage_taken":0},{"event_name":"Cursed Tome","player_choice":"Obtained Book","floor":24,"damage_taken":0},{"event_name":"Match and Keep!","player_choice":"1 cards matched","floor":36,"damage_taken":0},{"event_name":"Mysterious Sphere","player_choice":"Ignore","floor":37,"damage_taken":0},{"event_name":"Winding Halls","player_choice":"Embrace Madness","floor":41,"damage_taken":0}],"boss_relics":[{"not_picked":["Orrery","White Beast Statue"],"picked":"Sozu"},{"not_picked":["Black Star","Question Card"],"picked":"Cursed Key"}],"potions_floor_spawned":[5,12,18,21,28,33,46],"seed_played":"3074330235138162240","ascension_level":11,"is_trial":false}