{"gold_per_floor":[214,139,153,153,165,165,198,198,250,273,285,44,44,57,57,57],"floor_reached":16,"playtime":926,"items_purged":[],"score":175,"play_id":"e8d69aca-7823-4bd8-ae92-a773f47e6e0c","local_time":"20190316205225","is_ascension_mode":true,"campfire_choices":[{"data":"Zap","floor":6,"key":"SMITH"},{"data":"Go for the Eyes","floor":8,"key":"SMITH"},{"floor":13,"key":"REST"},{"floor":15,"key":"REST"}],"neow_cost":"NONE","seed_source_timestamp":23851547193896692,"circlet_count":0,"master_deck":["AscendersBane","Strike_B","Strike_B","Strike_B","Defend_B","Defend_B","Defend_B","Defend_B","Zap+1","Dualcast","Go for the Eyes+1","Coolheaded","Steam","Cold Snap","Streamline","Genetic Algorithm","Conserve Battery"],"relics":["Cracked Core","Orichalcum","Juzu Bracelet","MawBank","Kunai"],"potions_floor_usage":[10,16,16],"damage_taken":[{"damage":2,"enemies":"2 Louse","floor":1,"turns":2},{"damage":0,"enemies":"Jaw Worm","floor":3,"turns":3},{"damage":0,"enemies":"Cultist","floor":5,"turns":4},{"damage":29,"enemies":"3 Sentries","floor":7,"turns":10},{"damage":14,"enemies":"Exordium Wildlife","floor":10,"turns":8},{"damage":19,"enemies":"Large Slime","floor":14,"turns":5},{"damage":33,"enemies":"Hexaghost","floor":16,"turns":14}],"seed_played":"-6309619145619562324","potions_obtained":[{"floor":3,"key":"Poison Potion"},{"floor":5,"key":"SkillPotion"},{"floor":10,"key":"GamblersBrew"}],"is_trial":false,"path_per_floor":["M","?","M","?","M","R","E","R","T","M","?","$","R","M","R","B"],"character_chosen":"DEFECT","items_purchased":["Kunai"],"campfire_rested":2,"item_purchase_floors":[12],"current_hp_per_floor":[62,62,62,51,51,51,22,22,22,8,8,8,29,10,31,0],"gold":57,"neow_bonus":"HUNDRED_GOLD","is_prod":false,"is_daily":false,"chose_seed":false,"campfire_upgraded":2,"win_rate":0,"timestamp":1552765945,"path_taken":["M","?","M","?","M","R","E","R","T","M","?","$","R","M","R","BOSS"],"build_version":"2019-01-23","purchased_purges":0,"victory":false,"max_hp_per_floor":[71,71,71,71,71,71,71,71,71,71,71,71,71,71,71,71],"card_choices":[{"not_picked":["Gash","Barrage"],"picked":"Go for the Eyes","floor":1},{"not_picked":["Conserve Battery","Blizzard"],"picked":"Coolheaded","floor":3},{"not_picked":["Reprogram","Redo"],"picked":"Steam","floor":5},{"not_picked":["Gash","Conserve Battery"],"picked":"Cold Snap","floor":7},{"not_picked":["White Noise","Hyperbeam"],"picked":"Streamline","floor":10},{"not_picked":["Lockon","Steam"],"picked":"Conserve Battery","floor":14}],"player_experience":431551,"relics_obtained":[{"floor":7,"key":"Juzu Bracelet"},{"floor":9,"key":"MawBank"}],"event_choices":[{"cards_removed":["Strike_B"],"damage_healed":0,"gold_gain":0,"player_choice":"Card Removal","damage_taken":0,"max_hp_gain":0,"max_hp_loss":0,"event_name":"The Cleric","floor":2,"gold_loss":75},{"damage_healed":0,"gold_gain":0,"player_choice":"Success","damage_taken":11,"relics_obtained":["Orichalcum"],"max_hp_gain":0,"max_hp_loss":0,"event_name":"Scrap Ooze","floor":4,"gold_loss":0},{"damage_healed":0,"gold_gain":0,"player_choice":"1 cards matched","damage_taken":0,"max_hp_gain":0,"max_hp_loss":0,"event_name":"Match and Keep!","floor":11,"gold_loss":0,"cards_obtained":["Genetic Algorithm"]}],"is_beta":false,"boss_relics":[],"items_purged_floors":[],"is_endless":false,"potions_floor_spawned":[3,5,10],"killed_by":"Hexaghost","ascension_level":15}