{"gold_per_floor":[213,7,27,44,44,44,44,63,63,73,100,116,116,130,130,206,206,219,219,219,237,43,43,56,69,69,69,80,80],"floor_reached":29,"playtime":1204,"items_purged":["Strike_B"],"score":447,"play_id":"c7412f9d-a660-4802-912d-ae18482b2853","local_time":"20190422140254","is_ascension_mode":true,"campfire_choices":[{"data":"Zap","floor":6,"key":"SMITH"},{"data":"Sunder","floor":13,"key":"SMITH"},{"data":"Blizzard","floor":15,"key":"SMITH"},{"floor":23,"key":"REST"},{"floor":27,"key":"REST"}],"neow_cost":"NONE","seed_source_timestamp":924164529537138,"circlet_count":0,"master_deck":["AscendersBane","Strike_B","Strike_B","Strike_B+1","Defend_B","Defend_B","Defend_B","Defend_B","Zap+1","Dualcast","BootSequence","Glacier","Ball Lightning+1","Coolheaded","Compile Driver","Blizzard+1","Sunder+1","Coolheaded","Creative AI","Glacier","Decay","Leap","Apotheosis","Chill","Conserve Battery","Reinforced Body"],"relics":["Cracked Core","Du-Vu Doll","Calipers","Lizard Tail","Whetstone"],"potions_floor_usage":[],"damage_taken":[{"damage":1,"enemies":"Cultist","floor":1,"turns":3},{"damage":0,"enemies":"2 Louse","floor":3,"turns":3},{"damage":0,"enemies":"Jaw Worm","floor":4,"turns":3},{"damage":0,"enemies":"Exordium Wildlife","floor":8,"turns":5},{"damage":1,"enemies":"2 Fungi Beasts","floor":10,"turns":3},{"damage":6,"enemies":"3 Sentries","floor":11,"turns":6},{"damage":0,"enemies":"Blue Slaver","floor":12,"turns":3},{"damage":1,"enemies":"Looter","floor":14,"turns":2},{"damage":35,"enemies":"The Guardian","floor":16,"turns":15},{"damage":52,"enemies":"3 Byrds","floor":18,"turns":5},{"damage":8,"enemies":"2 Thieves","floor":21,"turns":5},{"damage":3,"enemies":"Centurion and Healer","floor":24,"turns":6},{"damage":26,"enemies":"Snecko","floor":25,"turns":11},{"damage":37,"enemies":"Chosen and Byrds","floor":28,"turns":8},{"damage":36,"enemies":"Cultist and Chosen","floor":29,"turns":5}],"seed_played":"7981595086354376357","potions_obtained":[{"floor":1,"key":"EntropicBrew"},{"floor":5,"key":"FearPotion"},{"floor":11,"key":"Dexterity Potion"},{"floor":24,"key":"Dexterity Potion"}],"is_trial":false,"path_per_floor":["M","$","M","M","?","R","$","M","T","M","E","M","R","M","R","B",null,"M","?","?","M","$","R","M","M","T","R","M","M"],"character_chosen":"DEFECT","items_purchased":["Glacier","Ball Lightning","Apotheosis"],"campfire_rested":2,"item_purchase_floors":[2,2,22],"current_hp_per_floor":[63,63,63,63,63,63,63,63,63,62,56,56,56,55,55,20,58,6,20,20,12,12,33,30,4,4,25,35,0],"gold":80,"neow_bonus":"HUNDRED_GOLD","is_prod":false,"is_daily":false,"chose_seed":false,"campfire_upgraded":3,"win_rate":0,"timestamp":1555934574,"path_taken":["M","?","M","M","?","R","$","M","T","?","E","M","R","M","R","BOSS","M","?","?","M","$","R","M","M","T","R","M","M"],"build_version":"2019-01-23","purchased_purges":1,"victory":false,"max_hp_per_floor":[71,71,71,71,71,71,71,71,71,71,71,71,71,71,71,71,71,71,71,71,71,71,71,71,71,71,71,71,71],"card_choices":[{"not_picked":["Reprogram","Go for the Eyes"],"picked":"BootSequence","floor":1},{"not_picked":["Steam","Static Discharge"],"picked":"Coolheaded","floor":3},{"not_picked":["Chill","Gash"],"picked":"Compile Driver","floor":4},{"not_picked":["Steam","Ball Lightning"],"picked":"Blizzard","floor":8},{"not_picked":["Ball Lightning","Skim"],"picked":"Sunder","floor":10},{"not_picked":["Storm","Thunder Strike","Aggregate"],"picked":"SKIP","floor":11},{"not_picked":["Ball Lightning","Sweeping Beam"],"picked":"Coolheaded","floor":12},{"not_picked":["Hologram","Force Field","Skim"],"picked":"SKIP","floor":14},{"not_picked":["Seek","Echo Form"],"picked":"Creative AI","floor":16},{"not_picked":["Gash","Cold Snap"],"picked":"Glacier","floor":18},{"not_picked":["Hello World","Cold Snap"],"picked":"Leap","floor":21},{"not_picked":["Compile Driver","Beam Cell"],"picked":"Chill","floor":24},{"not_picked":["Gash","Beam Cell+1"],"picked":"Conserve Battery","floor":25},{"not_picked":["Leap","Consume+1"],"picked":"Reinforced Body","floor":28}],"player_experience":512071,"relics_obtained":[{"floor":9,"key":"Du-Vu Doll"},{"floor":11,"key":"Calipers"},{"floor":26,"key":"Whetstone"}],"event_choices":[{"damage_healed":0,"gold_gain":0,"player_choice":"Got Potions","damage_taken":0,"max_hp_gain":0,"max_hp_loss":0,"event_name":"Lab","floor":5,"gold_loss":0},{"damage_healed":14,"gold_gain":0,"player_choice":"Heal","damage_taken":0,"max_hp_gain":0,"max_hp_loss":0,"event_name":"The Library","floor":19,"gold_loss":0},{"damage_healed":0,"gold_gain":0,"player_choice":"Smashed Altar","damage_taken":0,"max_hp_gain":0,"max_hp_loss":0,"event_name":"Forgotten Altar","floor":20,"gold_loss":0,"cards_obtained":["Decay"]}],"is_beta":false,"boss_relics":[{"not_picked":["Calling Bell","Runic Dome"],"picked":"Lizard Tail"}],"items_purged_floors":[2],"is_endless":false,"potions_floor_spawned":[1,8,11,14,16,24,25,28],"killed_by":"Cultist and Chosen","ascension_level":19}