{"gold_per_floor":[115,125,138,63,73,73,3,3,3,3,22,22,60,60,60,180,180,203,203,223,42,56,56,75,75,75,100,100,100,100,121,121,247,247,272,150,173,189,204,204,228,0,0,0,16,16,34,34,34,34],"floor_reached":51,"playtime":3173,"items_purged":["Strike_B","Strike_B"],"score":626,"play_id":"f6aa1e87-e06d-43ad-982b-3c9c39729cb7","local_time":"20181117214728","is_ascension_mode":false,"campfire_choices":[{"data":"Defragment","floor":6,"key":"SMITH"},{"data":"Melter","floor":8,"key":"SMITH"},{"floor":15,"key":"REST"},{"data":"Conserve Battery","floor":23,"key":"SMITH"},{"data":"Mayhem","floor":29,"key":"SMITH"},{"floor":32,"key":"REST"},{"data":"Leap","floor":40,"key":"SMITH"},{"data":"Leap","floor":44,"key":"SMITH"},{"floor":49,"key":"REST"}],"neow_cost":"NONE","seed_source_timestamp":13570256951152198,"circlet_count":0,"master_deck":["Defend_B","Defend_B","Defend_B+1","Defend_B+1","Zap","Dualcast","FTL","Defragment+1","Leap+1","Leap+1","Melter+1","Ball Lightning","Self Repair","Electrodynamics","Conserve Battery+1","Mayhem+1","Leap+1","Seek","FTL+1","Ball Lightning","Reinforced Body+1","BootSequence+1","Conserve Battery+1","Flash of Steel","Barrage+1"],"relics":["Cracked Core","Bag of Preparation","Golden Idol","Pear","Inserter","MutagenicStrength","Matryoshka","Sozu","Red Mask","Boot","Pocketwatch"],"potions_floor_usage":[33,50,50],"damage_taken":[{"damage":0,"enemies":"2 Louse","floor":1,"turns":1},{"damage":0,"enemies":"Small Slimes","floor":2,"turns":3},{"damage":2,"enemies":"Jaw Worm","floor":3,"turns":4},{"damage":1,"enemies":"Looter","floor":5,"turns":3},{"damage":0,"enemies":"2 Fungi Beasts","floor":11,"turns":3},{"damage":26,"enemies":"3 Sentries","floor":13,"turns":6},{"damage":17,"enemies":"Hexaghost","floor":16,"turns":8},{"damage":9,"enemies":"Shell Parasite","floor":18,"turns":5},{"damage":0,"enemies":"Spheric Guardian","floor":20,"turns":1},{"damage":17,"enemies":"Snecko","floor":22,"turns":6},{"damage":0,"enemies":"3 Cultists","floor":24,"turns":3},{"damage":1,"enemies":"Sentry and Sphere","floor":27,"turns":3},{"damage":13,"enemies":"Shelled Parasite and Fungi","floor":31,"turns":5},{"damage":25,"enemies":"Collector","floor":33,"turns":6},{"damage":0,"enemies":"Orb Walker","floor":35,"turns":4},{"damage":2,"enemies":"3 Darklings","floor":37,"turns":4},{"damage":30,"enemies":"Writhing Mass","floor":38,"turns":7},{"damage":16,"enemies":"Transient","floor":39,"turns":5},{"damage":1,"enemies":"3 Darklings","floor":41,"turns":4},{"damage":0,"enemies":"Maw","floor":45,"turns":8},{"damage":0,"enemies":"Transient","floor":47,"turns":5},{"damage":36,"enemies":"Donu and Deca","floor":50,"turns":9}],"seed_played":"6932038620144539699","potions_obtained":[{"floor":3,"key":"SpeedPotion"},{"floor":11,"key":"Explosive Potion"},{"floor":16,"key":"FearPotion"},{"floor":27,"key":"Block Potion"},{"floor":30,"key":"FocusPotion"}],"is_trial":false,"path_per_floor":["M","M","M","$","M","R","$","R","T","?","M","?","E","?","R","B",null,"M","?","M","$","M","R","M","$","T","M","?","R","?","M","R","B",null,"M","$","M","M","M","R","M","?","T","R","M","?","M","$","R","B",null],"character_chosen":"DEFECT","items_purchased":["Melter","Mayhem","Ball Lightning"],"campfire_rested":3,"item_purchase_floors":[7,21,36],"current_hp_per_floor":[75,75,73,73,72,72,72,72,72,54,54,54,38,21,46,36,85,83,83,83,83,66,66,66,66,66,72,72,72,72,59,84,66,85,85,85,85,62,53,53,59,59,59,59,66,66,73,73,85,56],"gold":34,"neow_bonus":"REMOVE_CARD","is_prod":false,"is_daily":false,"chose_seed":false,"campfire_upgraded":6,"win_rate":0.0,"timestamp":1542487648,"path_taken":["M","M","M","$","M","R","$","R","T","?","M","?","E","?","R","BOSS","M","?","M","$","M","R","M","$","T","M","?","R","?","M","R","BOSS","M","$","?","M","M","R","M","?","T","R","M","?","M","$","R","BOSS"],"build_version":"2018-11-15","purchased_purges":2,"victory":true,"max_hp_per_floor":[75,75,75,75,75,75,75,75,75,75,75,75,85,85,85,85,85,85,85,85,85,85,85,85,85,85,85,85,85,85,85,85,85,85,85,85,85,85,85,85,85,85,85,85,85,85,85,85,85,85],"card_choices":[{"not_picked":["Barrage","Cold Snap"],"picked":"FTL","floor":1},{"not_picked":["Cold Snap","Aggregate"],"picked":"Defragment","floor":2},{"not_picked":["Sweeping Beam","Undo"],"picked":"Leap","floor":3},{"not_picked":["Hologram","Steam"],"picked":"Leap","floor":5},{"not_picked":["Double Energy","FTL"],"picked":"Ball Lightning","floor":11},{"not_picked":["Rebound","Coolheaded"],"picked":"Self Repair","floor":13},{"not_picked":["Creative AI","Seek"],"picked":"Electrodynamics","floor":16},{"not_picked":["Redo","Gash"],"picked":"Conserve Battery","floor":18},{"not_picked":["Beam Cell","Tempest+1","Hologram+1"],"picked":"SKIP","floor":20},{"not_picked":["Electrodynamics","Hologram","Hello World"],"picked":"SKIP","floor":22},{"not_picked":["Leap","Stack","Tempest"],"picked":"SKIP","floor":24},{"not_picked":["Cold Snap","Glacier+1","Doom and Gloom"],"picked":"SKIP","floor":27},{"not_picked":["Seek","Beam Cell"],"picked":"Leap+1","floor":31},{"not_picked":["Buffer","Electrodynamics"],"picked":"Seek","floor":33},{"not_picked":["Hologram","Redo"],"picked":"FTL+1","floor":35},{"not_picked":["Rebound","Blizzard"],"picked":"Reinforced Body+1","floor":37},{"not_picked":["Aggregate+1","Rebound+1"],"picked":"BootSequence+1","floor":38},{"not_picked":["Ball Lightning","Coolheaded+1"],"picked":"Conserve Battery+1","floor":39},{"not_picked":["Auto Shields+1","Gash","Leap"],"picked":"SKIP","floor":41},{"not_picked":["Consume","Steam","Rebound"],"picked":"SKIP","floor":45},{"not_picked":["Madness","Blind"],"picked":"Flash of Steel","floor":46},{"not_picked":["Lockon","Storm+1"],"picked":"Barrage+1","floor":47}],"player_experience":272302,"relics_obtained":[{"floor":9,"key":"Bag of Preparation"},{"floor":13,"key":"Pear"},{"floor":26,"key":"Matryoshka"},{"floor":43,"key":"Boot"},{"floor":43,"key":"Pocketwatch"}],"event_choices":[{"damage_healed":0,"gold_gain":0,"player_choice":"Take Damage","damage_taken":18,"relics_obtained":["Golden Idol"],"max_hp_gain":0,"max_hp_loss":0,"event_name":"Golden Idol","floor":10,"gold_loss":0},{"cards_removed":["Strike_B"],"damage_healed":0,"gold_gain":0,"player_choice":"Forget","damage_taken":0,"max_hp_gain":0,"max_hp_loss":0,"event_name":"Living Wall","floor":12,"gold_loss":0},{"damage_healed":0,"gold_gain":0,"player_choice":"Entered Light","damage_taken":17,"max_hp_gain":0,"max_hp_loss":0,"event_name":"Shining Light","floor":14,"gold_loss":0,"cards_upgraded":["Defend_B","Defend_B"]},{"damage_healed":0,"gold_gain":0,"player_choice":"Inject Mutagens","damage_taken":0,"relics_obtained":["MutagenicStrength"],"max_hp_gain":0,"max_hp_loss":0,"event_name":"Drug Dealer","floor":19,"gold_loss":0},{"damage_healed":0,"gold_gain":0,"player_choice":"Ignored","damage_taken":0,"max_hp_gain":0,"max_hp_loss":0,"event_name":"Vampires","floor":28,"gold_loss":0},{"damage_healed":0,"gold_gain":0,"player_choice":"Got Potions","damage_taken":0,"max_hp_gain":0,"max_hp_loss":0,"event_name":"Lab","floor":30,"gold_loss":0},{"damage_healed":0,"gold_gain":0,"player_choice":"Paid","damage_taken":0,"relics_obtained":["Red Mask"],"max_hp_gain":0,"max_hp_loss":0,"event_name":"Tomb of Lord Red Mask","floor":42,"gold_loss":228},{"damage_healed":0,"gold_gain":0,"player_choice":"Memory 1","damage_taken":0,"max_hp_gain":0,"max_hp_loss":0,"event_name":"SensoryStone","floor":46,"gold_loss":0}],"is_beta":false,"boss_relics":[{"not_picked":["Runic Pyramid","Lizard Tail"],"picked":"Inserter"},{"not_picked":["Eternal Feather","Empty Cage"],"picked":"Sozu"}],"items_purged_floors":[4,36],"is_endless":false,"potions_floor_spawned":[3,11,16,20,27,31,38,39,45],"ascension_level":0}