{"gold_per_floor":[109,129,54,64,75,75,109,109,134,134,147,157,157,185,185,287,287,299,310,310,41,52,52,82,96,96,124,124,138,138,149,149,247,247,265,275,275,295,295,295,324,336,375,387,425,437,25,45,45,45],"floor_reached":51,"playtime":3465,"items_purged":["Strike_R","Strike_R","Warcry"],"score":1196,"play_id":"ce39379a-8446-4fdf-b5b3-1b9d3a514a8d","local_time":"20190309210351","is_ascension_mode":true,"campfire_choices":[{"data":"Ghostly Armor","floor":6,"key":"SMITH"},{"data":"Armaments","floor":8,"key":"SMITH"},{"data":"Pommel Strike","floor":10,"key":"SMITH"},{"data":"Shrug It Off","floor":13,"key":"SMITH"},{"data":"Cleave","floor":15,"key":"SMITH"},{"data":"Inflame","floor":23,"key":"SMITH"},{"data":"Fiend Fire","floor":30,"key":"SMITH"},{"floor":32,"key":"REST"},{"floor":40,"key":"REST"},{"floor":42,"key":"REST"},{"floor":44,"key":"REST"},{"data":"Feel No Pain","floor":46,"key":"SMITH"},{"floor":49,"key":"REST"}],"neow_cost":"NONE","seed_source_timestamp":23244842603614816,"circlet_count":0,"master_deck":["AscendersBane","Bash","Pommel Strike+1","Cleave+1","Ghostly Armor+1","Armaments+1","Feel No Pain+1","Shrug It Off+1","Offering","Fiend Fire+1","Feel No Pain","Dramatic Entrance","Inflame+1","Uppercut","Shockwave","Seeing Red","Second Wind","Spot Weakness","Thunderclap","Shrug It Off+1","Madness","Madness","Metallicize"],"relics":["Burning Blood","Bag of Marbles","Ancient Tea Set","Strawberry","Bag of Preparation","Busted Crown","PreservedInsect","Letter Opener","Du-Vu Doll","CultistMask","Pandora\u0027s Box","Oddly Smooth Stone","MawBank","Potion Belt","Pen Nib","Bronze Scales"],"potions_floor_usage":[7,7,14,16,24,27,33,33,50,50],"damage_taken":[{"damage":7,"enemies":"Jaw Worm","floor":1,"turns":3},{"damage":0,"enemies":"2 Louse","floor":2,"turns":4},{"damage":1,"enemies":"Cultist","floor":4,"turns":3},{"damage":12,"enemies":"Lots of Slimes","floor":5,"turns":3},{"damage":47,"enemies":"Lagavulin","floor":7,"turns":6},{"damage":13,"enemies":"Red Slaver","floor":11,"turns":5},{"damage":0,"enemies":"Blue Slaver","floor":12,"turns":4},{"damage":10,"enemies":"3 Sentries","floor":14,"turns":7},{"damage":21,"enemies":"The Guardian","floor":16,"turns":15},{"damage":8,"enemies":"3 Byrds","floor":18,"turns":6},{"damage":6,"enemies":"2 Thieves","floor":19,"turns":3},{"damage":17,"enemies":"Sentry and Sphere","floor":22,"turns":6},{"damage":8,"enemies":"Slavers","floor":24,"turns":3},{"damage":9,"enemies":"Shelled Parasite and Fungi","floor":25,"turns":9},{"damage":10,"enemies":"Book of Stabbing","floor":27,"turns":4},{"damage":0,"enemies":"Snecko","floor":29,"turns":3},{"damage":6,"enemies":"Chosen and Byrds","floor":31,"turns":3},{"damage":52,"enemies":"Collector","floor":33,"turns":14},{"damage":0,"enemies":"3 Shapes","floor":35,"turns":1},{"damage":14,"enemies":"Orb Walker","floor":36,"turns":3},{"damage":41,"enemies":"4 Shapes","floor":38,"turns":5},{"damage":35,"enemies":"Giant Head","floor":41,"turns":7},{"damage":17,"enemies":"Nemesis","floor":45,"turns":7},{"damage":6,"enemies":"Jaw Worm Horde","floor":48,"turns":3},{"damage":37,"enemies":"Donu and Deca","floor":50,"turns":9}],"seed_played":"3285020336133855833","potions_obtained":[{"floor":1,"key":"Strength Potion"},{"floor":2,"key":"Regen Potion"},{"floor":7,"key":"Explosive Potion"},{"floor":12,"key":"PowerPotion"},{"floor":14,"key":"SkillPotion"},{"floor":19,"key":"Strength Potion"},{"floor":24,"key":"Weak Potion"},{"floor":27,"key":"Explosive Potion"},{"floor":38,"key":"SpeedPotion"},{"floor":48,"key":"Ancient Potion"}],"is_trial":false,"path_per_floor":["M","M","$","M","M","R","E","R","T","R","M","M","R","E","R","B",null,"M","M","?","$","M","R","E","M","T","E","?","M","R","M","R","B",null,"M","M","T","M","?","R","E","R","T","R","E","R","$","M","R","B",null],"character_chosen":"IRONCLAD","items_purchased":["Dramatic Entrance","Inflame","Metallicize","Bronze Scales","BloodPotion"],"campfire_rested":5,"item_purchase_floors":[21,21,47,47,47],"current_hp_per_floor":[71,77,77,80,74,74,47,47,54,54,47,53,53,49,49,34,74,72,72,55,55,44,44,42,39,39,35,35,41,41,41,68,22,75,81,73,73,38,26,53,24,51,51,78,67,67,67,67,92,70],"gold":45,"neow_bonus":"RANDOM_COMMON_RELIC","is_prod":false,"is_daily":false,"chose_seed":false,"campfire_upgraded":8,"win_rate":0,"timestamp":1552161831,"path_taken":["M","M","$","M","M","R","E","R","T","R","M","M","R","E","R","BOSS","M","M","?","$","M","R","E","M","T","E","?","M","R","?","R","BOSS","M","?","?","?","?","R","E","R","T","R","E","R","$","M","R","BOSS"],"build_version":"2019-01-23","purchased_purges":3,"victory":true,"max_hp_per_floor":[80,80,80,80,80,80,80,80,87,87,87,87,87,87,87,87,87,87,87,92,92,92,92,92,92,92,92,92,92,92,92,92,92,92,92,92,92,92,92,92,92,92,92,92,92,92,92,92,92,92],"card_choices":[{"not_picked":["Rupture","Havoc","Clash"],"picked":"SKIP","floor":1},{"not_picked":["Dual Wield","Body Slam"],"picked":"Pommel Strike","floor":2},{"not_picked":["Flex","Seeing Red"],"picked":"Cleave","floor":4},{"not_picked":["Anger","Perfected Strike"],"picked":"Ghostly Armor","floor":5},{"not_picked":["Bludgeon","Battle Trance"],"picked":"Armaments","floor":7},{"not_picked":["Cleave","Anger"],"picked":"Feel No Pain","floor":11},{"not_picked":["Perfected Strike","Heavy Blade"],"picked":"Shrug It Off","floor":12},{"not_picked":["Flex","Headbutt"],"picked":"Offering","floor":14},{"not_picked":["Bludgeon","Berserk"],"picked":"Fiend Fire","floor":16},{"not_picked":[],"picked":"Feel No Pain","floor":18},{"not_picked":["Sentinel"],"picked":"SKIP","floor":19},{"not_picked":["Carnage"],"picked":"SKIP","floor":22},{"not_picked":["Fiend Fire"],"picked":"SKIP","floor":24},{"not_picked":["Pommel Strike"],"picked":"SKIP","floor":25},{"not_picked":["Thunderclap"],"picked":"SKIP","floor":27},{"not_picked":["Havoc"],"picked":"SKIP","floor":29},{"not_picked":["Thunderclap"],"picked":"SKIP","floor":31},{"not_picked":["Shockwave"],"picked":"SKIP","floor":35},{"not_picked":[],"picked":"Shrug It Off+1","floor":36},{"not_picked":["Iron Wave"],"picked":"SKIP","floor":38},{"not_picked":["Rampage+1"],"picked":"SKIP","floor":41},{"not_picked":["Thunderclap"],"picked":"SKIP","floor":45},{"not_picked":["Havoc"],"picked":"SKIP","floor":48}],"player_experience":394227,"relics_obtained":[{"floor":7,"key":"Ancient Tea Set"},{"floor":9,"key":"Strawberry"},{"floor":14,"key":"Bag of Preparation"},{"floor":24,"key":"PreservedInsect"},{"floor":26,"key":"Letter Opener"},{"floor":27,"key":"Du-Vu Doll"},{"floor":37,"key":"Oddly Smooth Stone"},{"floor":41,"key":"MawBank"},{"floor":43,"key":"Potion Belt"},{"floor":45,"key":"Pen Nib"}],"event_choices":[{"damage_healed":0,"gold_gain":0,"player_choice":"Shed Blood","damage_taken":22,"max_hp_gain":5,"max_hp_loss":0,"event_name":"Forgotten Altar","floor":20,"gold_loss":0},{"damage_healed":0,"gold_gain":0,"player_choice":"Trade","damage_taken":0,"relics_obtained":["CultistMask"],"max_hp_gain":0,"max_hp_loss":0,"event_name":"FaceTrader","floor":28,"gold_loss":0},{"damage_healed":0,"gold_gain":0,"player_choice":"Embrace Madness","damage_taken":12,"max_hp_gain":0,"max_hp_loss":0,"event_name":"Winding Halls","floor":39,"gold_loss":0,"cards_obtained":["Madness","Madness"]}],"is_beta":false,"boss_relics":[{"not_picked":["White Beast Statue","Astrolabe"],"picked":"Busted Crown"},{"not_picked":["Runic Dome","Runic Pyramid"],"picked":"Pandora\u0027s Box"}],"items_purged_floors":[3,21,47],"is_endless":false,"potions_floor_spawned":[1,2,7,12,14,19,22,24,27,38,48],"ascension_level":12}