{"gold_per_floor":[116,116,41,56,72,113,113,152,152,152,152,152],"floor_reached":12,"playtime":316,"items_purged":["Strike_B"],"score":155,"play_id":"c2099a38-2f94-4fd4-ad38-200f7212bfb0","local_time":"20190324190951","is_ascension_mode":true,"campfire_choices":[{"floor":7,"key":"REST"},{"data":"Go for the Eyes","floor":10,"key":"SMITH"}],"neow_cost":"NONE","seed_source_timestamp":24537267346812052,"circlet_count":0,"master_deck":["AscendersBane","Strike_B","Strike_B","Strike_B","Defend_B","Defend_B","Defend_B","Defend_B","Zap+1","Dualcast","Ball Lightning","White Noise","Go for the Eyes+1","Echo Form","Coolheaded"],"relics":["Cracked Core","Golden Idol","Blood Vial","Gremlin Horn","Ancient Tea Set"],"potions_floor_usage":[],"damage_taken":[{"damage":1,"enemies":"2 Louse","floor":1,"turns":3},{"damage":0,"enemies":"Small Slimes","floor":4,"turns":2},{"damage":4,"enemies":"Jaw Worm","floor":5,"turns":3},{"damage":37,"enemies":"3 Sentries","floor":6,"turns":8},{"damage":35,"enemies":"Gremlin Nob","floor":8,"turns":4},{"damage":13,"enemies":"Blue Slaver","floor":12,"turns":1}],"seed_played":"-2160579504527034712","potions_obtained":[{"floor":8,"key":"Ancient Potion"}],"is_trial":false,"path_per_floor":["M","?","$","M","M","E","R","E","T","R","?","M"],"character_chosen":"DEFECT","items_purchased":[],"campfire_rested":1,"item_purchase_floors":[],"current_hp_per_floor":[63,63,63,63,59,22,41,8,8,8,8,0],"gold":152,"neow_bonus":"UPGRADE_CARD","is_prod":false,"is_daily":false,"chose_seed":false,"campfire_upgraded":1,"win_rate":0,"timestamp":1553450991,"path_taken":["M","?","$","M","M","E","R","E","T","R","?","M"],"build_version":"2019-01-23","purchased_purges":1,"victory":false,"max_hp_per_floor":[71,64,64,64,64,64,64,64,64,64,64,64],"card_choices":[{"not_picked":["Barrage","Steam"],"picked":"Ball Lightning","floor":1},{"not_picked":["Steam","Hologram"],"picked":"White Noise","floor":4},{"not_picked":["Hello World","Conserve Battery"],"picked":"Go for the Eyes","floor":5},{"not_picked":["Reinforced Body","Reprogram"],"picked":"Echo Form","floor":6},{"not_picked":["Static Discharge","Doom and Gloom"],"picked":"Coolheaded","floor":8}],"player_experience":461511,"relics_obtained":[{"floor":6,"key":"Blood Vial"},{"floor":8,"key":"Gremlin Horn"},{"floor":9,"key":"Ancient Tea Set"}],"event_choices":[{"damage_healed":0,"gold_gain":0,"player_choice":"Lose Max HP","damage_taken":0,"relics_obtained":["Golden Idol"],"max_hp_gain":0,"max_hp_loss":7,"event_name":"Golden Idol","floor":2,"gold_loss":0},{"damage_healed":0,"gold_gain":0,"player_choice":"Ignored","damage_taken":0,"max_hp_gain":0,"max_hp_loss":0,"event_name":"Liars Game","floor":11,"gold_loss":0}],"is_beta":false,"boss_relics":[],"items_purged_floors":[3],"is_endless":false,"potions_floor_spawned":[8],"killed_by":"Blue Slaver","ascension_level":16}