{"gold_per_floor":[110,35,35,35,54,54,80,80,80,107,134,146,184,206,218,307,319,345,374,386,398,410,457,469,481,520,321,354,367,367,417,417,489,489,500,290,303,90,0,0,0,20,47,73,85,85,85,113,113,113,113,113,113,29,54,54],"floor_reached":57,"playtime":2643,"items_purged":["Strike_R","Strike_R"],"score":2808,"play_id":"5e51ad56-44db-4e0d-81d2-e65cfc46e3da","local_time":"20190511151313","is_ascension_mode":true,"campfire_choices":[{"data":"Bash","floor":6,"key":"SMITH"},{"data":"Havoc","floor":8,"key":"SMITH"},{"data":"Clothesline","floor":12,"key":"SMITH"},{"data":"Feel No Pain","floor":15,"key":"SMITH"},{"floor":25,"key":"REST"},{"floor":30,"key":"REST"},{"data":"Demon Form","floor":32,"key":"SMITH"},{"data":"Feel No Pain","floor":40,"key":"SMITH"},{"data":"Metallicize","floor":47,"key":"SMITH"},{"floor":49,"key":"RECALL"},{"floor":53,"key":"REST"}],"neow_cost":"NONE","seed_source_timestamp":887570758559328,"circlet_count":0,"master_deck":["AscendersBane","Strike_R","Strike_R","Defend_R","Defend_R","Defend_R","Defend_R","Bash+1","Havoc+1","Clothesline+1","Cleave","Flame Barrier+1","Anger","True Grit+1","Feel No Pain+1","True Grit+1","Demon Form+1","Metallicize+1","Armaments+1","Shrug It Off+1","Twin Strike","Shrug It Off+1","Shrug It Off+1","Barricade","Feel No Pain+1","Corruption+1","Reaper"],"relics":["Burning Blood","Toxic Egg 2","Pen Nib","MawBank","Question Card","Velvet Choker","Nilry\u0027s Codex","Self Forming Clay","Juzu Bracelet","Dodecahedron","Snecko Eye","Art of War","Frozen Eye","Red Mask","Singing Bowl","Oddly Smooth Stone","Du-Vu Doll"],"potions_floor_usage":[13,16,16,19,23,28,35,42,56,56],"damage_taken":[{"damage":6,"enemies":"Cultist","floor":1,"turns":3},{"damage":7,"enemies":"2 Louse","floor":5,"turns":4},{"damage":45,"enemies":"Lagavulin","floor":7,"turns":6},{"damage":1,"enemies":"Small Slimes","floor":10,"turns":3},{"damage":4,"enemies":"Blue Slaver","floor":11,"turns":3},{"damage":6,"enemies":"Gremlin Nob","floor":13,"turns":3},{"damage":7,"enemies":"Exordium Wildlife","floor":14,"turns":5},{"damage":7,"enemies":"The Guardian","floor":16,"turns":12},{"damage":7,"enemies":"3 Byrds","floor":18,"turns":5},{"damage":11,"enemies":"2 Thieves","floor":19,"turns":4},{"damage":35,"enemies":"Gremlin Leader","floor":23,"turns":7},{"damage":44,"enemies":"Book of Stabbing","floor":28,"turns":6},{"damage":1,"enemies":"Chosen and Byrds","floor":29,"turns":9},{"damage":8,"enemies":"Champ","floor":33,"turns":13},{"damage":9,"enemies":"3 Darklings","floor":35,"turns":5},{"damage":0,"enemies":"Orb Walker","floor":37,"turns":4},{"damage":4,"enemies":"Writhing Mass","floor":42,"turns":9},{"damage":0,"enemies":"Giant Head","floor":44,"turns":9},{"damage":0,"enemies":"Maw","floor":45,"turns":14},{"damage":1,"enemies":"Nemesis","floor":48,"turns":9},{"damage":26,"enemies":"Time Eater","floor":50,"turns":9},{"damage":26,"enemies":"Awakened One","floor":51,"turns":9},{"damage":17,"enemies":"Shield and Spear","floor":55,"turns":9},{"damage":0,"enemies":"The Heart","floor":56,"turns":10}],"seed_played":"5648067179582890566","potions_obtained":[{"floor":5,"key":"GamblersBrew"},{"floor":11,"key":"SteroidPotion"},{"floor":13,"key":"Poison Potion"},{"floor":16,"key":"Energy Potion"},{"floor":19,"key":"Strength Potion"},{"floor":28,"key":"AttackPotion"},{"floor":37,"key":"Energy Potion"},{"floor":42,"key":"Fire Potion"},{"floor":45,"key":"Dexterity Potion"}],"is_trial":false,"path_per_floor":["M","$","T","$","M","R","E","R","T","M","M","R","E","M","R","B",null,"M","M","$","?","?","E","?","R","T","$","E","M","R","?","R","B",null,"M","$","M","$","?","R","?","M","T","E","M","?","R","E","R","B","B",null,"R","$","E","B",null],"character_chosen":"IRONCLAD","items_purchased":["Shrug It Off+1","Regen Potion","Feel No Pain","Art of War","Frozen Eye","LiquidBronze"],"campfire_rested":3,"item_purchase_floors":[27,27,36,36,38,54],"current_hp_per_floor":[68,68,68,68,67,67,28,28,28,33,35,35,35,34,34,33,65,64,59,59,59,38,9,9,31,31,31,8,13,35,35,35,33,65,62,62,68,68,68,68,68,70,70,77,79,79,79,79,79,59,59,74,79,79,81,81],"gold":54,"neow_bonus":"THREE_CARDS","is_prod":false,"is_daily":false,"chose_seed":false,"campfire_upgraded":7,"win_rate":0,"timestamp":1557612793,"path_taken":["M","$","?","?","M","R","E","R","T","M","M","R","E","M","R","BOSS","M","M","$","?","?","E","?","R","T","?","E","M","R","?","R","BOSS","M","$","M","$","?","R","?","M","T","E","M","?","R","E","R","BOSS","BOSS","R","$","E","BOSS"],"build_version":"2019-05-07","purchased_purges":2,"victory":true,"max_hp_per_floor":[75,75,75,75,75,75,75,75,75,75,75,75,75,75,75,75,75,75,75,75,75,75,75,75,75,75,75,75,75,75,75,75,75,75,75,75,75,75,75,75,75,75,75,77,79,79,79,79,79,79,79,79,79,79,81,81],"card_choices":[{"not_picked":["Perfected Strike","Pommel Strike"],"picked":"Havoc","floor":0},{"not_picked":["Twin Strike","Iron Wave"],"picked":"Clothesline","floor":1},{"not_picked":["Dual Wield+1","Heavy Blade"],"picked":"Cleave","floor":5},{"not_picked":["Shockwave+1","Uppercut"],"picked":"Flame Barrier+1","floor":7},{"not_picked":["Havoc+1","Headbutt"],"picked":"Anger","floor":10},{"not_picked":["Infernal Blade+1","Clothesline"],"picked":"True Grit+1","floor":11},{"not_picked":["Shockwave+1","Armaments+1"],"picked":"Feel No Pain","floor":13},{"not_picked":["Flex+1","Warcry+1","Thunderclap"],"picked":"True Grit+1","floor":14},{"not_picked":["Barricade","Exhume+1","Offering+1"],"picked":"Demon Form","floor":16},{"not_picked":["Reckless Charge","Headbutt","Burning Pact+1"],"picked":"Metallicize","floor":18},{"not_picked":["Pommel Strike","Rampage","True Grit+1"],"picked":"Armaments+1","floor":19},{"not_picked":["Combust","Havoc+1","Headbutt"],"picked":"Twin Strike","floor":23},{"not_picked":["Bludgeon","Cleave+1","Inflame","Thunderclap"],"picked":"SKIP","floor":28},{"not_picked":["Body Slam","Wild Strike","Warcry+1"],"picked":"Shrug It Off+1","floor":29},{"not_picked":["Berserk","Demon Form","Impervious+1"],"picked":"Barricade","floor":33},{"not_picked":["Dual Wield+1","Havoc+1","Thunderclap","Cleave+1"],"picked":"SKIP","floor":35},{"not_picked":["Heavy Blade+1","Thunderclap","Iron Wave","Clothesline"],"picked":"SKIP","floor":37},{"not_picked":["True Grit+1","Blood for Blood","Twin Strike"],"picked":"Corruption+1","floor":42},{"not_picked":["Shrug It Off+1","Cleave","Flex+1","Heavy Blade"],"picked":"Singing Bowl","floor":44},{"not_picked":["Shrug It Off+1","Sword Boomerang","Spot Weakness+1","Cleave"],"picked":"Singing Bowl","floor":45},{"not_picked":["Impervious+1","Flex+1","Havoc+1"],"picked":"Reaper","floor":48},{"not_picked":["Spot Weakness+1","Carnage","Wild Strike","Flex+1"],"picked":"Singing Bowl","floor":55}],"player_experience":1247268,"relics_obtained":[{"floor":3,"key":"Toxic Egg 2"},{"floor":7,"key":"Pen Nib"},{"floor":9,"key":"MawBank"},{"floor":13,"key":"Question Card"},{"floor":22,"key":"Nilry\u0027s Codex"},{"floor":23,"key":"Self Forming Clay"},{"floor":26,"key":"Juzu Bracelet"},{"floor":28,"key":"Dodecahedron"},{"floor":44,"key":"Singing Bowl"},{"floor":48,"key":"Oddly Smooth Stone"},{"floor":55,"key":"Du-Vu Doll"}],"event_choices":[{"damage_healed":0,"gold_gain":0,"player_choice":"Read","damage_taken":0,"max_hp_gain":0,"max_hp_loss":0,"event_name":"The Library","floor":21,"gold_loss":0,"cards_obtained":["Shrug It Off"]},{"damage_healed":0,"gold_gain":0,"player_choice":"Obtained Book","damage_taken":21,"max_hp_gain":0,"max_hp_loss":0,"event_name":"Cursed Tome","floor":22,"gold_loss":0},{"damage_healed":0,"gold_gain":0,"player_choice":"Ignored","damage_taken":0,"max_hp_gain":0,"max_hp_loss":0,"event_name":"The Mausoleum","floor":24,"gold_loss":0},{"damage_healed":0,"gold_gain":50,"player_choice":"Stole From Cult","damage_taken":0,"max_hp_gain":0,"max_hp_loss":0,"event_name":"Nest","floor":31,"gold_loss":0},{"damage_healed":0,"gold_gain":0,"player_choice":"Paid","damage_taken":0,"relics_obtained":["Red Mask"],"max_hp_gain":0,"max_hp_loss":0,"event_name":"Tomb of Lord Red Mask","floor":39,"gold_loss":90},{"cards_removed":["Strike_R"],"damage_healed":0,"gold_gain":0,"player_choice":"Removed Attack","damage_taken":0,"max_hp_gain":0,"max_hp_loss":0,"event_name":"Falling","floor":41,"gold_loss":0},{"damage_healed":0,"gold_gain":0,"player_choice":"Ignored","damage_taken":0,"max_hp_gain":0,"max_hp_loss":0,"event_name":"SecretPortal","floor":46,"gold_loss":0}],"is_beta":true,"boss_relics":[{"not_picked":["Astrolabe","Busted Crown"],"picked":"Velvet Choker"},{"not_picked":["Cursed Key","Black Star"],"picked":"Snecko Eye"}],"items_purged_floors":[2,27],"is_endless":false,"potions_floor_spawned":[5,11,13,16,19,28,37,42,45,48],"ascension_level":20}