{"gold_per_floor":[119,44,44,58,58,93,93,127,153,153,169,183,183,196,196,292,292,308,327,44,169,203,203,239,239,239,294,80,80,5,25,25,120,120,144,144,269,491,511,511,552,552,552,552,552,596,89,103,103,103,103],"floor_reached":51,"playtime":1421,"items_purged":["Strike_R","Strike_R"],"score":1504,"play_id":"c1e4db07-cd1b-43d2-9a22-e86bbb315940","local_time":"20190601225416","is_ascension_mode":true,"campfire_choices":[{"data":"Bash","floor":7.0,"key":"SMITH"},{"floor":13.0,"key":"REST"},{"data":"Spot Weakness","floor":15.0,"key":"SMITH"},{"floor":23,"key":"REST"},{"floor":25,"key":"REST"},{"data":"Apotheosis","floor":29,"key":"SMITH"},{"floor":32,"key":"REST"},{"floor":40,"key":"RECALL"},{"data":"Limit Break","floor":42,"key":"SMITH"},{"data":"Havoc","floor":45,"key":"SMITH"},{"floor":49,"key":"REST"}],"neow_cost":"NONE","seed_source_timestamp":1381195898409999,"circlet_count":0,"master_deck":["AscendersBane","Defend_R","Defend_R","Defend_R","Defend_R","Bash+1","True Grit+1","Battle Trance","Pummel","Cleave","Anger","Clothesline","Spot Weakness+1","Limit Break+1","Havoc+1","Apotheosis+1","True Grit","Power Through","Evolve","True Grit","Warcry+1","Heavy Blade+1"],"special_seed":0,"relics":["Burning Blood","NeowsBlessing","Golden Idol","Blood Vial","Shuriken","Oddly Smooth Stone","Busted Crown","Du-Vu Doll","Mummified Hand","Red Mask","Lantern","Sundial","Happy Flower","Mark of Pain","FossilizedHelix","Potion Belt","Regal Pillow","Lee\u0027s Waffle","Pear"],"potions_floor_usage":[22,41,51],"damage_taken":[{"damage":0.0,"enemies":"Cultist","floor":1.0,"turns":1.0},{"damage":0.0,"enemies":"Small Slimes","floor":4.0,"turns":1.0},{"damage":0.0,"enemies":"Lagavulin","floor":6.0,"turns":1.0},{"damage":56.0,"enemies":"Gremlin Nob","floor":8.0,"turns":5.0},{"damage":0.0,"enemies":"2 Louse","floor":11.0,"turns":4.0},{"damage":7.0,"enemies":"Blue Slaver","floor":12.0,"turns":3.0},{"damage":7.0,"enemies":"3 Louse","floor":14.0,"turns":2.0},{"damage":25.0,"enemies":"The Guardian","floor":16.0,"turns":10.0},{"damage":22.0,"enemies":"Spheric Guardian","floor":18.0,"turns":5.0},{"damage":12.0,"enemies":"Chosen","floor":19.0,"turns":5.0},{"damage":39.0,"enemies":"Colosseum Slavers","floor":21.0,"turns":4.0},{"damage":10.0,"enemies":"Colosseum Nobs","floor":21.0,"turns":3.0},{"damage":17,"enemies":"Masked Bandits","floor":22,"turns":4},{"damage":23,"enemies":"Slavers","floor":24,"turns":4},{"damage":0,"enemies":"Snecko","floor":31,"turns":4},{"damage":37,"enemies":"Collector","floor":33,"turns":8},{"damage":29,"enemies":"3 Darklings","floor":35,"turns":5},{"damage":0,"enemies":"Mind Bloom Boss Battle","floor":37,"turns":6},{"damage":0,"enemies":"3 Shapes","floor":39,"turns":3},{"damage":5,"enemies":"Nemesis","floor":41,"turns":5},{"damage":8,"enemies":"Giant Head","floor":46,"turns":8},{"damage":18,"enemies":"Spire Growth","floor":48,"turns":3},{"damage":89,"enemies":"Donu and Deca","floor":50,"turns":8},{"damage":17,"enemies":"Awakened One","floor":51,"turns":3}],"seed_played":"7952943238711660054","potions_obtained":[{"floor":8.0,"key":"Block Potion"},{"floor":11.0,"key":"AttackPotion"},{"floor":14.0,"key":"SteroidPotion"},{"floor":19.0,"key":"SpeedPotion"},{"floor":33,"key":"SkillPotion"},{"floor":35,"key":"FearPotion"},{"floor":41,"key":"Weak Potion"}],"is_trial":false,"path_per_floor":["M","?","?","M","?","E","R","E","T","?","M","M","R","M","R","B",null,"M","M","$","?","?","R","E","R","T","T","$","R","?","M","R","B",null,"M","$","?","?","M","R","E","R","T","?","R","E","$","M","R","B","B"],"character_chosen":"IRONCLAD","items_purchased":["Apotheosis","Power Through","Evolve","Lee\u0027s Waffle","Pear"],"campfire_rested":5,"item_purchase_floors":[20,28,28,47,47],"current_hp_per_floor":[74,74,79,80,52,58,58,10,10,10,18,19,43,44,44,27,67,53,49,49,16,7,31,16,40,40,40,40,40,40,48,72,43,71,50,50,58,58,66,66,69,69,69,69,69,69,97,85,97,14,0],"gold":103,"neow_bonus":"THREE_ENEMY_KILL","is_prod":false,"is_daily":false,"chose_seed":false,"campfire_upgraded":5,"win_rate":0,"timestamp":1559454856,"path_taken":["M","?","?","M","?","E","R","E","T","?","M","?","R","M","R","BOSS","M","M","$","?","?","R","E","R","T","?","?","R","?","M","R","BOSS","M","$","?","?","M","R","E","R","T","?","R","E","$","M","R","BOSS","BOSS"],"build_version":"2019-05-31","purchased_purges":2,"victory":false,"max_hp_per_floor":[75,75,80,80,80,80,80,80,80,80,80,80,80,80,80,80,80,80,80,80,80,80,80,80,80,80,80,80,80,80,80,80,80,80,80,80,80,80,80,80,80,80,80,80,80,80,97,97,97,97,97],"card_choices":[{"not_picked":["Clash","Clothesline"],"picked":"True Grit","floor":1.0},{"not_picked":["Headbutt","Pommel Strike"],"picked":"Battle Trance","floor":4.0},{"not_picked":["Berserk","Clothesline"],"picked":"Pummel","floor":6.0},{"not_picked":["Perfected Strike","Body Slam"],"picked":"Cleave","floor":8.0},{"not_picked":["Rage","Iron Wave"],"picked":"Anger","floor":11.0},{"not_picked":["Warcry","Cleave"],"picked":"Clothesline","floor":12.0},{"not_picked":["Ghostly Armor","Twin Strike"],"picked":"Spot Weakness","floor":14.0},{"not_picked":["Demon Form","Juggernaut"],"picked":"Limit Break","floor":16.0},{"not_picked":[],"picked":"Havoc","floor":18.0},{"not_picked":["Iron Wave"],"picked":"SKIP","floor":19.0},{"not_picked":[],"picked":"True Grit","floor":21.0},{"not_picked":["Sentinel"],"picked":"SKIP","floor":24},{"not_picked":["Searing Blow"],"picked":"SKIP","floor":31},{"not_picked":[],"picked":"True Grit","floor":35},{"not_picked":[],"picked":"Warcry+1","floor":39},{"not_picked":["Infernal Blade"],"picked":"SKIP","floor":41},{"not_picked":[],"picked":"Heavy Blade+1","floor":46},{"not_picked":["Heavy Blade"],"picked":"SKIP","floor":48}],"player_experience":1295084,"relics_obtained":[{"floor":6.0,"key":"Blood Vial"},{"floor":8.0,"key":"Shuriken"},{"floor":9.0,"key":"Oddly Smooth Stone"},{"floor":21.0,"key":"Du-Vu Doll"},{"floor":21.0,"key":"Mummified Hand"},{"floor":22,"key":"Red Mask"},{"floor":24,"key":"Lantern"},{"floor":26,"key":"Sundial"},{"floor":27,"key":"Happy Flower"},{"floor":37,"key":"FossilizedHelix"},{"floor":41,"key":"Potion Belt"},{"floor":46,"key":"Regal Pillow"}],"event_choices":[{"cards_removed":["Strike_R"],"damage_healed":0.0,"max_hp_gain":0.0,"max_hp_loss":0.0,"gold_gain":0.0,"event_name":"The Cleric","player_choice":"Card Removal","floor":2.0,"gold_loss":75.0,"damage_taken":0.0},{"damage_healed":0.0,"max_hp_gain":5.0,"max_hp_loss":0.0,"gold_gain":0.0,"event_name":"Big Fish","player_choice":"Donut","floor":3.0,"gold_loss":0.0,"damage_taken":0.0},{"damage_healed":0.0,"max_hp_gain":0.0,"max_hp_loss":0.0,"gold_gain":0.0,"event_name":"Golden Idol","player_choice":"Take Damage","floor":5.0,"gold_loss":0.0,"damage_taken":28.0,"relics_obtained":["Golden Idol"]},{"damage_healed":0.0,"max_hp_gain":0.0,"max_hp_loss":0.0,"gold_gain":0.0,"event_name":"Upgrade Shrine","player_choice":"Upgraded","floor":10.0,"gold_loss":0.0,"damage_taken":0.0,"cards_upgraded":["True Grit"]},{"damage_healed":0.0,"max_hp_gain":0.0,"max_hp_loss":0.0,"gold_gain":0.0,"event_name":"Colosseum","player_choice":"Fight","floor":21.0,"gold_loss":0.0,"damage_taken":0.0},{"damage_healed":0.0,"max_hp_gain":0.0,"max_hp_loss":0.0,"gold_gain":0.0,"event_name":"Colosseum","player_choice":"Fought Nobs","floor":21.0,"gold_loss":0.0,"damage_taken":0.0},{"damage_healed":0,"gold_gain":0,"player_choice":"Fought Bandits","damage_taken":0,"max_hp_gain":0,"max_hp_loss":0,"event_name":"Masked Bandits","floor":22,"gold_loss":0},{"cards_removed":["Strike_R"],"damage_healed":0,"gold_gain":0,"player_choice":"Gave Gold","damage_taken":0,"max_hp_gain":0,"max_hp_loss":0,"event_name":"Beggar","floor":30,"gold_loss":75},{"damage_healed":0,"gold_gain":0,"player_choice":"Fight","damage_taken":0,"max_hp_gain":0,"max_hp_loss":0,"event_name":"MindBloom","floor":37,"gold_loss":0},{"damage_healed":0,"gold_gain":222,"player_choice":"Wore Mask","damage_taken":0,"max_hp_gain":0,"max_hp_loss":0,"event_name":"Tomb of Lord Red Mask","floor":38,"gold_loss":0},{"cards_removed":["Strike_R"],"damage_healed":0,"gold_gain":0,"player_choice":"Removed Attack","damage_taken":0,"max_hp_gain":0,"max_hp_loss":0,"event_name":"Falling","floor":44,"gold_loss":0}],"is_beta":true,"boss_relics":[{"not_picked":["White Beast Statue","Tiny House"],"picked":"Busted Crown"},{"not_picked":["Sozu","Pandora\u0027s Box"],"picked":"Mark of Pain"}],"items_purged_floors":[20,28],"is_endless":false,"potions_floor_spawned":[8,11,14,19,21,33,35,37,41],"killed_by":"Awakened One","ascension_level":20}