{"gold_per_floor":[119,44,44,44,54,54,84,104,104,104,138,138,155,173,173,173],"floor_reached":16,"playtime":357,"items_purged":["Strike_R"],"score":263,"play_id":"a9e4942a-34a2-4e90-826d-19d0eb7ca670","local_time":"20190508222543","is_ascension_mode":true,"campfire_choices":[{"data":"Body Slam","floor":6,"key":"SMITH"},{"data":"Whirlwind","floor":10,"key":"SMITH"},{"data":"Iron Wave","floor":12,"key":"SMITH"},{"data":"Evolve","floor":15,"key":"SMITH"}],"neow_cost":"NONE","seed_source_timestamp":2337656811496594,"circlet_count":0,"master_deck":["AscendersBane","Strike_R","Strike_R","Strike_R","Strike_R","Defend_R","Defend_R","Defend_R","Defend_R","Bash","Whirlwind+1","Body Slam+1","Cleave","Disarm","Iron Wave+1","Evolve+1"],"relics":["Burning Blood","NeowsBlessing","Pantograph","Dodecahedron","Bottled Flame"],"potions_floor_usage":[16,16],"damage_taken":[{"damage":0,"enemies":"Small Slimes","floor":1,"turns":1},{"damage":0,"enemies":"Cultist","floor":5,"turns":1},{"damage":0,"enemies":"3 Sentries","floor":7,"turns":1},{"damage":1,"enemies":"2 Louse","floor":8,"turns":2},{"damage":52,"enemies":"Lagavulin","floor":11,"turns":7},{"damage":13,"enemies":"Exordium Thugs","floor":13,"turns":4},{"damage":0,"enemies":"Gremlin Gang","floor":14,"turns":1},{"damage":56,"enemies":"Slime Boss","floor":16,"turns":9}],"seed_played":"-4468113768001077750","potions_obtained":[{"floor":1,"key":"Swift Potion"},{"floor":11,"key":"Fire Potion"},{"floor":13,"key":"EssenceOfSteel"}],"is_trial":false,"path_per_floor":["M","$","?","$","M","R","E","M","T","R","E","R","M","M","R","B"],"character_chosen":"IRONCLAD","items_purchased":[],"campfire_rested":0,"item_purchase_floors":[],"current_hp_per_floor":[74,74,75,75,75,75,75,75,75,75,29,29,22,28,28,0],"gold":173,"neow_bonus":"THREE_ENEMY_KILL","is_prod":false,"is_daily":false,"chose_seed":false,"campfire_upgraded":4,"win_rate":0,"timestamp":1557347143,"path_taken":["M","$","?","?","?","R","E","M","T","R","E","R","M","M","R","BOSS"],"build_version":"2019-01-23","purchased_purges":1,"victory":false,"max_hp_per_floor":[75,75,75,75,75,75,75,75,75,75,75,75,75,75,75,75],"card_choices":[{"not_picked":["Flex","Burning Pact"],"picked":"Whirlwind","floor":1},{"not_picked":["Wild Strike","Warcry"],"picked":"Body Slam","floor":5},{"not_picked":["Second Wind","Bloodletting"],"picked":"Cleave","floor":7},{"not_picked":["Power Through","Feel No Pain"],"picked":"Disarm","floor":8},{"not_picked":["Sever Soul","Havoc"],"picked":"Iron Wave","floor":11},{"not_picked":["Power Through","Warcry","Fire Breathing"],"picked":"SKIP","floor":13},{"not_picked":["Perfected Strike","Searing Blow"],"picked":"Evolve","floor":14}],"player_experience":557069,"relics_obtained":[{"floor":7,"key":"Pantograph"},{"floor":9,"key":"Dodecahedron"},{"floor":11,"key":"Bottled Flame"}],"event_choices":[{"damage_healed":1,"gold_gain":0,"player_choice":"Full Heal","damage_taken":0,"max_hp_gain":0,"max_hp_loss":0,"event_name":"Wheel of Change","floor":3,"gold_loss":0}],"is_beta":false,"boss_relics":[],"items_purged_floors":[2],"is_endless":false,"potions_floor_spawned":[1,11,13],"killed_by":"Slime Boss","ascension_level":19}