{"gold_per_floor":[18,34,54,73,73,73,92,118,143,153,153,179,190,207,207,281,281,301,313,313,325,250,250,95,107,107,124,124,224,224,244,244,317,317,333,333,333,333,633,633,644,662,662,142,142,157,157,175,175,175],"floor_reached":51,"playtime":2108,"items_purged":["Strike_R","Strike_R","Strike_R"],"score":1305,"play_id":"c12f9d98-2ea0-4bb1-ac25-7cf39589a362","local_time":"20190413192007","is_ascension_mode":true,"campfire_choices":[{"data":"Demon Form","floor":6,"key":"SMITH"},{"data":"True Grit","floor":11,"key":"SMITH"},{"data":"Heavy Blade","floor":15,"key":"SMITH"},{"floor":23,"key":"REST"},{"floor":28,"key":"REST"},{"floor":32,"key":"REST"},{"floor":40,"key":"REST"},{"floor":45,"key":"REST"},{"floor":47,"key":"REST"},{"floor":49,"key":"REST"}],"neow_cost":"NO_GOLD","seed_source_timestamp":164647761591290,"circlet_count":0,"master_deck":["AscendersBane","Defend_R+1","Defend_R","Defend_R","Bash","Clothesline","Thunderclap","Shrug It Off+1","Demon Form+1","Feed","Cleave","True Grit+1","Heavy Blade+1","Rampage","Impervious","Shrug It Off","Metallicize+1","Metallicize+1","Body Slam+1","Reaper"],"relics":["Burning Blood","Pocketwatch","Red Skull","War Paint","Fusion Hammer","MutagenicStrength","Frozen Egg 2","Torii","Sundial","Sozu","Mercury Hourglass","Boot","Centennial Puzzle","HandDrill"],"potions_floor_usage":[8,12,18,33,50,50],"damage_taken":[{"damage":1,"enemies":"Cultist","floor":1,"turns":3},{"damage":4,"enemies":"Small Slimes","floor":2,"turns":4},{"damage":4,"enemies":"2 Louse","floor":3,"turns":3},{"damage":11,"enemies":"Looter","floor":4,"turns":3},{"damage":18,"enemies":"Large Slime","floor":7,"turns":8},{"damage":27,"enemies":"Lagavulin","floor":8,"turns":6},{"damage":9,"enemies":"Blue Slaver","floor":10,"turns":3},{"damage":16,"enemies":"3 Sentries","floor":12,"turns":5},{"damage":0,"enemies":"2 Fungi Beasts","floor":13,"turns":3},{"damage":4,"enemies":"Red Slaver","floor":14,"turns":4},{"damage":39,"enemies":"The Guardian","floor":16,"turns":8},{"damage":12,"enemies":"Chosen","floor":18,"turns":3},{"damage":35,"enemies":"2 Thieves","floor":19,"turns":4},{"damage":18,"enemies":"Shelled Parasite and Fungi","floor":21,"turns":7},{"damage":11,"enemies":"Centurion and Healer","floor":25,"turns":5},{"damage":0,"enemies":"Snecko","floor":27,"turns":4},{"damage":13,"enemies":"Colosseum Slavers","floor":29,"turns":6},{"damage":47,"enemies":"Colosseum Nobs","floor":29,"turns":5},{"damage":12,"enemies":"3 Cultists","floor":31,"turns":3},{"damage":36,"enemies":"Automaton","floor":33,"turns":8},{"damage":0,"enemies":"3 Shapes","floor":35,"turns":5},{"damage":12,"enemies":"3 Darklings","floor":41,"turns":4},{"damage":23,"enemies":"Maw","floor":42,"turns":7},{"damage":31,"enemies":"Transient","floor":46,"turns":6},{"damage":1,"enemies":"Spire Growth","floor":48,"turns":4},{"damage":37,"enemies":"Donu and Deca","floor":50,"turns":7}],"seed_played":"-2145833162495966098","potions_obtained":[{"floor":1,"key":"BloodPotion"},{"floor":4,"key":"AttackPotion"},{"floor":10,"key":"LiquidBronze"},{"floor":12,"key":"Swift Potion"},{"floor":13,"key":"BloodPotion"},{"floor":14,"key":"Strength Potion"},{"floor":19,"key":"SpeedPotion"},{"floor":29,"key":"Dexterity Potion"},{"floor":33,"key":"Dexterity Potion"}],"is_trial":false,"path_per_floor":["M","M","M","M","?","R","M","E","T","M","R","E","M","M","R","B",null,"M","M","?","M","$","R","$","M","T","M","R","?","?","M","R","B",null,"M","?","?","T","?","R","M","M","T","$","R","M","R","M","R","B",null],"character_chosen":"IRONCLAD","items_purchased":["Shrug It Off","Centennial Puzzle","HandDrill"],"campfire_rested":7,"item_purchase_floors":[24,44,44],"current_hp_per_floor":[73,75,75,70,70,70,61,47,47,47,47,40,49,51,51,18,70,75,46,46,37,37,64,64,62,62,68,96,54,54,51,82,55,95,104,104,104,104,104,111,108,91,91,91,114,89,114,114,114,117],"gold":175,"neow_bonus":"REMOVE_TWO","is_prod":false,"is_daily":false,"chose_seed":false,"campfire_upgraded":3,"win_rate":0,"timestamp":1555176007,"path_taken":["M","M","?","M","?","R","M","E","T","M","R","E","?","M","R","BOSS","M","M","?","M","$","R","$","M","T","M","R","?","?","M","R","BOSS","M","?","?","?","?","R","M","?","T","$","R","M","R","M","R","BOSS"],"build_version":"2019-01-23","purchased_purges":3,"victory":true,"max_hp_per_floor":[75,75,75,75,75,75,78,78,78,81,81,84,87,87,87,87,87,90,90,90,93,93,93,93,96,96,96,96,102,102,105,105,108,108,111,111,111,111,111,111,114,114,114,114,114,114,114,114,114,117],"card_choices":[{"not_picked":["Power Through","Armaments"],"picked":"Clothesline","floor":1},{"not_picked":["Sentinel","Pummel"],"picked":"Thunderclap","floor":2},{"not_picked":["Headbutt","Feel No Pain"],"picked":"Shrug It Off","floor":3},{"not_picked":["Clothesline","Whirlwind"],"picked":"Demon Form","floor":4},{"not_picked":["Combust","Flex"],"picked":"Cleave","floor":7},{"not_picked":["Clothesline","Clash","Rupture"],"picked":"SKIP","floor":8},{"not_picked":["Wild Strike","Rampage"],"picked":"True Grit","floor":10},{"not_picked":["Sever Soul","Whirlwind"],"picked":"Heavy Blade","floor":12},{"not_picked":["True Grit","Clothesline"],"picked":"Rampage","floor":13},{"not_picked":["Warcry","Havoc","Iron Wave"],"picked":"SKIP","floor":14},{"not_picked":["Offering","Feed"],"picked":"Impervious","floor":16},{"not_picked":["Warcry","Cleave","Iron Wave"],"picked":"SKIP","floor":18},{"not_picked":["Heavy Blade","Thunderclap+1","Pummel"],"picked":"SKIP","floor":19},{"not_picked":["Havoc","Iron Wave","Combust"],"picked":"SKIP","floor":21},{"not_picked":["Sword Boomerang","Iron Wave","Power Through+1"],"picked":"SKIP","floor":25},{"not_picked":["Power Through","Thunderclap","Warcry"],"picked":"SKIP","floor":27},{"not_picked":["Havoc","Second Wind","Battle Trance"],"picked":"SKIP","floor":31},{"not_picked":["Havoc","Clash"],"picked":"Metallicize+1","floor":35},{"not_picked":["Clash+1","Cleave+1","Iron Wave"],"picked":"SKIP","floor":41},{"not_picked":["Heavy Blade","Perfected Strike"],"picked":"Metallicize+1","floor":42},{"not_picked":["Pummel","Pommel Strike"],"picked":"Body Slam+1","floor":46},{"not_picked":["Intimidate","Sword Boomerang"],"picked":"Reaper","floor":48}],"player_experience":492826,"relics_obtained":[{"floor":8,"key":"Pocketwatch"},{"floor":9,"key":"Red Skull"},{"floor":12,"key":"War Paint"},{"floor":26,"key":"Frozen Egg 2"},{"floor":29,"key":"Torii"},{"floor":29,"key":"Sundial"},{"floor":38,"key":"Mercury Hourglass"},{"floor":43,"key":"Boot"}],"event_choices":[{"damage_healed":0,"gold_gain":0,"player_choice":"1 cards matched","damage_taken":0,"max_hp_gain":0,"max_hp_loss":0,"event_name":"Match and Keep!","floor":5,"gold_loss":0,"cards_obtained":["Feed"]},{"damage_healed":0,"gold_gain":0,"player_choice":"Inject Mutagens","damage_taken":0,"relics_obtained":["MutagenicStrength"],"max_hp_gain":0,"max_hp_loss":0,"event_name":"Drug Dealer","floor":20,"gold_loss":0},{"damage_healed":0,"gold_gain":0,"player_choice":"Fight","damage_taken":0,"max_hp_gain":0,"max_hp_loss":0,"event_name":"Colosseum","floor":29,"gold_loss":0},{"damage_healed":0,"gold_gain":0,"player_choice":"Fought Nobs","damage_taken":0,"max_hp_gain":0,"max_hp_loss":0,"event_name":"Colosseum","floor":29,"gold_loss":0},{"damage_healed":0,"gold_gain":0,"player_choice":"Ignored","damage_taken":0,"max_hp_gain":0,"max_hp_loss":0,"event_name":"The Mausoleum","floor":30,"gold_loss":0},{"damage_healed":0,"gold_gain":0,"player_choice":"Ignored","damage_taken":0,"max_hp_gain":0,"max_hp_loss":0,"event_name":"Tomb of Lord Red Mask","floor":36,"gold_loss":0},{"cards_removed":["Defend_R"],"damage_healed":0,"gold_gain":0,"player_choice":"Removed Skill","damage_taken":0,"max_hp_gain":0,"max_hp_loss":0,"event_name":"Falling","floor":37,"gold_loss":0},{"damage_healed":0,"gold_gain":300,"player_choice":"Gold","damage_taken":0,"max_hp_gain":0,"max_hp_loss":0,"event_name":"Wheel of Change","floor":39,"gold_loss":0}],"is_beta":false,"boss_relics":[{"not_picked":["Tiny House","Pandora\u0027s Box"],"picked":"Fusion Hammer"},{"not_picked":["Mark of Pain","Busted Crown"],"picked":"Sozu"}],"items_purged_floors":[22,24,44],"is_endless":false,"potions_floor_spawned":[1,4,10,12,13,14,16,19,29,33,35,42,46],"ascension_level":17}