{"gold_per_floor":[148,148,161,180,180,180,19,39,62,88,108,133,133,143,143,215,215,233,46,59,87,12,12,42,55,78,78],"floor_reached":27,"playtime":914,"items_purged":["Pain","Strike_B"],"score":586,"play_id":"e045dddb-feb5-4ca3-9b60-be015bf5bf31","local_time":"20190510184043","is_ascension_mode":true,"campfire_choices":[{"data":"Zap","floor":6,"key":"SMITH"},{"data":"Reinforced Body","floor":13,"key":"SMITH"},{"data":"Redo","floor":15,"key":"SMITH"},{"floor":23,"key":"REST"}],"neow_cost":"NONE","seed_source_timestamp":815372787871372,"circlet_count":0,"master_deck":["AscendersBane","Defend_B","Defend_B","Defend_B","Defend_B","Zap+1","Dualcast","Ball Lightning","Doom and Gloom","Undo","FTL","Hologram","Redo+1","Reinforced Body+1","Ball Lightning","Reinforced Body","Core Surge","Compile Driver","Recycle","Fusion","Rainbow","Aggregate","Cold Snap+1"],"relics":["Cracked Core","Tiny Chest","WarpedTongs","Bag of Preparation","Regal Pillow","Lantern","Philosopher\u0027s Stone","Red Mask","Meat on the Bone","Anchor"],"potions_floor_usage":[16,24],"damage_taken":[{"damage":3,"enemies":"2 Louse","floor":1,"turns":2},{"damage":0,"enemies":"Cultist","floor":3,"turns":3},{"damage":2,"enemies":"Jaw Worm","floor":4,"turns":3},{"damage":17,"enemies":"Lots of Slimes","floor":8,"turns":3},{"damage":1,"enemies":"3 Sentries","floor":10,"turns":5},{"damage":0,"enemies":"2 Fungi Beasts","floor":11,"turns":2},{"damage":12,"enemies":"Lagavulin","floor":12,"turns":6},{"damage":0,"enemies":"3 Louse","floor":14,"turns":3},{"damage":0,"enemies":"Slime Boss","floor":16,"turns":6},{"damage":0,"enemies":"Chosen","floor":18,"turns":3},{"damage":10,"enemies":"3 Byrds","floor":20,"turns":3},{"damage":29,"enemies":"Masked Bandits","floor":21,"turns":3},{"damage":21,"enemies":"Book of Stabbing","floor":24,"turns":5},{"damage":0,"enemies":"Centurion and Healer","floor":25,"turns":7},{"damage":57,"enemies":"Slavers","floor":27,"turns":4}],"seed_played":"7279507738494282209","potions_obtained":[{"floor":1,"key":"Weak Potion"},{"floor":8,"key":"Ancient Potion"},{"floor":10,"key":"Strength Potion"},{"floor":21,"key":"Regen Potion"},{"floor":25,"key":"Dexterity Potion"}],"is_trial":false,"path_per_floor":["M","?","M","M","?","R","$","M","T","E","M","E","R","M","R","B",null,"M","$","M","?","?","R","E","M","T","E"],"character_chosen":"DEFECT","items_purchased":["FTL","Recycle"],"campfire_rested":1,"item_purchase_floors":[7,19],"current_hp_per_floor":[61,61,61,59,59,59,59,42,42,41,41,29,29,29,29,29,61,61,61,51,22,22,58,51,51,51,0],"gold":78,"neow_bonus":"RANDOM_COMMON_RELIC","is_prod":false,"is_daily":false,"chose_seed":false,"campfire_upgraded":3,"win_rate":0,"timestamp":1557538843,"path_taken":["M","?","?","M","?","R","$","?","T","E","M","E","R","M","R","BOSS","M","$","M","?","?","R","E","?","T","E"],"build_version":"2019-05-07","purchased_purges":2,"victory":false,"max_hp_per_floor":[71,71,71,71,71,71,71,71,71,71,71,71,71,71,71,71,71,71,71,71,71,71,71,71,71,71,71],"card_choices":[{"not_picked":["Tempest","Gash"],"picked":"Ball Lightning","floor":1},{"not_picked":["Tempest","Reinforced Body"],"picked":"Doom and Gloom","floor":3},{"not_picked":["Consume","Melter"],"picked":"Undo","floor":4},{"not_picked":["Storm","Beam Cell"],"picked":"Hologram","floor":8},{"not_picked":["Gash","Tempest"],"picked":"Redo","floor":10},{"not_picked":["FTL","Beam Cell"],"picked":"Reinforced Body","floor":11},{"not_picked":["Compile Driver","Steam Power"],"picked":"Ball Lightning","floor":12},{"not_picked":["Fusion","FTL"],"picked":"Reinforced Body","floor":14},{"not_picked":["Seek","Thunder Strike"],"picked":"Core Surge","floor":16},{"not_picked":["Double Energy","Rebound"],"picked":"Compile Driver","floor":18},{"not_picked":["Streamline","Lockon"],"picked":"Fusion","floor":20},{"not_picked":["Chill","Doom and Gloom"],"picked":"Cold Snap+1","floor":24},{"not_picked":["Static Discharge","Beam Cell","Go for the Eyes"],"picked":"SKIP","floor":25}],"player_experience":1245546,"relics_obtained":[{"floor":9,"key":"Bag of Preparation"},{"floor":10,"key":"Regal Pillow"},{"floor":12,"key":"Lantern"},{"floor":21,"key":"Red Mask"},{"floor":24,"key":"Meat on the Bone"},{"floor":26,"key":"Anchor"}],"event_choices":[{"cards_removed":["Strike_B"],"damage_healed":0,"gold_gain":0,"player_choice":"Offered Basic","damage_taken":0,"max_hp_gain":0,"max_hp_loss":0,"event_name":"Bonfire Elementals","floor":2,"gold_loss":0},{"damage_healed":0,"gold_gain":0,"player_choice":"Rummage","damage_taken":0,"relics_obtained":["WarpedTongs"],"max_hp_gain":0,"max_hp_loss":0,"event_name":"Accursed Blacksmith","floor":5,"gold_loss":0,"cards_obtained":["Pain"]},{"damage_healed":0,"gold_gain":0,"player_choice":"Fought Bandits","damage_taken":0,"max_hp_gain":0,"max_hp_loss":0,"event_name":"Masked Bandits","floor":21,"gold_loss":0},{"damage_healed":0,"gold_gain":0,"cards_transformed":["Strike_B","Strike_B"],"player_choice":"Transformed Cards","damage_taken":0,"max_hp_gain":0,"max_hp_loss":0,"event_name":"Designer","floor":22,"gold_loss":75,"cards_obtained":["Rainbow","Aggregate"]}],"is_beta":true,"boss_relics":[{"not_picked":["Calling Bell","Black Star"],"picked":"Philosopher\u0027s Stone"}],"items_purged_floors":[7,19],"is_endless":false,"potions_floor_spawned":[1,8,10,11,21,25],"killed_by":"Slavers","ascension_level":20}