{"gold_per_floor":[110,110,120,132,132,132,157,5,53,53,13,28,63,78,78,149,149,159,74,0,19,19,19,19,19,19,19,19,19,34,44,44,44],"floor_reached":33,"playtime":1143,"items_purged":["Strike_G"],"score":486,"play_id":"5756f077-509d-462f-ae59-a85d87a48016","local_time":"20190506210327","is_ascension_mode":true,"campfire_choices":[{"data":"Neutralize","floor":6,"key":"SMITH"},{"floor":10,"key":"REST"},{"floor":15,"key":"REST"},{"data":"Noxious Fumes","floor":23,"key":"SMITH"},{"data":"Dash","floor":27,"key":"SMITH"},{"data":"Dash","floor":29,"key":"SMITH"},{"data":"Survivor","floor":32,"key":"SMITH"}],"neow_cost":"NONE","seed_source_timestamp":2159122220091306,"circlet_count":0,"master_deck":["AscendersBane","Defend_G","Defend_G","Defend_G","Defend_G","Defend_G","Strike_G","Strike_G","Strike_G","Strike_G","Survivor+1","Neutralize+1","Dash+1","Leg Sweep","Dash+1","Heel Hook","Terror","Dagger Throw","Noxious Fumes+1","Unload","PiercingWail+1","Infinite Blades","Cloak And Dagger","Caltrops"],"relics":["Ring of the Snake","Art of War","StoneCalendar","Odd Mushroom","Pen Nib","Incense Burner","Coffee Dripper","Bag of Marbles","Bronze Scales"],"potions_floor_usage":[16,30],"damage_taken":[{"damage":5,"enemies":"Cultist","floor":1,"turns":6},{"damage":2,"enemies":"2 Louse","floor":3,"turns":3},{"damage":0,"enemies":"Small Slimes","floor":4,"turns":4},{"damage":21,"enemies":"The Mushroom Lair","floor":7,"turns":7},{"damage":1,"enemies":"Looter","floor":11,"turns":4},{"damage":0,"enemies":"Exordium Wildlife","floor":12,"turns":6},{"damage":11,"enemies":"Lagavulin","floor":13,"turns":5},{"damage":7,"enemies":"Large Slime","floor":14,"turns":6},{"damage":19,"enemies":"The Guardian","floor":16,"turns":11},{"damage":15,"enemies":"Spheric Guardian","floor":18,"turns":7},{"damage":0,"enemies":"Chosen","floor":21,"turns":3},{"damage":1,"enemies":"Snecko","floor":30,"turns":6},{"damage":4,"enemies":"Shelled Parasite and Fungi","floor":31,"turns":5},{"damage":31,"enemies":"Champ","floor":33,"turns":9}],"seed_played":"2483892167305033945","potions_obtained":[{"floor":1,"key":"Dexterity Potion"},{"floor":4,"key":"EssenceOfSteel"},{"floor":18,"key":"Explosive Potion"}],"is_trial":false,"path_per_floor":["M","?","M","M","?","R","?","$","T","R","M","M","E","M","R","B",null,"M","?","?","M","$","R","?","$","T","R","$","R","M","M","R","B"],"character_chosen":"THE_SILENT","items_purchased":["Heel Hook"],"campfire_rested":2,"item_purchase_floors":[8],"current_hp_per_floor":[54,43,41,41,41,41,20,20,20,39,38,38,27,20,39,20,55,40,40,40,40,40,40,22,22,22,22,22,22,21,17,17,0],"gold":44,"neow_bonus":"RANDOM_COMMON_RELIC","is_prod":false,"is_daily":false,"chose_seed":false,"campfire_upgraded":5,"win_rate":0,"timestamp":1557169407,"path_taken":["M","?","M","M","?","R","?","$","T","R","M","M","E","M","R","BOSS","M","?","?","M","?","R","?","?","T","R","$","R","?","?","R","BOSS"],"build_version":"2019-01-23","purchased_purges":1,"victory":false,"max_hp_per_floor":[66,66,66,66,66,66,66,66,66,66,66,66,66,66,66,66,66,66,66,66,66,66,66,71,71,71,71,71,71,71,71,71,71],"card_choices":[{"not_picked":["Concentrate","Escape Plan"],"picked":"Dash","floor":1},{"not_picked":["Reflex","Slice","Acrobatics"],"picked":"SKIP","floor":3},{"not_picked":["Deadly Poison","Dagger Spray"],"picked":"Leg Sweep","floor":4},{"not_picked":["PiercingWail","Dodge and Roll"],"picked":"Dash","floor":7},{"not_picked":["Escape Plan","PiercingWail"],"picked":"Terror","floor":11},{"not_picked":["Poisoned Stab","Leg Sweep"],"picked":"Dagger Throw","floor":12},{"not_picked":["Burst","Deadly Poison","Reflex"],"picked":"SKIP","floor":13},{"not_picked":["PiercingWail","Heel Hook"],"picked":"Noxious Fumes","floor":14},{"not_picked":["Venomology","Doppelganger"],"picked":"Unload","floor":16},{"not_picked":["Finisher+1","Choke"],"picked":"PiercingWail+1","floor":18},{"not_picked":["Terror","Distraction"],"picked":"Infinite Blades","floor":21},{"not_picked":["Deadly Poison","Dagger Spray"],"picked":"Cloak And Dagger","floor":30},{"not_picked":["Sucker Punch","Tactician"],"picked":"Caltrops","floor":31}],"player_experience":543231,"relics_obtained":[{"floor":7,"key":"Odd Mushroom"},{"floor":9,"key":"Pen Nib"},{"floor":13,"key":"Incense Burner"},{"floor":26,"key":"Bronze Scales"}],"event_choices":[{"damage_healed":0,"gold_gain":0,"player_choice":"Success","damage_taken":11,"relics_obtained":["StoneCalendar"],"max_hp_gain":0,"max_hp_loss":0,"event_name":"Scrap Ooze","floor":2,"gold_loss":0},{"damage_healed":0,"gold_gain":0,"player_choice":"Ignored","damage_taken":0,"max_hp_gain":0,"max_hp_loss":0,"event_name":"Golden Idol","floor":5,"gold_loss":0},{"damage_healed":0,"gold_gain":0,"player_choice":"Fought Mushrooms","damage_taken":0,"max_hp_gain":0,"max_hp_loss":0,"event_name":"Mushrooms","floor":7,"gold_loss":0},{"damage_healed":0,"gold_gain":0,"player_choice":"Obtained Relic","damage_taken":0,"relics_obtained":["Bag of Marbles"],"max_hp_gain":0,"max_hp_loss":0,"event_name":"Addict","floor":19,"gold_loss":85},{"damage_healed":0,"gold_gain":0,"player_choice":"Paid Fearfully","damage_taken":0,"max_hp_gain":0,"max_hp_loss":0,"event_name":"Masked Bandits","floor":20,"gold_loss":74},{"damage_healed":0,"gold_gain":0,"player_choice":"Shed Blood","damage_taken":23,"max_hp_gain":5,"max_hp_loss":0,"event_name":"Forgotten Altar","floor":24,"gold_loss":0}],"is_beta":false,"boss_relics":[{"not_picked":["Calling Bell","Runic Dome"],"picked":"Coffee Dripper"}],"items_purged_floors":[8],"is_endless":false,"potions_floor_spawned":[1,4,7,14,18,21],"killed_by":"Champ","ascension_level":20}