{"gold_per_floor":[109,259,259,48,58,84,84,84,84,84,159,159,187,197,197,271,271,289,339,358,358,372,372,407,407,407,432,446,69,89,143,143,143],"floor_reached":33,"playtime":1054,"items_purged":["Strike_G"],"score":632,"play_id":"ea269544-4eac-4bbd-836e-881e88a57f17","local_time":"20190608112408","is_ascension_mode":true,"campfire_choices":[{"data":"Neutralize","floor":7,"key":"SMITH"},{"data":"Deadly Poison","floor":10,"key":"SMITH"},{"data":"Bouncing Flask","floor":12,"key":"SMITH"},{"data":"Poisoned Stab","floor":15,"key":"SMITH"},{"data":"Catalyst","floor":23,"key":"SMITH"},{"floor":25,"key":"REST"},{"floor":32,"key":"REST"}],"neow_cost":"NONE","seed_source_timestamp":85648762261546,"circlet_count":0,"master_deck":["AscendersBane","Strike_G","Strike_G","Strike_G","Defend_G","Defend_G","Defend_G","Defend_G","Defend_G","Survivor","Neutralize+1","Dagger Spray","Poisoned Stab+1","Infinite Blades","Bouncing Flask+1","Deadly Poison+1","Cloak And Dagger","Well Laid Plans","After Image","Noxious Fumes","Catalyst+1","Cloak And Dagger","Predator+1","Dash","Backflip","Backflip"],"relics":["Ring of the Snake","NeowsBlessing","Bottled Flame","Pear","Ninja Scroll","Orrery","Question Card","Dead Branch","Letter Opener","Oddly Smooth Stone","Bronze Scales","Pen Nib"],"potions_floor_usage":[13,16,27,28,30,33],"damage_taken":[{"damage":0,"enemies":"Small Slimes","floor":1,"turns":1},{"damage":0,"enemies":"2 Louse","floor":5,"turns":1},{"damage":0,"enemies":"Gremlin Nob","floor":6,"turns":1},{"damage":33,"enemies":"3 Sentries","floor":13,"turns":8},{"damage":0,"enemies":"Jaw Worm","floor":14,"turns":3},{"damage":3,"enemies":"Hexaghost","floor":16,"turns":7},{"damage":3,"enemies":"3 Byrds","floor":18,"turns":4},{"damage":7,"enemies":"Chosen","floor":20,"turns":5},{"damage":14,"enemies":"Snecko","floor":22,"turns":6},{"damage":37,"enemies":"Book of Stabbing","floor":24,"turns":5},{"damage":27,"enemies":"Slavers","floor":27,"turns":5},{"damage":19,"enemies":"Snake Plant","floor":28,"turns":6},{"damage":0,"enemies":"Centurion and Healer","floor":30,"turns":7},{"damage":32,"enemies":"Champ","floor":33,"turns":6}],"seed_played":"-1735021684991066922","potions_obtained":[{"floor":5,"key":"SkillPotion"},{"floor":6,"key":"PowerPotion"},{"floor":14,"key":"Regen Potion"},{"floor":20,"key":"Swift Potion"},{"floor":27,"key":"PowerPotion"},{"floor":30,"key":"Poison Potion"}],"is_trial":false,"path_per_floor":["M","?","?","$","M","E","R","?","T","R","?","R","E","M","R","B",null,"M","?","M","?","M","R","E","R","T","E","M","$","M","T","R","B"],"character_chosen":"THE_SILENT","items_purchased":["Poisoned Stab","Infinite Blades","Oddly Smooth Stone","Bronze Scales","Backflip"],"campfire_rested":2,"item_purchase_floors":[4,4,29,29,29],"current_hp_per_floor":[59,59,59,59,59,59,59,52,62,62,51,51,18,18,18,30,65,62,62,55,76,62,62,25,47,47,20,1,1,1,1,23,0],"gold":143,"neow_bonus":"THREE_ENEMY_KILL","is_prod":false,"is_daily":false,"chose_seed":false,"campfire_upgraded":5,"win_rate":0,"timestamp":1560018248,"path_taken":["M","?","?","?","?","E","R","?","T","R","?","R","E","M","R","BOSS","M","?","M","?","?","R","E","R","T","E","M","$","M","?","R","BOSS"],"build_version":"2019-06-07","purchased_purges":1,"victory":false,"max_hp_per_floor":[66,66,66,66,66,66,66,66,76,76,76,76,76,76,76,76,76,76,76,76,76,76,76,76,76,76,76,76,76,76,76,76,76],"card_choices":[{"not_picked":["Quick Slash","Dodge and Roll"],"picked":"Dagger Spray","floor":1},{"not_picked":["Dagger Spray","Acrobatics"],"picked":"Bouncing Flask","floor":5},{"not_picked":["Unload","Deflect"],"picked":"Deadly Poison","floor":6},{"not_picked":["Masterful Stab","All Out Attack"],"picked":"Cloak And Dagger","floor":13},{"not_picked":["Eviscerate","Skewer"],"picked":"Well Laid Plans","floor":14},{"not_picked":["Grand Finale","Burst"],"picked":"After Image","floor":16},{"not_picked":["Deadly Poison","Dagger Throw"],"picked":"Noxious Fumes","floor":17},{"not_picked":["Caltrops","Bane"],"picked":"Catalyst","floor":17},{"not_picked":["Flying Knee","Deflect"],"picked":"Cloak And Dagger","floor":17},{"not_picked":["Choke+1","Slice"],"picked":"Predator+1","floor":18},{"not_picked":["Predator","Quick Slash","Accuracy+1"],"picked":"SKIP","floor":20},{"not_picked":["Heel Hook","Sucker Punch","Deadly Poison"],"picked":"SKIP","floor":22},{"not_picked":["Distraction","Dagger Spray"],"picked":"Dash","floor":24},{"not_picked":["Bouncing Flask","Deflect","Flying Knee+1"],"picked":"Backflip","floor":27},{"not_picked":["Expertise","Tactician+1","Flying Knee","Distraction"],"picked":"SKIP","floor":28},{"not_picked":["Blade Dance","Bane+1","Concentrate+1","Backstab"],"picked":"SKIP","floor":30}],"player_experience":1311297,"relics_obtained":[{"floor":6,"key":"Bottled Flame"},{"floor":9,"key":"Pear"},{"floor":13,"key":"Ninja Scroll"},{"floor":24,"key":"Question Card"},{"floor":26,"key":"Dead Branch"},{"floor":27,"key":"Letter Opener"},{"floor":31,"key":"Pen Nib"}],"event_choices":[{"damage_healed":0,"gold_gain":150,"player_choice":"AGREE","damage_taken":0,"max_hp_gain":0,"max_hp_loss":0,"event_name":"Liars Game","floor":2,"gold_loss":0,"cards_obtained":["Doubt"]},{"cards_removed":["Doubt"],"damage_healed":0,"gold_gain":0,"player_choice":"Forget","damage_taken":0,"max_hp_gain":0,"max_hp_loss":0,"event_name":"Living Wall","floor":3,"gold_loss":0},{"cards_removed":["Strike_G"],"damage_healed":0,"gold_gain":0,"player_choice":"Card Removal","damage_taken":7,"max_hp_gain":0,"max_hp_loss":0,"event_name":"Golden Wing","floor":8,"gold_loss":0},{"damage_healed":0,"gold_gain":75,"player_choice":"Gather Gold","damage_taken":11,"max_hp_gain":0,"max_hp_loss":0,"event_name":"World of Goop","floor":11,"gold_loss":0},{"damage_healed":0,"gold_gain":50,"player_choice":"Stole From Cult","damage_taken":0,"max_hp_gain":0,"max_hp_loss":0,"event_name":"Nest","floor":19,"gold_loss":0},{"damage_healed":21,"gold_gain":0,"player_choice":"Full Heal","damage_taken":0,"max_hp_gain":0,"max_hp_loss":0,"event_name":"Wheel of Change","floor":21,"gold_loss":0}],"is_beta":true,"boss_relics":[{"not_picked":["Ring of the Serpent","Lizard Tail"],"picked":"Orrery"}],"items_purged_floors":[4],"is_endless":false,"potions_floor_spawned":[5,6,14,20,22,27,30],"killed_by":"Champ","ascension_level":20}