{"gold_per_floor":[116,39,53,70,88,88,2,13,13,70,88,104,104,130,130,230,230,247,157,170,182,182,211,211,242,291,311,55,89,89,105,105,208,208,225,245,195,207,225,225,225,237,291,291,291,291,316,352,352,352],"floor_reached":51,"playtime":3231,"items_purged":["Madness"],"score":801,"play_id":"26eced71-a146-432f-82b4-e4c4947b50d5","local_time":"20190608165132","daily_mods":["Draft","Colorless Cards","Binary","Night Terrors"],"is_ascension_mode":false,"campfire_choices":[{"data":"Armaments","floor":6.0,"key":"SMITH"},{"data":"Demon Form","floor":15.0,"key":"SMITH"},{"data":"True Grit","floor":24.0,"key":"SMITH"},{"data":"Limit Break","floor":30.0,"key":"SMITH"},{"data":"Bandage Up","floor":32.0,"key":"SMITH"},{"data":"Uppercut","floor":40,"key":"SMITH"},{"data":"Metallicize","floor":45,"key":"SMITH"},{"floor":49,"key":"REST"}],"neow_cost":"","seed_source_timestamp":0,"circlet_count":0,"master_deck":["Body Slam","Wild Strike","Headbutt","Shrug It Off","Finesse","Heavy Blade","Battle Trance","Flash of Steel+1","True Grit+1","Armaments+1","Discovery","Cleave","Uppercut+1","Metallicize+1","Shrug It Off","Pommel Strike","Shrug It Off","Flash of Steel","Bandage Up+1","Thinking Ahead","Demon Form+1","Shrug It Off","Limit Break+1","Parasite","Writhe","HandOfGreed"],"special_seed":0,"relics":["Burning Blood","Gremlin Horn","Tiny Chest","Du-Vu Doll","Busted Crown","MutagenicStrength","Mummified Hand","WingedGreaves","Art of War","Bottled Tornado","Smiling Mask","Cursed Key","Juzu Bracelet","Lantern"],"potions_floor_usage":[39,47,50],"damage_taken":[{"damage":0.0,"enemies":"2 Louse","floor":1.0,"turns":1.0},{"damage":0.0,"enemies":"Jaw Worm","floor":3.0,"turns":2.0},{"damage":0.0,"enemies":"Cultist","floor":4.0,"turns":3.0},{"damage":0.0,"enemies":"Blue Slaver","floor":5.0,"turns":3.0},{"damage":5.0,"enemies":"Large Slime","floor":8.0,"turns":4.0},{"damage":7.0,"enemies":"Lagavulin","floor":10.0,"turns":4.0},{"damage":0.0,"enemies":"2 Fungi Beasts","floor":11.0,"turns":2.0},{"damage":0.0,"enemies":"3 Louse","floor":12.0,"turns":2.0},{"damage":15.0,"enemies":"3 Sentries","floor":14.0,"turns":6.0},{"damage":18.0,"enemies":"Hexaghost","floor":16.0,"turns":7.0},{"damage":6.0,"enemies":"Shell Parasite","floor":18.0,"turns":5.0},{"damage":0.0,"enemies":"Chosen","floor":20.0,"turns":6.0},{"damage":21.0,"enemies":"Snake Plant","floor":21.0,"turns":4.0},{"damage":2.0,"enemies":"Gremlin Leader","floor":23.0,"turns":4.0},{"damage":22.0,"enemies":"Slavers","floor":25.0,"turns":5.0},{"damage":0.0,"enemies":"Snecko","floor":27.0,"turns":4.0},{"damage":0.0,"enemies":"Gremlin Leader","floor":29.0,"turns":3.0},{"damage":4.0,"enemies":"Centurion and Healer","floor":31.0,"turns":3.0},{"damage":1.0,"enemies":"Champ","floor":33.0,"turns":5.0},{"damage":2.0,"enemies":"Orb Walker","floor":35.0,"turns":3.0},{"damage":0.0,"enemies":"3 Shapes","floor":36.0,"turns":4.0},{"damage":34,"enemies":"Jaw Worm Horde","floor":38,"turns":3},{"damage":23,"enemies":"3 Darklings","floor":39,"turns":3},{"damage":16,"enemies":"Writhing Mass","floor":42,"turns":4},{"damage":25,"enemies":"Nemesis","floor":47,"turns":3},{"damage":12,"enemies":"Sphere and 2 Shapes","floor":48,"turns":3},{"damage":23,"enemies":"Awakened One","floor":50,"turns":7}],"seed_played":"6317917095461778582","potions_obtained":[{"floor":1.0,"key":"PowerPotion"},{"floor":3.0,"key":"Fire Potion"},{"floor":10.0,"key":"Poison Potion"},{"floor":16.0,"key":"FairyPotion"},{"floor":20.0,"key":"Energy Potion"},{"floor":27.0,"key":"GamblersBrew"},{"floor":29.0,"key":"PowerPotion"},{"floor":33.0,"key":"Swift Potion"},{"floor":35.0,"key":"Ancient Potion"},{"floor":42,"key":"AttackPotion"},{"floor":48,"key":"Energy Potion"}],"is_trial":true,"path_per_floor":["M","$","M","M","M","R","$","M","T","E","M","M","?","E","R","B",null,"M","?","M","M","?","E","R","E","T","M","$","E","R","M","R","B",null,"M","M","$","M","M","R","?","M","T","?","R","?","E","M","R","B",null],"character_chosen":"IRONCLAD","items_purchased":["Metallicize","Flash of Steel","Bottled Tornado"],"campfire_rested":1,"item_purchase_floors":[2,7,28],"current_hp_per_floor":[80,80,80,80,80,80,80,80,80,79,80,80,80,77,77,69,80,80,80,80,65,65,73,73,61,61,71,71,80,80,80,80,80,80,80,80,80,52,41,41,41,37,37,37,37,37,24,24,75,64],"gold":352,"neow_bonus":"","is_prod":false,"is_daily":false,"chose_seed":false,"campfire_upgraded":7,"win_rate":0,"timestamp":1560009092,"path_taken":["M","$","M","M","M","R","$","M","T","E","M","M","?","E","R","BOSS","M","?","?","M","?","E","R","E","T","M","$","E","R","M","R","BOSS","M","M","$","M","M","R","?","M","T","?","R","?","E","M","R","BOSS"],"build_version":"2019-01-23","purchased_purges":1,"victory":true,"max_hp_per_floor":[80,80,80,80,80,80,80,80,80,80,80,80,80,80,80,80,80,80,80,80,80,80,80,80,80,80,80,80,80,80,80,80,80,80,80,80,80,80,80,80,80,80,80,80,80,80,80,80,75,75],"card_choices":[{"not_picked":["Hemokinesis","Havoc"],"picked":"Thunderclap","floor":0.0},{"not_picked":["Carnage","Pommel Strike"],"picked":"Body Slam","floor":0.0},{"not_picked":["Thunderclap","Clash"],"picked":"Wild Strike","floor":0.0},{"not_picked":["Burning Pact","Twin Strike"],"picked":"Headbutt","floor":0.0},{"not_picked":["Deep Breath","Iron Wave"],"picked":"Shrug It Off","floor":0.0},{"not_picked":["Cleave","Dark Shackles"],"picked":"Finesse","floor":0.0},{"not_picked":["Second Wind","Havoc"],"picked":"Heavy Blade","floor":0.0},{"not_picked":["Pommel Strike","Intimidate"],"picked":"Battle Trance","floor":0.0},{"not_picked":["Discovery","Warcry"],"picked":"Flash of Steel","floor":0.0},{"not_picked":["Pummel","Purity"],"picked":"Madness","floor":0.0},{"not_picked":["Metallicize","Twin Strike"],"picked":"True Grit","floor":0.0},{"not_picked":["True Grit","Flash of Steel"],"picked":"Armaments","floor":0.0},{"not_picked":["Wild Strike","Iron Wave"],"picked":"Discovery","floor":0.0},{"not_picked":["True Grit","Combust"],"picked":"Cleave","floor":0.0},{"not_picked":["Cleave","Thunderclap"],"picked":"Sword Boomerang","floor":0.0},{"not_picked":["Clothesline"],"picked":"Uppercut","floor":1.0},{"not_picked":["Sword Boomerang"],"picked":"Shrug It Off","floor":3.0},{"not_picked":["Havoc"],"picked":"Pommel Strike","floor":4.0},{"not_picked":["Thunderclap"],"picked":"Shrug It Off","floor":5.0},{"not_picked":["Armaments"],"picked":"Bandage Up","floor":8.0},{"not_picked":["Wild Strike"],"picked":"Headbutt","floor":10.0},{"not_picked":["Hemokinesis"],"picked":"Thinking Ahead","floor":11.0},{"not_picked":["Thunderclap","Anger"],"picked":"SKIP","floor":12.0},{"not_picked":["Twin Strike"],"picked":"Shrug It Off","floor":14.0},{"not_picked":["Secret Weapon"],"picked":"Limit Break","floor":16.0}],"player_experience":772545,"relics_obtained":[{"floor":9.0,"key":"Gremlin Horn"},{"floor":10.0,"key":"Tiny Chest"},{"floor":14.0,"key":"Du-Vu Doll"},{"floor":23.0,"key":"Mummified Hand"},{"floor":25.0,"key":"WingedGreaves"},{"floor":26.0,"key":"Art of War"},{"floor":29.0,"key":"Smiling Mask"},{"floor":43,"key":"Juzu Bracelet"},{"floor":47,"key":"Lantern"}],"event_choices":[{"damage_healed":0.0,"max_hp_gain":0.0,"max_hp_loss":0.0,"gold_gain":0.0,"cards_transformed":["Headbutt"],"event_name":"Living Wall","player_choice":"Change","floor":13.0,"gold_loss":0.0,"damage_taken":0.0,"cards_obtained":["Demon Form"]},{"cards_removed":["Thunderclap"],"damage_healed":0.0,"max_hp_gain":0.0,"max_hp_loss":0.0,"gold_gain":0.0,"event_name":"Designer","player_choice":"Upgrade and Remove","floor":19.0,"gold_loss":90.0,"damage_taken":0.0,"cards_upgraded":["Flash of Steel"]},{"damage_healed":0.0,"max_hp_gain":0.0,"max_hp_loss":0.0,"gold_gain":0.0,"event_name":"Drug Dealer","player_choice":"Inject Mutagens","floor":22.0,"gold_loss":0.0,"damage_taken":0.0,"relics_obtained":["MutagenicStrength"]},{"damage_healed":0,"gold_gain":0,"player_choice":"Ignored","damage_taken":0,"max_hp_gain":0,"max_hp_loss":0,"event_name":"Tomb of Lord Red Mask","floor":41,"gold_loss":0},{"damage_healed":0,"gold_gain":0,"player_choice":"Ignored","damage_taken":0,"max_hp_gain":0,"max_hp_loss":0,"event_name":"Mysterious Sphere","floor":44,"gold_loss":0},{"damage_healed":0,"gold_gain":0,"cards_transformed":["Sword Boomerang"],"player_choice":"Transformed","damage_taken":0,"max_hp_gain":0,"max_hp_loss":0,"event_name":"Transmorgrifier","floor":46,"gold_loss":0,"cards_obtained":["HandOfGreed"]}],"is_beta":false,"boss_relics":[{"not_picked":["Ectoplasm","Runic Dome"],"picked":"Busted Crown"},{"not_picked":["Snecko Eye","Black Blood"],"picked":"Cursed Key"}],"items_purged_floors":[37],"is_endless":false,"potions_floor_spawned":[1,3,10,16,20,27,29,33,35,42,48],"ascension_level":0}