{"gold_per_floor":[119,119,219,231,58,58,69,126,177,202,202,234,234,254,254,325,325,335,349,403,403,403,403,437,437,437,437,145,145,155,170,170,170],"floor_reached":33,"playtime":946,"items_purged":["Normality"],"score":567,"play_id":"127ba3e2-3bda-432a-893e-49ed4f57d8d2","local_time":"20190501132155","is_ascension_mode":true,"campfire_choices":[{"data":"Pommel Strike","floor":6.0,"key":"SMITH"},{"floor":11.0,"key":"REST"},{"data":"Clothesline","floor":13.0,"key":"SMITH"},{"data":"Sword Boomerang","floor":15.0,"key":"SMITH"},{"floor":23,"key":"REST"},{"data":"Armaments","floor":27,"key":"SMITH"},{"floor":29,"key":"REST"},{"floor":32,"key":"REST"}],"neow_cost":"NONE","seed_source_timestamp":17474635013761,"circlet_count":0,"master_deck":["AscendersBane","Defend_R","Defend_R","Defend_R","Defend_R","Bash+1","Sword Boomerang+1","Pommel Strike+1","Clothesline+1","Twin Strike","Shrug It Off","Offering","Shrug It Off","Shame","Bite","Bite","Bite","Bite","Bite","Spot Weakness","Armaments+1","Shockwave","Disarm","Impervious"],"special_seed":0,"relics":["Burning Blood","Bronze Scales","Tiny Chest","Dream Catcher","Orichalcum","Ginger","Cursed Key","Ancient Tea Set","Blood Vial","MutagenicStrength","Sundial","Medical Kit"],"potions_floor_usage":[24,24,33,33],"damage_taken":[{"damage":9.0,"enemies":"Jaw Worm","floor":1.0,"turns":4.0},{"damage":14.0,"enemies":"2 Louse","floor":4.0,"turns":2.0},{"damage":1.0,"enemies":"Cultist","floor":7.0,"turns":3.0},{"damage":55.0,"enemies":"3 Sentries","floor":8.0,"turns":9.0},{"damage":14.0,"enemies":"Gremlin Nob","floor":12.0,"turns":4.0},{"damage":5.0,"enemies":"Exordium Wildlife","floor":14.0,"turns":2.0},{"damage":27.0,"enemies":"Hexaghost","floor":16.0,"turns":9.0},{"damage":13,"enemies":"3 Byrds","floor":18,"turns":3},{"damage":13,"enemies":"Shell Parasite","floor":19,"turns":3},{"damage":39,"enemies":"Slavers","floor":24,"turns":4},{"damage":25,"enemies":"3 Cultists","floor":30,"turns":5},{"damage":18,"enemies":"Snake Plant","floor":31,"turns":3},{"damage":97,"enemies":"Champ","floor":33,"turns":24}],"seed_played":"-4066990528261652481","potions_obtained":[{"floor":4.0,"key":"Swift Potion"},{"floor":8.0,"key":"Swift Potion"},{"floor":16.0,"key":"Block Potion"},{"floor":24,"key":"Strength Potion"},{"floor":31,"key":"PowerPotion"}],"is_trial":false,"path_per_floor":["M","?","?","M","$","R","M","E","T","T","R","E","R","M","R","B",null,"M","M","T","?","?","R","E","?","T","R","$","R","M","M","R","B"],"character_chosen":"IRONCLAD","items_purchased":["Bronze Scales","Medical Kit"],"campfire_rested":4,"item_purchase_floors":[5,28],"current_hp_per_floor":[65,70,70,62,62,62,67,18,18,18,42,34,34,35,35,14,64,57,50,50,27,27,44,23,23,23,23,23,40,38,36,53,0],"gold":170,"neow_bonus":"UPGRADE_CARD","is_prod":false,"is_daily":false,"chose_seed":false,"campfire_upgraded":4,"win_rate":0,"timestamp":1556742115,"path_taken":["M","?","?","M","$","R","?","E","T","?","R","E","R","M","R","BOSS","M","M","?","?","?","R","E","?","T","R","$","R","M","M","R","BOSS"],"build_version":"2019-04-23","purchased_purges":1,"victory":false,"max_hp_per_floor":[75,80,80,80,80,80,80,80,80,80,80,80,80,80,80,80,80,80,80,80,85,59,59,59,59,59,59,59,59,59,59,59,59],"card_choices":[{"not_picked":["Combust","Anger"],"picked":"Sword Boomerang","floor":1.0},{"not_picked":["Armaments","Perfected Strike"],"picked":"Pommel Strike","floor":4.0},{"not_picked":["Warcry","Pommel Strike"],"picked":"Clothesline","floor":7.0},{"not_picked":["Carnage","Pommel Strike"],"picked":"Twin Strike","floor":8.0},{"not_picked":["Clash","Blood for Blood","Cleave"],"picked":"SKIP","floor":12.0},{"not_picked":["Dropkick","Feel No Pain"],"picked":"Shrug It Off","floor":14.0},{"not_picked":["Double Tap","Bludgeon"],"picked":"Offering","floor":16.0},{"not_picked":["Battle Trance","Iron Wave"],"picked":"Shrug It Off","floor":18},{"not_picked":["Seeing Red","Twin Strike","Perfected Strike"],"picked":"SKIP","floor":19},{"not_picked":["Sword Boomerang","Pummel+1"],"picked":"Spot Weakness","floor":23},{"not_picked":["Rage","Body Slam+1"],"picked":"Armaments","floor":24},{"not_picked":["Sword Boomerang","Rage+1"],"picked":"Shockwave","floor":29},{"not_picked":["Twin Strike","Clash"],"picked":"Disarm","floor":30},{"not_picked":["Flex","Body Slam","Reckless Charge"],"picked":"SKIP","floor":31},{"not_picked":["Wild Strike","Headbutt"],"picked":"Impervious","floor":32}],"player_experience":1199954,"relics_obtained":[{"floor":8.0,"key":"Tiny Chest"},{"floor":9.0,"key":"Dream Catcher"},{"floor":10.0,"key":"Orichalcum"},{"floor":12.0,"key":"Ginger"},{"floor":20,"key":"Ancient Tea Set"},{"floor":24,"key":"Blood Vial"},{"floor":26,"key":"Sundial"}],"event_choices":[{"damage_healed":0.0,"max_hp_gain":5.0,"max_hp_loss":0.0,"gold_gain":0.0,"event_name":"Big Fish","player_choice":"Donut","floor":2.0,"gold_loss":0.0,"damage_taken":0.0},{"damage_healed":0.0,"max_hp_gain":0.0,"max_hp_loss":0.0,"gold_gain":100.0,"event_name":"Wheel of Change","player_choice":"Gold","floor":3.0,"gold_loss":0.0,"damage_taken":0.0},{"damage_healed":0,"gold_gain":0,"player_choice":"Shed Blood","damage_taken":28,"max_hp_gain":5,"max_hp_loss":0,"event_name":"Forgotten Altar","floor":21,"gold_loss":0},{"damage_healed":0,"gold_gain":0,"player_choice":"Became a vampire","damage_taken":0,"max_hp_gain":0,"max_hp_loss":26,"event_name":"Vampires","floor":22,"gold_loss":0,"cards_obtained":["Bite","Bite","Bite","Bite","Bite"]},{"damage_healed":0,"gold_gain":0,"player_choice":"Inject Mutagens","damage_taken":0,"relics_obtained":["MutagenicStrength"],"max_hp_gain":0,"max_hp_loss":0,"event_name":"Drug Dealer","floor":25,"gold_loss":0}],"is_beta":true,"boss_relics":[{"not_picked":["Fusion Hammer","Coffee Dripper"],"picked":"Cursed Key"}],"items_purged_floors":[28],"is_endless":false,"potions_floor_spawned":[4,8,16,24,31],"killed_by":"Champ","ascension_level":20}