{"gold_per_floor":[113,113,163,173,173,173,204,217,242,242,252,270,106,134,134,207,207,225,275,288,306,306,306,326,338,338,356,371,23,23,73,73,73],"floor_reached":33,"playtime":1747,"items_purged":["Strike_B","Strike_B"],"score":554,"play_id":"1364bd08-5e40-403c-99ff-0ebdc715defe","local_time":"20190507220533","is_ascension_mode":true,"campfire_choices":[{"data":"Zap","floor":6,"key":"SMITH"},{"data":"Conserve Battery","floor":10,"key":"SMITH"},{"data":"Rebound","floor":15,"key":"SMITH"},{"floor":23,"key":"REST"},{"floor":32,"key":"REST"}],"neow_cost":"NONE","seed_source_timestamp":2248649293773363,"circlet_count":0,"master_deck":["AscendersBane","Strike_B","Strike_B","Defend_B","Defend_B","Defend_B","Defend_B","Zap+1","Dualcast","Glacier","Conserve Battery+1","Chill","Rebound","Rebound+1","Dramatic Entrance","Echo Form","FTL","BootSequence","Leap","Conserve Battery","Streamline","Fusion+1","Sweeping Beam","Self Repair"],"relics":["FrozenCore","NeowsBlessing","Lantern","Ginger","Blood Vial","DataDisk","Toxic Egg 2","Art of War"],"potions_floor_usage":[24,25,33,33],"damage_taken":[{"damage":0,"enemies":"Jaw Worm","floor":1,"turns":1},{"damage":0,"enemies":"Cultist","floor":4,"turns":1},{"damage":0,"enemies":"Lagavulin","floor":7,"turns":1},{"damage":0,"enemies":"2 Louse","floor":8,"turns":1},{"damage":3,"enemies":"Blue Slaver","floor":11,"turns":4},{"damage":1,"enemies":"Gremlin Gang","floor":12,"turns":7},{"damage":5,"enemies":"3 Sentries","floor":14,"turns":6},{"damage":8,"enemies":"The Guardian","floor":16,"turns":14},{"damage":6,"enemies":"Shell Parasite","floor":18,"turns":7},{"damage":10,"enemies":"3 Byrds","floor":20,"turns":7},{"damage":26,"enemies":"Snake Plant","floor":21,"turns":7},{"damage":10,"enemies":"Centurion and Healer","floor":24,"turns":12},{"damage":2,"enemies":"Cultist and Chosen","floor":25,"turns":7},{"damage":12,"enemies":"Snake Plant","floor":27,"turns":7},{"damage":11,"enemies":"Snecko","floor":28,"turns":12},{"damage":66,"enemies":"Champ","floor":33,"turns":13}],"seed_played":"3352995920613797483","potions_obtained":[{"floor":8,"key":"Swift Potion"},{"floor":12,"key":"SteroidPotion"},{"floor":16,"key":"AttackPotion"},{"floor":21,"key":"Block Potion"},{"floor":24,"key":"Ancient Potion"},{"floor":27,"key":"Strength Potion"}],"is_trial":false,"path_per_floor":["M","?","?","M","?","R","E","M","T","R","M","M","$","E","R","B",null,"M","?","M","M","?","R","M","M","T","M","M","$","?","?","R","B"],"character_chosen":"DEFECT","items_purchased":["Dramatic Entrance","Art of War","Self Repair"],"campfire_rested":2,"item_purchase_floors":[13,29,29],"current_hp_per_floor":[64,59,59,59,59,59,59,59,59,59,58,59,59,56,56,50,66,62,62,54,30,30,51,43,43,43,33,24,24,24,24,45,0],"gold":73,"neow_bonus":"THREE_ENEMY_KILL","is_prod":false,"is_daily":false,"chose_seed":false,"campfire_upgraded":3,"win_rate":0,"timestamp":1557259533,"path_taken":["M","?","?","?","?","R","E","M","T","R","M","M","$","E","R","BOSS","M","?","M","?","?","R","M","M","T","M","M","$","?","?","R","BOSS"],"build_version":"2019-01-23","purchased_purges":2,"victory":false,"max_hp_per_floor":[71,71,71,71,71,71,71,71,71,71,71,71,71,71,71,71,71,71,71,71,71,71,71,71,71,71,71,71,71,71,71,71,71],"card_choices":[{"not_picked":["Coolheaded","Hologram"],"picked":"Glacier","floor":1},{"not_picked":["Steam Power","Stack"],"picked":"Conserve Battery","floor":4},{"not_picked":["Hologram","Tempest","Undo"],"picked":"SKIP","floor":7},{"not_picked":["Consume","Turbo"],"picked":"Chill","floor":8},{"not_picked":["Skim","Redo"],"picked":"Rebound","floor":11},{"not_picked":["Leap","Aggregate"],"picked":"Rebound","floor":12},{"not_picked":["Thunder Strike","Reprogram","Consume"],"picked":"SKIP","floor":14},{"not_picked":["Biased Cognition","All For One"],"picked":"Echo Form","floor":16},{"not_picked":["Rebound+1","Cold Snap"],"picked":"FTL","floor":18},{"not_picked":["Rebound","Skim"],"picked":"BootSequence","floor":20},{"not_picked":["Fusion","Heatsinks"],"picked":"Leap","floor":21},{"not_picked":["Undo","Tempest"],"picked":"Conserve Battery","floor":24},{"not_picked":["Conserve Battery","Barrage"],"picked":"Streamline","floor":25},{"not_picked":["Consume+1","Turbo+1"],"picked":"Fusion+1","floor":27},{"not_picked":["Leap+1","Compile Driver"],"picked":"Sweeping Beam","floor":28}],"player_experience":548495,"relics_obtained":[{"floor":7,"key":"Ginger"},{"floor":9,"key":"Blood Vial"},{"floor":14,"key":"DataDisk"},{"floor":26,"key":"Toxic Egg 2"}],"event_choices":[{"damage_healed":0,"gold_gain":0,"player_choice":"Success","damage_taken":5,"relics_obtained":["Lantern"],"max_hp_gain":0,"max_hp_loss":0,"event_name":"Scrap Ooze","floor":2,"gold_loss":0},{"damage_healed":0,"gold_gain":50,"player_choice":"Pray","damage_taken":0,"max_hp_gain":0,"max_hp_loss":0,"event_name":"Golden Shrine","floor":3,"gold_loss":0},{"damage_healed":0,"gold_gain":0,"player_choice":"Ignored","damage_taken":0,"max_hp_gain":0,"max_hp_loss":0,"event_name":"Liars Game","floor":5,"gold_loss":0},{"damage_healed":0,"gold_gain":100,"player_choice":"Bet on Murderer","damage_taken":0,"max_hp_gain":0,"max_hp_loss":0,"event_name":"The Joust","floor":19,"gold_loss":50},{"damage_healed":0,"gold_gain":0,"player_choice":"Ignored","damage_taken":0,"max_hp_gain":0,"max_hp_loss":0,"event_name":"The Mausoleum","floor":22,"gold_loss":0},{"damage_healed":0,"gold_gain":50,"player_choice":"Stole From Cult","damage_taken":0,"max_hp_gain":0,"max_hp_loss":0,"event_name":"Nest","floor":31,"gold_loss":0}],"is_beta":false,"boss_relics":[{"not_picked":["Astrolabe","Snecko Eye"],"picked":"FrozenCore"}],"items_purged_floors":[13,29],"is_endless":false,"potions_floor_spawned":[8,12,16,18,21,24,27,28],"killed_by":"Champ","ascension_level":19}