{"gold_per_floor":[111,121,46,46,46,46,63,89,89,89,104,104,123,151,151,225,225,240,252,268,2,2,2,34,49,49,49,80,80,108,119,119,195,195,213,223,235,235,250,250,250,296,296,296],"floor_reached":44,"playtime":1399,"items_purged":[],"score":956,"play_id":"00608903-a484-4886-b052-942094994fb5","local_time":"20190520122534","is_ascension_mode":true,"campfire_choices":[{"data":"Bash","floor":6.0,"key":"SMITH"},{"data":"Corruption","floor":10.0,"key":"SMITH"},{"data":"Inflame","floor":12.0,"key":"SMITH"},{"data":"Feel No Pain","floor":15.0,"key":"SMITH"},{"floor":23.0,"key":"REST"},{"floor":27.0,"key":"REST"},{"data":"Feel No Pain","floor":32.0,"key":"SMITH"},{"floor":40.0,"key":"RECALL"}],"neow_cost":"PERCENT_DAMAGE","seed_source_timestamp":306831777120511,"circlet_count":0,"master_deck":["AscendersBane","Strike_R","Defend_R","Defend_R+1","Defend_R+1","Defend_R","Bash+1","Feel No Pain+1","Cleave","Inflame+1","Corruption+1","Shockwave+1","Warcry+1","Demon Form","Reaper","Dropkick+1","Apotheosis+1","Barricade","Shockwave+1","Havoc+1","Battle Trance+1","Feel No Pain+1","Juggernaut","Twin Strike+1","Exhume+1","Normality"],"special_seed":0,"relics":["Burning Blood","Ice Cream","Gremlin Horn","Toxic Egg 2","The Courier","Cursed Key","Ancient Tea Set","War Paint","Juzu Bracelet","Coffee Dripper","Magic Flower"],"potions_floor_usage":[44],"damage_taken":[{"damage":8.0,"enemies":"2 Louse","floor":1.0,"turns":4.0},{"damage":7.0,"enemies":"Jaw Worm","floor":2.0,"turns":3.0},{"damage":1.0,"enemies":"Cultist","floor":7.0,"turns":3.0},{"damage":32.0,"enemies":"Gremlin Nob","floor":8.0,"turns":4.0},{"damage":12.0,"enemies":"Lots of Slimes","floor":11.0,"turns":3.0},{"damage":6.0,"enemies":"2 Fungi Beasts","floor":13.0,"turns":3.0},{"damage":7.0,"enemies":"Lagavulin","floor":14.0,"turns":6.0},{"damage":28.0,"enemies":"Slime Boss","floor":16.0,"turns":10.0},{"damage":27.0,"enemies":"Shell Parasite","floor":18.0,"turns":6.0},{"damage":41.0,"enemies":"2 Thieves","floor":19.0,"turns":4.0},{"damage":26.0,"enemies":"Snake Plant","floor":20.0,"turns":5.0},{"damage":62.0,"enemies":"Slavers","floor":24.0,"turns":6.0},{"damage":49.0,"enemies":"Cultist and Chosen","floor":25.0,"turns":7.0},{"damage":22.0,"enemies":"Gremlin Leader","floor":28.0,"turns":5.0},{"damage":54.0,"enemies":"Book of Stabbing","floor":30.0,"turns":6.0},{"damage":0.0,"enemies":"3 Cultists","floor":31.0,"turns":4.0},{"damage":16.0,"enemies":"Automaton","floor":33.0,"turns":8.0},{"damage":6.0,"enemies":"Orb Walker","floor":35.0,"turns":4.0},{"damage":49.0,"enemies":"3 Darklings","floor":36.0,"turns":5.0},{"damage":25.0,"enemies":"Writhing Mass","floor":37.0,"turns":6.0},{"damage":16.0,"enemies":"4 Shapes","floor":39.0,"turns":6.0},{"damage":63,"enemies":"2 Orb Walkers","floor":42,"turns":5},{"damage":40,"enemies":"Giant Head","floor":44,"turns":4}],"seed_played":"8963932172700978594","potions_obtained":[{"floor":7.0,"key":"Fire Potion"},{"floor":8.0,"key":"AttackPotion"},{"floor":13.0,"key":"SteroidPotion"},{"floor":19.0,"key":"Block Potion"},{"floor":24.0,"key":"SpeedPotion"},{"floor":25.0,"key":"Dexterity Potion"},{"floor":42,"key":"Regen Potion"}],"is_trial":false,"path_per_floor":["M","M","?","?","?","R","M","E","T","R","M","R","M","E","R","B",null,"M","M","M","$","?","R","E","M","T","R","E","$","E","M","R","B",null,"M","M","M","?","M","R","?","?","T","E"],"character_chosen":"IRONCLAD","items_purchased":["Apotheosis+1","Barricade"],"campfire_rested":2,"item_purchase_floors":[21,21],"current_hp_per_floor":[48,47,47,72,72,72,75,49,49,49,43,43,43,42,42,20,61,50,35,24,24,24,46,36,29,29,51,65,65,38,75,75,75,75,75,75,75,75,75,75,75,18,18,0],"gold":296,"neow_bonus":"ONE_RARE_RELIC","is_prod":false,"is_daily":false,"chose_seed":false,"campfire_upgraded":5,"win_rate":0,"timestamp":1558380334,"path_taken":["M","M","?","?","?","R","M","E","T","R","?","R","M","E","R","BOSS","M","M","M","?","?","R","E","M","T","R","E","$","E","M","R","BOSS","M","M","M","?","M","R","?","?","T","E"],"build_version":"2019-05-07","purchased_purges":0,"victory":false,"max_hp_per_floor":[75,75,75,75,75,75,75,75,75,75,75,75,75,75,75,75,75,75,75,75,75,75,75,75,75,75,75,75,75,75,75,75,75,75,75,75,75,75,75,75,75,75,75,75],"card_choices":[{"not_picked":["Armaments","Sentinel"],"picked":"Feel No Pain","floor":1.0},{"not_picked":["Rampage","Feel No Pain"],"picked":"Cleave","floor":2.0},{"not_picked":["Pommel Strike","Combust"],"picked":"Inflame","floor":7.0},{"not_picked":["Rage","Shrug It Off"],"picked":"Corruption","floor":8.0},{"not_picked":["Pommel Strike","Infernal Blade+1"],"picked":"Shockwave+1","floor":11.0},{"not_picked":["Headbutt","Dual Wield+1"],"picked":"Warcry+1","floor":13.0},{"not_picked":["Sword Boomerang","Rupture"],"picked":"Demon Form","floor":14.0},{"not_picked":["Juggernaut","Bludgeon"],"picked":"Reaper","floor":16.0},{"not_picked":["Flex+1","Pommel Strike","Body Slam"],"picked":"SKIP","floor":18.0},{"not_picked":["Sword Boomerang","Spot Weakness+1"],"picked":"Dropkick+1","floor":19.0},{"not_picked":["Metallicize","Body Slam","Hemokinesis"],"picked":"SKIP","floor":20.0},{"not_picked":["Rupture","Heavy Blade"],"picked":"Shockwave+1","floor":24.0},{"not_picked":["Iron Wave","Rupture"],"picked":"Havoc+1","floor":25.0},{"not_picked":["Bludgeon","Armaments+1"],"picked":"Battle Trance+1","floor":28.0},{"not_picked":["Iron Wave","Clash"],"picked":"Feel No Pain","floor":30.0},{"not_picked":["Fire Breathing","Twin Strike","Perfected Strike"],"picked":"SKIP","floor":31.0},{"not_picked":["Double Tap+1","Demon Form"],"picked":"Juggernaut","floor":33.0},{"not_picked":["Body Slam","Searing Blow+1","Metallicize"],"picked":"SKIP","floor":35.0},{"not_picked":["Thunderclap","Perfected Strike","Flex+1"],"picked":"SKIP","floor":36.0},{"not_picked":["Sword Boomerang","Carnage"],"picked":"Twin Strike+1","floor":37.0},{"not_picked":["Pummel","Thunderclap+1","Rage+1"],"picked":"SKIP","floor":39.0},{"not_picked":["Carnage","Flame Barrier+1"],"picked":"Exhume+1","floor":42}],"player_experience":1270156,"relics_obtained":[{"floor":8.0,"key":"Gremlin Horn"},{"floor":9.0,"key":"Toxic Egg 2"},{"floor":14.0,"key":"The Courier"},{"floor":24.0,"key":"Ancient Tea Set"},{"floor":28.0,"key":"War Paint"},{"floor":30.0,"key":"Juzu Bracelet"},{"floor":42,"key":"Magic Flower"}],"event_choices":[{"cards_removed":["Strike_R"],"damage_healed":0.0,"max_hp_gain":0.0,"max_hp_loss":0.0,"gold_gain":0.0,"event_name":"The Cleric","player_choice":"Card Removal","floor":3.0,"gold_loss":75.0,"damage_taken":0.0},{"damage_healed":25.0,"max_hp_gain":0.0,"max_hp_loss":0.0,"gold_gain":0.0,"event_name":"Big Fish","player_choice":"Banana","floor":4.0,"gold_loss":0.0,"damage_taken":0.0},{"cards_removed":["Strike_R"],"damage_healed":0.0,"max_hp_gain":0.0,"max_hp_loss":0.0,"gold_gain":0.0,"event_name":"Purifier","player_choice":"Purged","floor":5.0,"gold_loss":0.0,"damage_taken":0.0},{"cards_removed":["Strike_R"],"damage_healed":0.0,"max_hp_gain":0.0,"max_hp_loss":0.0,"gold_gain":0.0,"event_name":"Purifier","player_choice":"Purged","floor":22.0,"gold_loss":0.0,"damage_taken":0.0},{"cards_removed":["Strike_R"],"damage_healed":0.0,"max_hp_gain":0.0,"max_hp_loss":0.0,"gold_gain":0.0,"event_name":"Falling","player_choice":"Removed Attack","floor":38.0,"gold_loss":0.0,"damage_taken":0.0},{"damage_healed":0.0,"max_hp_gain":0.0,"max_hp_loss":0.0,"gold_gain":0.0,"event_name":"Tomb of Lord Red Mask","player_choice":"Ignored","floor":41.0,"gold_loss":0.0,"damage_taken":0.0},{"damage_healed":0,"gold_gain":0,"player_choice":"Fight","damage_taken":0,"max_hp_gain":0,"max_hp_loss":0,"event_name":"Mysterious Sphere","floor":42,"gold_loss":0}],"is_beta":true,"boss_relics":[{"not_picked":["Mark of Pain","Busted Crown"],"picked":"Cursed Key"},{"not_picked":["Empty Cage","Sozu"],"picked":"Coffee Dripper"}],"items_purged_floors":[],"is_endless":false,"potions_floor_spawned":[7,8,11,13,14,19,24,25,31,35,42],"killed_by":"Giant Head","ascension_level":20}