{"path_per_floor":["M","M","$","?","?","M","R","M","T","M","R","M","?","M","R","B",null,"M","?","?","?","?","R","E","R","T","M","M","R","M","M","R"],"character_chosen":"IRONCLAD","items_purchased":["Vajra"],"gold_per_floor":[219,233,13,13,13,30,30,43,43,57,57,71,71,86,86,184,184,199,199,199,149,64,64,97,97,121,134,146,146,157,170,170],"floor_reached":33,"campfire_rested":2,"playtime":1523,"current_hp_per_floor":[68,73,73,73,73,77,77,77,77,73,73,68,68,74,74,35,67,59,59,59,59,73,73,26,56,56,69,66,66,29,39,69],"items_purged":["Parasite"],"gold":170,"score":439,"play_id":"ea7f6833-414e-469d-9f64-6645b311784d","local_time":"20180303181713","is_prod":false,"is_daily":false,"is_ascension_mode":true,"campfire_upgraded":5,"timestamp":1520097433,"path_taken":["M","M","$","?","?","M","R","M","T","M","R","M","?","M","R","BOSS","M","?","?","?","?","R","E","R","T","M","?","R","M","M","R","BOSS"],"build_version":"2018-03-01-PROD1","purchased_purges":1,"victory":false,"master_deck":["Strike_R+1","Strike_R+1","Strike_R+1","Strike_R+1","Strike_R+1","Defend_R+1","Defend_R+1","Defend_R+1","Defend_R+1","Bash+1","Perfected Strike+1","Shrug It Off+1","Body Slam+1","Headbutt","Twin Strike","Twin Strike","Barricade+1","Shrug It Off","Ghostly Armor","Perfected Strike+1","Iron Wave","Shrug It Off"],"max_hp_per_floor":[80,80,77,77,77,77,77,77,77,77,77,77,77,77,77,77,77,77,77,77,77,91,91,101,101,101,101,101,101,101,101,101],"relics":["Black Blood","Vajra","Charon\u0027s Ashes","Unceasing Top","Mango","Pear","Oddly Smooth Stone"],"card_choices":[{"not_picked":["Hemokinesis","Clash"],"picked":"Perfected Strike"},{"not_picked":["Searing Blow","Entrench"],"picked":"Shrug It Off"},{"not_picked":["Clothesline","Entrench"],"picked":"Body Slam"},{"not_picked":["Feel No Pain","Sever Soul"],"picked":"Headbutt"},{"not_picked":["Second Wind","Heavy Blade"],"picked":"Twin Strike"},{"not_picked":["Armaments","Disarm"],"picked":"Twin Strike"},{"not_picked":["Feed","Limit Break"],"picked":"Barricade"},{"not_picked":["Sword Boomerang","Wild Strike"],"picked":"Shrug It Off"},{"not_picked":["Heavy Blade","Iron Wave"],"picked":"Perfected Strike"},{"not_picked":["Wild Strike","Rage"],"picked":"Iron Wave"},{"not_picked":["Iron Wave","Clothesline"],"picked":"Shrug It Off"}],"player_experience":212605,"potions_floor_usage":[24,27,33,33],"damage_taken":[{"damage":10,"enemies":"Cultist","floor":1,"turns":5},{"damage":1,"enemies":"Small Slimes","floor":2,"turns":5},{"damage":2,"enemies":"Jaw Worm","floor":6,"turns":3},{"damage":0,"enemies":"2 Fungi Beasts","floor":8,"turns":2},{"damage":10,"enemies":"Large Slime","floor":10,"turns":6},{"damage":11,"enemies":"Blue Slaver","floor":12,"turns":3},{"damage":0,"enemies":"2 Fungi Beasts","floor":14,"turns":2},{"damage":45,"enemies":"The Guardian","floor":16,"turns":12},{"damage":18,"enemies":"2 Thieves","floor":18,"turns":4},{"damage":67,"enemies":"Book of Stabbing","floor":24,"turns":7},{"damage":0,"enemies":"Spheric Guardian","floor":27,"turns":3},{"damage":13,"enemies":"3 Cultists","floor":28,"turns":7},{"damage":47,"enemies":"Centurion and Healer","floor":30,"turns":6},{"damage":0,"enemies":"Snecko","floor":31,"turns":4},{"damage":79,"enemies":"Automaton","floor":33,"turns":8}],"event_choices":[{"event_name":"Living Wall","player_choice":"Grow","floor":4,"damage_taken":0},{"event_name":"The Cleric","player_choice":"Leave","floor":5,"damage_taken":0},{"event_name":"Dead Adventurer","player_choice":"Searched \u00271\u0027 times","floor":13,"damage_taken":0},{"event_name":"The Library","player_choice":"Read","floor":19,"damage_taken":0},{"event_name":"Back to Basics","player_choice":"Simplicity","floor":20,"damage_taken":0},{"event_name":"The Joust","player_choice":"Bet on Owner","floor":21,"damage_taken":0},{"event_name":"Addict","player_choice":"Obtained Relic","floor":22,"damage_taken":0}],"boss_relics":[{"not_picked":["Black Star","Pandora\u0027s Box"],"picked":"Black Blood"}],"potions_floor_spawned":[1,10,14,16,24,31],"seed_played":"-6450355876049595878","killed_by":"Automaton","ascension_level":12,"is_trial":false}