{"gold_per_floor":[115,40,40,40,54,54,93,93,93,117,156,156,236,136,136,227,227,227,227,227,227,227,227,227,227,227,227,227,84,84,35,35,35,35,35,35,35],"floor_reached":38,"playtime":2061,"items_purged":["Strike_R","Strike_R"],"score":1165,"play_id":"248fefd8-b22d-441d-982b-9b43e079bee6","local_time":"20190406190524","is_ascension_mode":true,"campfire_choices":[{"data":"Metallicize","floor":6,"key":"SMITH"},{"data":"Barricade","floor":8,"key":"SMITH"},{"data":"True Grit","floor":12,"key":"SMITH"},{"data":"Armaments","floor":15,"key":"SMITH"},{"data":"Impervious","floor":23,"key":"SMITH"},{"data":"Bash","floor":25,"key":"SMITH"},{"floor":27,"key":"REST"},{"floor":32,"key":"REST"}],"neow_cost":"NONE","seed_source_timestamp":77864462323175,"circlet_count":0,"master_deck":["AscendersBane","Strike_R","Strike_R","Strike_R","Defend_R","Defend_R","Defend_R","Defend_R","Bash+1","Clothesline","Metallicize+1","Barricade+1","Rampage","True Grit+1","Armaments+1","Impervious+1","Ghostly Armor+1","Shrug It Off+1","Fire Breathing+1","Disarm","Body Slam"],"relics":["Burning Blood","NeowsBlessing","Golden Idol","Prayer Wheel","Darkstone Periapt","Blue Candle","Calipers","Ectoplasm","Ancient Tea Set","Vajra","Velvet Choker"],"potions_floor_usage":[11,13,16,37],"damage_taken":[{"damage":0,"enemies":"Small Slimes","floor":1,"turns":2},{"damage":0,"enemies":"2 Louse","floor":5,"turns":1},{"damage":0,"enemies":"Gremlin Nob","floor":7,"turns":1},{"damage":10,"enemies":"Jaw Worm","floor":10,"turns":4},{"damage":34,"enemies":"3 Sentries","floor":11,"turns":12},{"damage":3,"enemies":"3 Sentries","floor":13,"turns":8},{"damage":22,"enemies":"The Guardian","floor":16,"turns":13},{"damage":14,"enemies":"Spheric Guardian","floor":18,"turns":6},{"damage":0,"enemies":"Shell Parasite","floor":20,"turns":8},{"damage":12,"enemies":"Chosen and Byrds","floor":21,"turns":11},{"damage":16,"enemies":"Colosseum Slavers","floor":22,"turns":9},{"damage":19,"enemies":"Sentry and Sphere","floor":24,"turns":11},{"damage":29,"enemies":"Centurion and Healer","floor":28,"turns":11},{"damage":9,"enemies":"Snecko","floor":30,"turns":9},{"damage":6,"enemies":"Champ","floor":33,"turns":12},{"damage":24,"enemies":"3 Darklings","floor":35,"turns":8},{"damage":14,"enemies":"Time Eater","floor":37,"turns":14}],"seed_played":"8389604887626680486","potions_obtained":[{"floor":7,"key":"AttackPotion"},{"floor":10,"key":"BloodPotion"},{"floor":11,"key":"SkillPotion"},{"floor":13,"key":"Swift Potion"},{"floor":16,"key":"Dexterity Potion"},{"floor":33,"key":"Fire Potion"}],"is_trial":false,"path_per_floor":["M","$","?","$","M","R","E","R","T","M","E","R","?","$","R","B",null,"M","?","M","M","?","R","M","R","T","R","M","$","M","$","R","B",null,"M","?","B",null],"character_chosen":"IRONCLAD","items_purchased":["Vajra","Body Slam"],"campfire_rested":2,"item_purchase_floors":[29,31],"current_hp_per_floor":[74,74,48,48,54,54,60,60,60,56,35,35,38,38,38,22,62,54,54,60,54,44,44,31,31,31,53,30,30,27,27,49,49,69,51,51,43],"gold":35,"neow_bonus":"THREE_ENEMY_KILL","is_prod":false,"is_daily":false,"chose_seed":false,"campfire_upgraded":6,"win_rate":0,"timestamp":1554570324,"path_taken":["M","$","?","$","M","R","E","R","T","M","E","R","?","?","R","BOSS","M","?","M","M","?","R","M","R","T","R","M","$","M","$","R","BOSS","M","?","BOSS"],"build_version":"2019-01-23","purchased_purges":2,"victory":true,"max_hp_per_floor":[75,75,75,75,75,75,75,75,75,75,75,75,75,75,75,75,75,75,75,75,75,75,75,75,75,75,75,75,75,75,75,75,75,75,75,75,75],"card_choices":[{"not_picked":["Perfected Strike","Headbutt"],"picked":"Clothesline","floor":1},{"not_picked":["Disarm","Anger"],"picked":"Metallicize","floor":5},{"not_picked":["Pummel","Exhume"],"picked":"Barricade","floor":7},{"not_picked":["Burning Pact","Clash"],"picked":"Rampage","floor":10},{"not_picked":["Heavy Blade","Feel No Pain","Rampage"],"picked":"SKIP","floor":10},{"not_picked":["Rage","Clash"],"picked":"True Grit","floor":11},{"not_picked":["Perfected Strike","Corruption"],"picked":"Armaments","floor":13},{"not_picked":["Feed","Bludgeon"],"picked":"Impervious","floor":16},{"not_picked":["Clothesline","Pommel Strike"],"picked":"Ghostly Armor+1","floor":18},{"not_picked":["Warcry","Clash"],"picked":"Shrug It Off+1","floor":18},{"not_picked":["Clothesline","Burning Pact","Thunderclap"],"picked":"SKIP","floor":20},{"not_picked":["Dual Wield","Second Wind","Searing Blow+1"],"picked":"SKIP","floor":20},{"not_picked":["Clothesline","Dual Wield+1","Rampage"],"picked":"SKIP","floor":21},{"not_picked":["Havoc","Burning Pact","Wild Strike"],"picked":"SKIP","floor":21},{"not_picked":["Armaments","Uppercut","Perfected Strike"],"picked":"SKIP","floor":24},{"not_picked":["Uppercut","Clothesline","Clash"],"picked":"SKIP","floor":24},{"not_picked":["Fiend Fire","Bloodletting"],"picked":"Fire Breathing+1","floor":28},{"not_picked":["Havoc","Shockwave","Armaments"],"picked":"SKIP","floor":28},{"not_picked":["Evolve","Clash"],"picked":"Disarm","floor":30},{"not_picked":["Pommel Strike","Uppercut+1","Armaments"],"picked":"SKIP","floor":30},{"not_picked":["Twin Strike+1","Warcry","Hemokinesis"],"picked":"SKIP","floor":35},{"not_picked":["Cleave","Pommel Strike+1","Anger"],"picked":"SKIP","floor":35}],"player_experience":468207,"relics_obtained":[{"floor":7,"key":"Prayer Wheel"},{"floor":9,"key":"Darkstone Periapt"},{"floor":11,"key":"Blue Candle"},{"floor":13,"key":"Calipers"},{"floor":26,"key":"Ancient Tea Set"}],"event_choices":[{"damage_healed":0,"gold_gain":0,"player_choice":"Take Damage","damage_taken":26,"relics_obtained":["Golden Idol"],"max_hp_gain":0,"max_hp_loss":0,"event_name":"Golden Idol","floor":3,"gold_loss":0},{"damage_healed":0,"gold_gain":0,"player_choice":"Searched \u00271\u0027 times","damage_taken":0,"max_hp_gain":0,"max_hp_loss":0,"event_name":"Dead Adventurer","floor":13,"gold_loss":0},{"damage_healed":0,"gold_gain":0,"player_choice":"Ignored","damage_taken":0,"max_hp_gain":0,"max_hp_loss":0,"event_name":"Vampires","floor":19,"gold_loss":0},{"damage_healed":0,"gold_gain":0,"player_choice":"Fight","damage_taken":0,"max_hp_gain":0,"max_hp_loss":0,"event_name":"Colosseum","floor":22,"gold_loss":0},{"damage_healed":0,"gold_gain":0,"player_choice":"Fled From Nobs","damage_taken":0,"max_hp_gain":0,"max_hp_loss":0,"event_name":"Colosseum","floor":22,"gold_loss":0},{"damage_healed":0,"gold_gain":0,"player_choice":"Took Portal","damage_taken":0,"max_hp_gain":0,"max_hp_loss":0,"event_name":"SecretPortal","floor":36,"gold_loss":0}],"is_beta":false,"boss_relics":[{"not_picked":["Philosopher\u0027s Stone","Pandora\u0027s Box"],"picked":"Ectoplasm"},{"not_picked":["Runic Pyramid","Cursed Key"],"picked":"Velvet Choker"}],"items_purged_floors":[2,14],"is_endless":false,"potions_floor_spawned":[7,10,11,13,16,18,20,24,33],"ascension_level":15}