{"gold_per_floor":[114,114,10,10,10,43,43,58,82,82,92,121,135,152,152,228,228,202,202,35,53,64,64,64,64],"floor_reached":25,"playtime":696,"items_purged":["Strike_R","Brutality"],"score":460,"play_id":"bde645fa-e08a-40bb-8682-2d9bc2d98a8e","local_time":"20190526204106","is_ascension_mode":true,"campfire_choices":[{"data":"Bash","floor":10,"key":"SMITH"},{"floor":15,"key":"DIG"},{"floor":23,"key":"REST"}],"neow_cost":"NONE","seed_source_timestamp":694706134313534,"circlet_count":0,"master_deck":["AscendersBane","Bash+1","Clothesline","Thunderclap","Pummel","Sword Boomerang+1","True Grit","Cleave","Reaper","Demon Form","Cleave","Demon Form","True Grit","Wild Strike","Sever Soul","Impervious","Seeing Red+1","Shrug It Off","Heavy Blade","Entrench+1","Shrug It Off"],"relics":["Burning Blood","NeowsBlessing","Red Skull","Whetstone","Shovel","Smiling Mask","Pandora\u0027s Box"],"potions_floor_usage":[16,18,22],"damage_taken":[{"damage":0,"enemies":"Small Slimes","floor":1,"turns":1},{"damage":0,"enemies":"3 Sentries","floor":6,"turns":2},{"damage":0,"enemies":"2 Louse","floor":8,"turns":1},{"damage":4,"enemies":"Jaw Worm","floor":11,"turns":2},{"damage":30,"enemies":"Lagavulin","floor":12,"turns":5},{"damage":9,"enemies":"Blue Slaver","floor":13,"turns":3},{"damage":1,"enemies":"Looter","floor":14,"turns":2},{"damage":22,"enemies":"Hexaghost","floor":16,"turns":9},{"damage":28,"enemies":"2 Thieves","floor":18,"turns":4},{"damage":40,"enemies":"Shell Parasite","floor":21,"turns":6},{"damage":3,"enemies":"Centurion and Healer","floor":22,"turns":7},{"damage":65,"enemies":"Book of Stabbing","floor":25,"turns":4}],"seed_played":"-8823956379301278716","potions_obtained":[{"floor":6,"key":"GamblersBrew"},{"floor":11,"key":"SkillPotion"},{"floor":12,"key":"Block Potion"},{"floor":16,"key":"SkillPotion"},{"floor":21,"key":"SteroidPotion"}],"is_trial":false,"path_per_floor":["M","?","$","?","$","E","?","M","T","R","M","E","M","M","R","B",null,"M","?","$","M","M","R","?","E"],"character_chosen":"IRONCLAD","items_purchased":["Thunderclap","Shrug It Off","Heavy Blade"],"campfire_rested":1,"item_purchase_floors":[3,20,20],"current_hp_per_floor":[74,51,51,51,51,57,57,63,63,63,65,41,38,43,43,27,63,49,49,49,27,40,62,62,0],"gold":64,"neow_bonus":"THREE_ENEMY_KILL","is_prod":false,"is_daily":false,"chose_seed":false,"campfire_upgraded":1,"win_rate":0,"timestamp":1558896066,"path_taken":["M","?","$","?","$","E","?","M","T","R","M","E","M","?","R","BOSS","M","?","$","M","M","R","?","E"],"build_version":"2019-01-23","purchased_purges":2,"victory":false,"max_hp_per_floor":[75,75,75,75,75,75,75,75,75,75,75,75,75,75,75,75,75,75,75,75,75,75,75,75,75],"card_choices":[{"not_picked":["Battle Trance","Armaments"],"picked":"Clothesline","floor":1},{"not_picked":["Second Wind","Power Through"],"picked":"Pummel","floor":6},{"not_picked":["Uppercut","Wild Strike"],"picked":"Sword Boomerang","floor":8},{"not_picked":["Bludgeon","Anger","Headbutt"],"picked":"SKIP","floor":11},{"not_picked":["Warcry","Perfected Strike"],"picked":"True Grit","floor":12},{"not_picked":["True Grit","Heavy Blade"],"picked":"Cleave","floor":13},{"not_picked":["Pommel Strike","Infernal Blade","Brutality"],"picked":"SKIP","floor":14},{"not_picked":["Feed","Juggernaut"],"picked":"Reaper","floor":16},{"not_picked":["Anger","Sword Boomerang"],"picked":"Seeing Red+1","floor":18},{"not_picked":["Anger","Havoc"],"picked":"Entrench+1","floor":21},{"not_picked":["Burning Pact","Uppercut"],"picked":"Shrug It Off","floor":22}],"player_experience":585991,"relics_obtained":[{"floor":6,"key":"Red Skull"},{"floor":9,"key":"Whetstone"},{"floor":12,"key":"Shovel"},{"floor":15,"key":"Smiling Mask"}],"event_choices":[{"damage_healed":0,"gold_gain":0,"player_choice":"Entered Light","damage_taken":23,"max_hp_gain":0,"max_hp_loss":0,"event_name":"Shining Light","floor":2,"gold_loss":0,"cards_upgraded":["Defend_R","Strike_R"]},{"damage_healed":0,"gold_gain":0,"player_choice":"Leave","damage_taken":0,"max_hp_gain":0,"max_hp_loss":0,"event_name":"The Cleric","floor":4,"gold_loss":0},{"damage_healed":0,"gold_gain":0,"player_choice":"Ignored","damage_taken":0,"max_hp_gain":0,"max_hp_loss":0,"event_name":"Golden Idol","floor":7,"gold_loss":0},{"damage_healed":0,"gold_gain":0,"player_choice":"Ignored","damage_taken":0,"max_hp_gain":0,"max_hp_loss":0,"event_name":"Ghosts","floor":19,"gold_loss":0},{"damage_healed":0,"gold_gain":0,"player_choice":"Ignored","damage_taken":0,"max_hp_gain":0,"max_hp_loss":0,"event_name":"Cursed Tome","floor":24,"gold_loss":0}],"is_beta":false,"boss_relics":[{"not_picked":["White Beast Statue","Runic Pyramid"],"picked":"Pandora\u0027s Box"}],"items_purged_floors":[3,20],"is_endless":false,"potions_floor_spawned":[6,11,12,13,16,21],"killed_by":"Book of Stabbing","ascension_level":19}