{"path_per_floor":["M","M","?","M","M","R","M","?","T","?","M","R","?","M","R","B",null,"M","?","?","M","?","R","?","$","T","M","R","M"],"character_chosen":"THE_SILENT","items_purchased":[],"gold_per_floor":[114,129,129,145,157,157,173,173,173,173,190,190,219,229,229,334,334,259,259,259,269,184,184,184,109,109,119,119,133],"floor_reached":30,"campfire_rested":1,"playtime":2265,"current_hp_per_floor":[69,67,67,67,58,58,47,35,35,35,35,35,34,34,70,48,70,32,32,80,70,70,70,70,70,70,61,61,20],"items_purged":["Defend_G"],"gold":133,"score":279,"play_id":"896a6843-ba76-4b5f-bfab-98a6825b6c66","is_prod":false,"is_daily":false,"is_ascension_mode":true,"campfire_upgraded":4,"path_taken":["M","M","?","M","M","R","M","?","T","?","M","R","?","?","R","BOSS","M","?","?","?","?","R","?","$","T","M","R","M","M"],"build_version":"2018-02-15-PROD1","purchased_purges":1,"victory":false,"master_deck":["Defend_G","Defend_G","Defend_G","Survivor","Neutralize+1","Quick Slash+1","Noxious Fumes+1","Dagger Spray","Bane","Neutralize","Footwork+1","Backflip","Dodge and Roll","Dagger Throw","Malaise+1","Bane","Burst+1","Well Laid Plans+1","Bite","Bite","Bite","Bite","Bite"],"max_hp_per_floor":[70,70,70,70,70,70,70,70,70,70,70,70,70,70,70,70,70,70,70,80,80,80,80,80,80,80,80,80,80],"relics":["Astrolabe","Regal Pillow","Calipers","Odd Mushroom","White Beast Statue","Peace Pipe"],"card_choices":[{"not_picked":["Cloak And Dagger","Sucker Punch"],"picked":"Dagger Spray"},{"not_picked":["Slice","Poisoned Stab"],"picked":"Bane"},{"not_picked":["Distraction","Prepared"],"picked":"Footwork"},{"not_picked":["Deflect","Flying Knee"],"picked":"Backflip"},{"not_picked":["Cloak And Dagger","A Thousand Cuts"],"picked":"Dodge and Roll"},{"not_picked":["Predator","Masterful Stab"],"picked":"Dagger Throw"},{"not_picked":["Outmaneuver","Skewer"],"picked":"Malaise"},{"not_picked":["Cloak And Dagger","All Out Attack"],"picked":"Bane"},{"not_picked":["Venomology","Bullet Time"],"picked":"Burst"},{"not_picked":["Dagger Throw","Leg Sweep"],"picked":"Well Laid Plans"}],"player_experience":112609,"potions_floor_usage":[13,27,29],"damage_taken":[{"damage":1,"enemies":"Jaw Worm","floor":1,"turns":4},{"damage":2,"enemies":"Cultist","floor":2,"turns":5},{"damage":0,"enemies":"2 Louse","floor":4,"turns":2},{"damage":9,"enemies":"Looter","floor":5,"turns":3},{"damage":11,"enemies":"3 Louse","floor":7,"turns":2},{"damage":0,"enemies":"Large Slime","floor":11,"turns":5},{"damage":10,"enemies":"The Mushroom Lair","floor":13,"turns":4},{"damage":0,"enemies":"Blue Slaver","floor":14,"turns":4},{"damage":22,"enemies":"The Guardian","floor":16,"turns":11},{"damage":38,"enemies":"2 Thieves","floor":18,"turns":5},{"damage":10,"enemies":"Spheric Guardian","floor":21,"turns":9},{"damage":35,"enemies":"Slaver and Parasite","floor":27,"turns":11},{"damage":47,"enemies":"3 Cultists","floor":29,"turns":5},{"damage":24,"enemies":"Cultist and Chosen","floor":30,"turns":4}],"event_choices":[{"event_name":"Match and Keep!","player_choice":"1 cards matched","floor":3,"damage_taken":0},{"event_name":"Scrap Ooze","player_choice":"success","floor":8,"damage_taken":12},{"event_name":"Living Wall","player_choice":"Forget","floor":10,"damage_taken":0},{"event_name":"Mushrooms","player_choice":"Fought Mushrooms","floor":13,"damage_taken":0},{"event_name":"Purifier","player_choice":"One Purge","floor":19,"damage_taken":0},{"event_name":"Bonfire Elementals","player_choice":"RARE","floor":20,"damage_taken":0},{"event_name":"Addict","player_choice":"Obtained Relic","floor":22,"damage_taken":0},{"event_name":"Vampires","player_choice":"Became a vampire (Vial)","floor":24,"damage_taken":0}],"boss_relics":[{"not_picked":["Lizard Tail","Eternal Feather"],"picked":"White Beast Statue"}],"potions_floor_spawned":[7,11,13,18,21,27,29],"seed_played":"7128400094845841449","killed_by":"Cultist and Chosen","ascension_level":3,"is_trial":false}