{"gold_per_floor":[116,116,41,52,65,99,64,64,64,64,83,83,102,176,176,255,255,233,26,26,41,56,56,12,26,26,26,43,43,59,110,110,110],"floor_reached":33,"playtime":1039,"items_purged":["Strike_G"],"score":482,"play_id":"f7a5be42-6700-4872-998e-49373211765b","local_time":"20190421211807","is_ascension_mode":true,"campfire_choices":[{"data":"Neutralize","floor":8.0,"key":"SMITH"},{"data":"Dash","floor":10.0,"key":"SMITH"},{"data":"Sucker Punch","floor":12.0,"key":"SMITH"},{"data":"Strike_G","floor":15,"key":"PURGE"},{"data":"Strike_G","floor":23,"key":"PURGE"},{"data":"Footwork","floor":29,"key":"SMITH"},{"data":"Reflex","floor":32,"key":"PURGE"}],"neow_cost":"NONE","seed_source_timestamp":864010834038385,"circlet_count":0,"master_deck":["AscendersBane","Defend_G","Defend_G","Defend_G","Defend_G","Defend_G","Survivor","Neutralize+1","Backstab","PiercingWail","Dash+1","Sucker Punch+1","Heel Hook","Adrenaline","Quick Slash","Caltrops+1","Skewer","Footwork+1","Quick Slash+1","Cloak And Dagger+1","Backflip"],"special_seed":0,"relics":["Coffee Dripper","Peace Pipe","Mercury Hourglass","Velvet Choker","Juzu Bracelet","Molten Egg 2","Bronze Scales"],"potions_floor_usage":[18,25],"damage_taken":[{"damage":3.0,"enemies":"Jaw Worm","floor":1.0,"turns":6.0},{"damage":4.0,"enemies":"Small Slimes","floor":4.0,"turns":4.0},{"damage":3.0,"enemies":"Cultist","floor":5.0,"turns":5.0},{"damage":36.0,"enemies":"Gremlin Nob","floor":6.0,"turns":6.0},{"damage":7.0,"enemies":"Large Slime","floor":11.0,"turns":6.0},{"damage":0.0,"enemies":"Looter","floor":13.0,"turns":2.0},{"damage":17,"enemies":"The Guardian","floor":16,"turns":15},{"damage":6,"enemies":"2 Thieves","floor":18,"turns":4},{"damage":11,"enemies":"Chosen","floor":21,"turns":5},{"damage":21,"enemies":"Snake Plant","floor":22,"turns":4},{"damage":0,"enemies":"Snecko","floor":25,"turns":5},{"damage":21,"enemies":"Chosen and Byrds","floor":28,"turns":6},{"damage":11,"enemies":"Cultist and Chosen","floor":30,"turns":7},{"damage":10,"enemies":"Collector","floor":33,"turns":3}],"seed_played":"7058246628883185089","potions_obtained":[{"floor":1.0,"key":"GamblersBrew"},{"floor":5.0,"key":"FairyPotion"},{"floor":6.0,"key":"Weak Potion"},{"floor":22,"key":"Regen Potion"}],"is_trial":false,"path_per_floor":["M","?","$","M","M","E","?","R","T","R","M","R","M","?","R","B",null,"M","$","?","M","M","R","$","M","T","?","M","R","M","T","R","B"],"character_chosen":"THE_SILENT","items_purchased":["Juzu Bracelet","Caltrops","Footwork"],"campfire_rested":0,"item_purchase_floors":[19,19,24],"current_hp_per_floor":[56,56,56,52,49,13,29,29,29,29,22,22,22,22,22,5,51,45,45,45,34,13,13,13,27,27,27,6,6,6,6,6,0],"gold":110,"neow_bonus":"BOSS_RELIC","is_prod":false,"is_daily":false,"chose_seed":false,"campfire_upgraded":4,"win_rate":0,"timestamp":1555874287,"path_taken":["M","?","$","M","M","E","?","R","T","R","M","R","M","?","R","BOSS","M","$","?","M","M","R","?","M","T","?","M","R","M","?","R","BOSS"],"build_version":"2019-01-23","purchased_purges":1,"victory":false,"max_hp_per_floor":[66,66,66,66,66,66,66,66,66,66,66,66,66,66,66,66,66,66,66,66,66,66,66,66,66,66,66,66,66,66,66,66,66],"card_choices":[{"not_picked":["Endless Agony","Flying Knee"],"picked":"Backstab","floor":1.0},{"not_picked":["Flechettes","Blade Dance"],"picked":"PiercingWail","floor":4.0},{"not_picked":["Blur","Backflip"],"picked":"Dash","floor":5.0},{"not_picked":["Tactician","Slice","Bane"],"picked":"SKIP","floor":6.0},{"not_picked":["Acrobatics","Outmaneuver"],"picked":"Sucker Punch","floor":11.0},{"not_picked":["Slice","Expertise"],"picked":"Heel Hook","floor":13.0},{"not_picked":["A Thousand Cuts","Doppelganger"],"picked":"Adrenaline","floor":16},{"not_picked":["Deadly Poison","Poisoned Stab"],"picked":"Quick Slash","floor":18},{"not_picked":["Flying Knee","Quick Slash"],"picked":"Skewer","floor":21},{"not_picked":["Slice","Finisher","Acrobatics"],"picked":"SKIP","floor":22},{"not_picked":["PiercingWail","Acrobatics","Sucker Punch"],"picked":"SKIP","floor":25},{"not_picked":["Bullet Time","Bane+1"],"picked":"Cloak And Dagger+1","floor":28},{"not_picked":["Cloak And Dagger+1","Dodge and Roll"],"picked":"Backflip","floor":30}],"player_experience":509924,"relics_obtained":[{"floor":6.0,"key":"Peace Pipe"},{"floor":9.0,"key":"Mercury Hourglass"},{"floor":26,"key":"Molten Egg 2"},{"floor":31,"key":"Bronze Scales"}],"event_choices":[{"damage_healed":0.0,"max_hp_gain":0.0,"max_hp_loss":0.0,"gold_gain":0.0,"event_name":"Shining Light","player_choice":"Ignored","floor":2.0,"gold_loss":0.0,"damage_taken":0.0},{"damage_healed":16.0,"max_hp_gain":0.0,"max_hp_loss":0.0,"gold_gain":0.0,"event_name":"The Cleric","player_choice":"Healed","floor":7.0,"gold_loss":35.0,"damage_taken":0.0},{"damage_healed":0.0,"max_hp_gain":0.0,"max_hp_loss":0.0,"gold_gain":74.0,"event_name":"Golden Wing","player_choice":"Gained Gold","floor":14.0,"gold_loss":0.0,"damage_taken":0.0},{"damage_healed":0,"gold_gain":0,"player_choice":"Forge","damage_taken":0,"max_hp_gain":0,"max_hp_loss":0,"event_name":"Accursed Blacksmith","floor":20,"gold_loss":0,"cards_upgraded":["Caltrops"]},{"damage_healed":0,"gold_gain":0,"cards_transformed":["Strike_G","Strike_G"],"player_choice":"Became Test Subject","damage_taken":0,"max_hp_gain":0,"max_hp_loss":0,"event_name":"Drug Dealer","floor":27,"gold_loss":0,"cards_obtained":["Quick Slash","Reflex"]}],"is_beta":false,"boss_relics":[{"not_picked":["Ectoplasm","Eternal Feather"],"picked":"Velvet Choker"}],"items_purged_floors":[3],"is_endless":false,"potions_floor_spawned":[1,5,6,11,16,22],"killed_by":"Collector","ascension_level":19}