{"gold_per_floor":[109,109,34,109,127,127,155,3,29,39,39,89,102,117,117,191,191,179,179,199,199,210,210,225,225],"floor_reached":25,"playtime":1030,"items_purged":["Strike_G","Strike_G"],"score":435,"play_id":"c8e10af8-a7b2-482b-ac7d-a2eb33617985","local_time":"20190406011209","is_ascension_mode":true,"campfire_choices":[{"data":"Neutralize","floor":6,"key":"SMITH"},{"floor":15,"key":"REST"},{"data":"Noxious Fumes","floor":23,"key":"SMITH"}],"neow_cost":"NONE","seed_source_timestamp":14507761378859,"circlet_count":0,"master_deck":["AscendersBane","Defend_G","Defend_G+1","Defend_G","Defend_G","Defend_G+1","Survivor","Neutralize+1","Crippling Poison","Caltrops","Noxious Fumes+1","Well Laid Plans","Cloak And Dagger","Flying Knee","Quick Slash","Doppelganger","Bite","Bite","Bite","Bite","Bite","Backflip"],"relics":["Ring of the Snake","NeowsBlessing","Dodecahedron","The Courier","Dream Catcher","Eternal Feather"],"potions_floor_usage":[13,23],"damage_taken":[{"damage":0,"enemies":"2 Louse","floor":1,"turns":1},{"damage":0,"enemies":"Cultist","floor":5,"turns":1},{"damage":0,"enemies":"3 Sentries","floor":7,"turns":1},{"damage":12,"enemies":"Jaw Worm","floor":10,"turns":6},{"damage":0,"enemies":"Looter","floor":13,"turns":4},{"damage":4,"enemies":"Large Slime","floor":14,"turns":8},{"damage":17,"enemies":"Hexaghost","floor":16,"turns":11},{"damage":15,"enemies":"2 Thieves","floor":18,"turns":4},{"damage":25,"enemies":"Shell Parasite","floor":20,"turns":8},{"damage":14,"enemies":"Centurion and Healer","floor":22,"turns":9},{"damage":49,"enemies":"Sentry and Sphere","floor":24,"turns":8},{"damage":15,"enemies":"Snake Plant","floor":25,"turns":3}],"seed_played":"4583555327559080734","potions_obtained":[{"floor":1,"key":"GamblersBrew"},{"floor":10,"key":"AttackPotion"},{"floor":13,"key":"Weak Potion"},{"floor":16,"key":"Swift Potion"},{"floor":22,"key":"Fruit Juice"},{"floor":24,"key":"Poison Potion"}],"is_trial":false,"path_per_floor":["M","?","$","?","M","R","E","$","T","M","?","?","M","M","R","B",null,"M","?","M","?","M","R","M","M"],"character_chosen":"THE_SILENT","items_purchased":["Well Laid Plans"],"campfire_rested":1,"item_purchase_floors":[8],"current_hp_per_floor":[59,59,59,48,48,48,48,48,48,36,16,16,16,12,31,14,53,38,38,27,16,22,39,10,0],"gold":225,"neow_bonus":"THREE_ENEMY_KILL","is_prod":false,"is_daily":false,"chose_seed":false,"campfire_upgraded":2,"win_rate":0,"timestamp":1554505929,"path_taken":["M","?","?","?","?","R","E","$","T","M","?","?","M","M","R","BOSS","M","?","M","?","M","R","M","M"],"build_version":"2019-01-23","purchased_purges":2,"victory":false,"max_hp_per_floor":[66,66,66,66,66,66,66,66,66,66,66,66,66,66,66,66,66,66,46,46,51,51,56,56,56],"card_choices":[{"not_picked":["Distraction","Bouncing Flask"],"picked":"Crippling Poison","floor":1},{"not_picked":["Deadly Poison","Concentrate"],"picked":"Caltrops","floor":5},{"not_picked":["Caltrops","Dagger Spray"],"picked":"Noxious Fumes","floor":7},{"not_picked":["Dagger Throw","Calculated Gamble","Acrobatics"],"picked":"SKIP","floor":10},{"not_picked":["Blur","Accuracy"],"picked":"Cloak And Dagger","floor":13},{"not_picked":["PiercingWail","Dodge and Roll"],"picked":"Flying Knee","floor":14},{"not_picked":["Dodge and Roll","Riddle With Holes"],"picked":"Quick Slash","floor":15},{"not_picked":["Storm of Steel","Night Terror"],"picked":"Doppelganger","floor":16},{"not_picked":["Endless Agony","Accuracy","Concentrate"],"picked":"SKIP","floor":18},{"not_picked":["Expertise","Tactician","Well Laid Plans"],"picked":"SKIP","floor":20},{"not_picked":["Underhanded Strike+1","Deflect","Accuracy"],"picked":"SKIP","floor":22},{"not_picked":["Tactician","Caltrops"],"picked":"Backflip","floor":24}],"player_experience":465206,"relics_obtained":[{"floor":7,"key":"The Courier"},{"floor":9,"key":"Dream Catcher"}],"event_choices":[{"damage_healed":0,"gold_gain":0,"player_choice":"Gave Potion","damage_taken":0,"relics_obtained":["Dodecahedron"],"max_hp_gain":0,"max_hp_loss":0,"event_name":"WeMeetAgain","floor":2,"gold_loss":0},{"damage_healed":0,"gold_gain":75,"player_choice":"Gather Gold","damage_taken":11,"max_hp_gain":0,"max_hp_loss":0,"event_name":"World of Goop","floor":4,"gold_loss":0},{"damage_healed":0,"gold_gain":0,"player_choice":"Entered Light","damage_taken":20,"max_hp_gain":0,"max_hp_loss":0,"event_name":"Shining Light","floor":11,"gold_loss":0,"cards_upgraded":["Defend_G","Defend_G"]},{"damage_healed":0,"gold_gain":50,"player_choice":"Pray","damage_taken":0,"max_hp_gain":0,"max_hp_loss":0,"event_name":"Golden Shrine","floor":12,"gold_loss":0},{"damage_healed":0,"gold_gain":0,"player_choice":"Became a vampire","damage_taken":0,"max_hp_gain":0,"max_hp_loss":20,"event_name":"Vampires","floor":19,"gold_loss":0,"cards_obtained":["Bite","Bite","Bite","Bite","Bite"]},{"damage_healed":0,"gold_gain":0,"player_choice":"Shed Blood","damage_taken":16,"max_hp_gain":5,"max_hp_loss":0,"event_name":"Forgotten Altar","floor":21,"gold_loss":0}],"is_beta":false,"boss_relics":[{"not_picked":["WristBlade","HoveringKite"],"picked":"Eternal Feather"}],"items_purged_floors":[3,8],"is_endless":false,"potions_floor_spawned":[1,10,13,16,22,24],"killed_by":"Snake Plant","ascension_level":16}