{"gold_per_floor":[118,118,118,39,53,53,78,78,105,120,132,149,159,191,191,267,267,285,41,51,51,51,82,82,102,148,148,248,248],"floor_reached":29,"playtime":856,"items_purged":["Strike_R"],"score":581,"play_id":"87b00963-9f4d-4837-90f1-7d701898b735","local_time":"20190507211506","is_ascension_mode":true,"campfire_choices":[{"data":"Uppercut","floor":6,"key":"SMITH"},{"data":"Bash","floor":8,"key":"SMITH"},{"data":"Disarm","floor":15,"key":"SMITH"},{"data":"Limit Break","floor":24,"key":"SMITH"},{"floor":27,"key":"REST"}],"neow_cost":"NONE","seed_source_timestamp":565477599023926,"circlet_count":0,"master_deck":["AscendersBane","Defend_R","Defend_R","Defend_R","Defend_R","Bash+1","Flame Barrier","Corruption","Uppercut+1","Ghostly Armor","Twin Strike","Twin Strike","Havoc","Spot Weakness","Disarm+1","Immolate","Cleave+1","Sword Boomerang","Bite","Bite","Bite","Bite","Bite","Limit Break+1"],"relics":["Burning Blood","NeowsBlessing","Darkstone Periapt","Bottled Flame","Ancient Tea Set","Philosopher\u0027s Stone","Anchor","Unceasing Top","Happy Flower","Charon\u0027s Ashes","Paper Frog"],"potions_floor_usage":[25,25,25,28,28],"damage_taken":[{"damage":0,"enemies":"Small Slimes","floor":1,"turns":1},{"damage":0,"enemies":"2 Louse","floor":5,"turns":1},{"damage":0,"enemies":"Gremlin Nob","floor":7,"turns":1},{"damage":0,"enemies":"Cultist","floor":10,"turns":4},{"damage":3,"enemies":"Looter","floor":11,"turns":4},{"damage":21,"enemies":"Exordium Wildlife","floor":12,"turns":5},{"damage":4,"enemies":"2 Fungi Beasts","floor":13,"turns":4},{"damage":25,"enemies":"3 Sentries","floor":14,"turns":6},{"damage":18,"enemies":"Hexaghost","floor":16,"turns":9},{"damage":17,"enemies":"Shell Parasite","floor":18,"turns":5},{"damage":8,"enemies":"3 Byrds","floor":20,"turns":5},{"damage":47,"enemies":"Slavers","floor":23,"turns":6},{"damage":32,"enemies":"Shelled Parasite and Fungi","floor":25,"turns":5},{"damage":6,"enemies":"Colosseum Slavers","floor":28,"turns":3},{"damage":7,"enemies":"Colosseum Nobs","floor":28,"turns":3},{"damage":52,"enemies":"Book of Stabbing","floor":29,"turns":4}],"seed_played":"-3261040301532302657","potions_obtained":[{"floor":1,"key":"Swift Potion"},{"floor":3,"key":"SpeedPotion"},{"floor":11,"key":"EssenceOfSteel"},{"floor":20,"key":"EntropicBrew"},{"floor":25,"key":"FearPotion"}],"is_trial":false,"path_per_floor":["M","?","?","$","M","R","E","R","T","M","M","M","M","E","R","B",null,"M","$","M","?","?","E","R","M","T","R","?","E"],"character_chosen":"IRONCLAD","items_purchased":["Corruption","Anchor"],"campfire_rested":1,"item_purchase_floors":[4,19],"current_hp_per_floor":[74,63,63,63,69,69,75,75,75,75,75,60,64,47,47,37,66,57,57,57,57,57,24,24,8,8,30,41,0],"gold":248,"neow_bonus":"THREE_ENEMY_KILL","is_prod":false,"is_daily":false,"chose_seed":false,"campfire_upgraded":4,"win_rate":0,"timestamp":1557288906,"path_taken":["M","?","?","$","M","R","E","R","T","M","?","M","M","E","R","BOSS","M","$","M","?","?","E","R","M","T","R","?","E"],"build_version":"2019-04-23","purchased_purges":1,"victory":false,"max_hp_per_floor":[75,75,75,75,75,75,75,75,75,75,75,75,75,75,75,75,75,75,75,75,75,75,75,75,75,75,75,75,75],"card_choices":[{"not_picked":["Armaments","Rupture"],"picked":"Flame Barrier","floor":1},{"not_picked":["Warcry","Entrench"],"picked":"Uppercut","floor":5},{"not_picked":["Entrench","Body Slam"],"picked":"Ghostly Armor","floor":7},{"not_picked":["Shrug It Off","Iron Wave"],"picked":"Twin Strike","floor":10},{"not_picked":["Hemokinesis","Burning Pact"],"picked":"Twin Strike","floor":11},{"not_picked":["Reaper","Body Slam"],"picked":"Havoc","floor":12},{"not_picked":["Sword Boomerang","Dropkick"],"picked":"Spot Weakness","floor":13},{"not_picked":["Rupture","Perfected Strike"],"picked":"Disarm","floor":14},{"not_picked":["Berserk","Brutality"],"picked":"Immolate","floor":16},{"not_picked":["Blood for Blood","Rupture"],"picked":"Cleave+1","floor":18},{"not_picked":["Clothesline","Dual Wield"],"picked":"Sword Boomerang","floor":20},{"not_picked":["True Grit","Headbutt"],"picked":"Limit Break","floor":23},{"not_picked":["Body Slam","Rupture","Heavy Blade"],"picked":"SKIP","floor":25}],"player_experience":1235320,"relics_obtained":[{"floor":7,"key":"Bottled Flame"},{"floor":9,"key":"Blood Vial"},{"floor":14,"key":"Ancient Tea Set"},{"floor":23,"key":"Unceasing Top"},{"floor":26,"key":"Happy Flower"},{"floor":28,"key":"Charon\u0027s Ashes"},{"floor":28,"key":"Paper Frog"}],"event_choices":[{"damage_healed":0,"gold_gain":0,"player_choice":"Success","damage_taken":11,"relics_obtained":["Darkstone Periapt"],"max_hp_gain":0,"max_hp_loss":0,"event_name":"Scrap Ooze","floor":2,"gold_loss":0},{"damage_healed":0,"gold_gain":0,"player_choice":"Got Potions","damage_taken":0,"max_hp_gain":0,"max_hp_loss":0,"event_name":"Lab","floor":3,"gold_loss":0},{"damage_healed":0,"gold_gain":0,"player_choice":"Ignored","damage_taken":0,"max_hp_gain":0,"max_hp_loss":0,"event_name":"Beggar","floor":21,"gold_loss":0},{"damage_healed":0,"gold_gain":0,"player_choice":"Became a vampire (Vial)","damage_taken":0,"max_hp_gain":0,"max_hp_loss":0,"event_name":"Vampires","floor":22,"relics_lost":["Blood Vial"],"gold_loss":0,"cards_obtained":["Bite","Bite","Bite","Bite","Bite"]},{"damage_healed":0,"gold_gain":0,"player_choice":"Fight","damage_taken":0,"max_hp_gain":0,"max_hp_loss":0,"event_name":"Colosseum","floor":28,"gold_loss":0},{"damage_healed":0,"gold_gain":0,"player_choice":"Fought Nobs","damage_taken":0,"max_hp_gain":0,"max_hp_loss":0,"event_name":"Colosseum","floor":28,"gold_loss":0}],"is_beta":true,"boss_relics":[{"not_picked":["Runic Dome","Mark of Pain"],"picked":"Philosopher\u0027s Stone"}],"items_purged_floors":[19],"is_endless":false,"potions_floor_spawned":[1,7,11,12,20,23,25],"killed_by":"Book of Stabbing","ascension_level":20}