{"gold_per_floor":[110,110,126,38,56,83,83,109,109,109,109,109,109,137,149,233,245,272,300,292,32,50,50],"floor_reached":23,"playtime":783,"items_purged":[],"score":414,"play_id":"0443c3a6-04c3-4abd-b85e-41cca3c38086","local_time":"20190512152403","is_ascension_mode":true,"campfire_choices":[{"data":"Neutralize","floor":7,"key":"SMITH"},{"floor":10,"key":"REST"},{"data":"Bouncing Flask","floor":15,"key":"SMITH"}],"neow_cost":"NONE","seed_source_timestamp":976509922960988,"circlet_count":0,"master_deck":["AscendersBane","Defend_G","Defend_G","Defend_G","Defend_G","Defend_G","Strike_G","Strike_G","Strike_G","Survivor","Neutralize+1","Sucker Punch","Dagger Throw","Infinite Blades","Bouncing Flask+1","Backflip","Masterful Stab","PiercingWail","Wraith Form v2","Crippling Poison+1"],"relics":["Ring of the Snake","Centennial Puzzle","Paper Crane","Ninja Scroll","Pantograph","MawBank","Runic Pyramid","Gremlin Horn"],"potions_floor_usage":[8,14,23],"damage_taken":[{"damage":2,"enemies":"Small Slimes","floor":1,"turns":4},{"damage":0,"enemies":"2 Louse","floor":3,"turns":3},{"damage":0,"enemies":"Cultist","floor":5,"turns":4},{"damage":18,"enemies":"Lagavulin","floor":6,"turns":6},{"damage":26,"enemies":"3 Sentries","floor":8,"turns":11},{"damage":12,"enemies":"Lagavulin","floor":14,"turns":4},{"damage":30,"enemies":"The Guardian","floor":16,"turns":12},{"damage":11,"enemies":"2 Thieves","floor":18,"turns":5},{"damage":13,"enemies":"Shell Parasite","floor":19,"turns":6},{"damage":6,"enemies":"Snake Plant","floor":22,"turns":4},{"damage":39,"enemies":"Gremlin Leader","floor":23,"turns":7}],"seed_played":"-2265584233230940491","potions_obtained":[{"floor":6,"key":"EssenceOfSteel"},{"floor":8,"key":"Strength Potion"},{"floor":14,"key":"Ancient Potion"},{"floor":20,"key":"Regen Potion"}],"is_trial":false,"path_per_floor":["M","?","M","$","M","E","R","E","T","R","?","?","?","E","R","B",null,"M","M","?","$","M","E"],"character_chosen":"THE_SILENT","items_purchased":["Infinite Blades","Gremlin Horn"],"campfire_rested":1,"item_purchase_floors":[4,21],"current_hp_per_floor":[57,57,57,57,57,39,39,13,13,32,25,25,25,13,13,8,52,41,28,28,28,22,0],"gold":50,"neow_bonus":"RANDOM_COMMON_RELIC","is_prod":false,"is_daily":false,"chose_seed":false,"campfire_upgraded":2,"win_rate":0,"timestamp":1557699843,"path_taken":["M","?","M","$","M","E","R","E","T","R","?","?","?","E","R","BOSS","M","M","?","$","?","E"],"build_version":"2019-05-07","purchased_purges":0,"victory":false,"max_hp_per_floor":[66,66,66,66,66,66,66,66,66,66,66,66,66,66,66,66,66,66,66,66,66,66,66],"card_choices":[{"not_picked":["Underhanded Strike","Catalyst"],"picked":"Sucker Punch","floor":1},{"not_picked":["Bane","Calculated Gamble"],"picked":"Dagger Throw","floor":3},{"not_picked":["Acrobatics","Riddle With Holes"],"picked":"Bouncing Flask","floor":5},{"not_picked":["Endless Agony","Distraction"],"picked":"Backflip","floor":6},{"not_picked":["Slice","Catalyst"],"picked":"Masterful Stab","floor":8},{"not_picked":["Distraction","Slice"],"picked":"PiercingWail","floor":14},{"not_picked":["Night Terror","Tools of the Trade"],"picked":"Wraith Form v2","floor":16},{"not_picked":["Cloak And Dagger","Dagger Throw+1"],"picked":"Crippling Poison+1","floor":18},{"not_picked":["PiercingWail","Masterful Stab+1","Slice"],"picked":"SKIP","floor":19},{"not_picked":["Outmaneuver","Sucker Punch","Reflex"],"picked":"SKIP","floor":22}],"player_experience":1254526,"relics_obtained":[{"floor":6,"key":"Paper Crane"},{"floor":8,"key":"Ninja Scroll"},{"floor":9,"key":"Pantograph"},{"floor":14,"key":"MawBank"}],"event_choices":[{"cards_removed":["Strike_G"],"damage_healed":0,"gold_gain":0,"player_choice":"Forget","damage_taken":0,"max_hp_gain":0,"max_hp_loss":0,"event_name":"Living Wall","floor":2,"gold_loss":0},{"cards_removed":["Strike_G"],"damage_healed":0,"gold_gain":0,"player_choice":"Card Removal","damage_taken":7,"max_hp_gain":0,"max_hp_loss":0,"event_name":"Golden Wing","floor":11,"gold_loss":0},{"damage_healed":0,"gold_gain":0,"player_choice":"Ignored","damage_taken":0,"max_hp_gain":0,"max_hp_loss":0,"event_name":"Liars Game","floor":12,"gold_loss":0},{"damage_healed":0,"gold_gain":0,"player_choice":"Searched \u00270\u0027 times","damage_taken":0,"max_hp_gain":0,"max_hp_loss":0,"event_name":"Dead Adventurer","floor":13,"gold_loss":0},{"damage_healed":0,"gold_gain":0,"player_choice":"Bought 1 Potion","damage_taken":0,"max_hp_gain":0,"max_hp_loss":0,"event_name":"The Woman in Blue","floor":20,"gold_loss":0}],"is_beta":true,"boss_relics":[{"not_picked":["Ectoplasm","White Beast Statue"],"picked":"Runic Pyramid"}],"items_purged_floors":[],"is_endless":false,"potions_floor_spawned":[6,8,14],"killed_by":"Gremlin Leader","ascension_level":20}