{"path_per_floor":["M","M","M","M","?","R","M","R","T","M","R","M","?","M","R","B",null,"M","M","M","T","$","R","?","M","T","M","T","$","M"],"character_chosen":"IRONCLAD","items_purchased":["War Paint","Flame Barrier"],"gold_per_floor":[15,32,43,63,63,63,82,82,82,100,100,110,110,122,122,218,218,238,256,268,268,47,47,47,60,60,71,71,0,18],"floor_reached":31,"campfire_rested":0,"playtime":1705,"current_hp_per_floor":[73,66,66,70,70,70,59,59,59,50,50,50,43,46,46,26,64,61,51,49,49,49,49,49,20,20,17,17,17,14],"items_purged":["Strike_R"],"gold":18,"score":387,"play_id":"6be26d9f-3ead-4621-a214-93bdf7096f8f","is_prod":false,"is_daily":false,"is_ascension_mode":true,"campfire_upgraded":5,"path_taken":["M","?","M","M","?","R","M","R","T","M","R","M","?","M","R","BOSS","M","M","M","?","?","R","?","M","T","M","?","$","?","?"],"build_version":"2018-02-22-PROD2","purchased_purges":1,"victory":false,"master_deck":["Strike_R","Defend_R+1","Defend_R","Defend_R","Defend_R","Bash+1","Limit Break+1","Flex+1","Flex","Intimidate+1","Pommel Strike+1","Headbutt","Headbutt","Heavy Blade+1","Flex","Disarm","True Grit+1","Flame Barrier","Shrug It Off+1"],"max_hp_per_floor":[77,77,77,77,77,77,77,77,77,77,77,77,77,77,77,77,77,77,77,77,77,77,77,77,77,77,77,77,77,77],"relics":["Burning Blood","Bottled Lightning","Cursed Key","War Paint"],"card_choices":[{"not_picked":["Iron Wave","Perfected Strike"],"picked":"Limit Break"},{"not_picked":["Body Slam","Disarm"],"picked":"Flex"},{"not_picked":["Second Wind","Intimidate"],"picked":"Flex"},{"not_picked":["Flex","Infernal Blade"],"picked":"Intimidate"},{"not_picked":["Reckless Charge","Bludgeon"],"picked":"Pommel Strike"},{"not_picked":["Clothesline","Anger"],"picked":"Headbutt"},{"not_picked":["True Grit","Power Through"],"picked":"Headbutt"},{"not_picked":["Pommel Strike","True Grit"],"picked":"Heavy Blade"},{"not_picked":["True Grit","Anger"],"picked":"Flex"},{"not_picked":["Wild Strike","Clothesline"],"picked":"Disarm"},{"not_picked":["Warcry","Whirlwind"],"picked":"True Grit"},{"not_picked":["Metallicize","Berserk"],"picked":"Shrug It Off"}],"player_experience":177867,"potions_floor_usage":[16,16,16,27],"damage_taken":[{"damage":5,"enemies":"Cultist","floor":1,"turns":5},{"damage":13,"enemies":"Jaw Worm","floor":2,"turns":5},{"damage":6,"enemies":"2 Louse","floor":3,"turns":4},{"damage":2,"enemies":"2 Fungi Beasts","floor":4,"turns":4},{"damage":17,"enemies":"Blue Slaver","floor":7,"turns":6},{"damage":15,"enemies":"Red Slaver","floor":10,"turns":5},{"damage":6,"enemies":"Exordium Thugs","floor":12,"turns":4},{"damage":3,"enemies":"Blue Slaver","floor":14,"turns":3},{"damage":26,"enemies":"Slime Boss","floor":16,"turns":8},{"damage":9,"enemies":"Shell Parasite","floor":18,"turns":3},{"damage":16,"enemies":"3 Byrds","floor":19,"turns":6},{"damage":8,"enemies":"Snecko","floor":20,"turns":3},{"damage":35,"enemies":"Slaver and Parasite","floor":25,"turns":4},{"damage":9,"enemies":"Centurion and Healer","floor":27,"turns":4},{"damage":9,"enemies":"3 Cultists","floor":30,"turns":6},{"damage":7,"enemies":"Chosen and Byrds","floor":31,"turns":5}],"event_choices":[{"event_name":"Wheel of Change","player_choice":"Card Removal","floor":5,"damage_taken":0},{"event_name":"Golden Wing","player_choice":"Card Removal","floor":13,"damage_taken":0},{"event_name":"Beggar","player_choice":"Ignored","floor":24,"damage_taken":0}],"boss_relics":[{"not_picked":["Runic Pyramid","Orrery"],"picked":"Cursed Key"}],"potions_floor_spawned":[7,10,12,16,18,25,27,30],"seed_played":"8420315782708334764","killed_by":"Chosen and Byrds","ascension_level":10,"is_trial":false}