{"gold_per_floor":[216,234,4,18,37,66,66,40,40,55,55,81,97,128,128,231,231,249,262,109,208,123,135,0,0,0,30,30,40,56,82,82,185,185,202,202,7,7,19,19,19,294,344,344,361,377,408,10,10,10],"floor_reached":51,"playtime":2511,"items_purged":["Strike_R","Strike_R"],"score":858,"play_id":"56ac61b2-5d75-42f3-add3-1dccb29945ca","local_time":"20190607132622","is_ascension_mode":false,"campfire_choices":[{"data":"Apotheosis","floor":7,"key":"SMITH"},{"data":"Inflame","floor":15,"key":"SMITH"},{"data":"Barricade","floor":23,"key":"SMITH"},{"data":"Iron Wave","floor":25,"key":"SMITH"},{"data":"Flame Barrier","floor":28,"key":"SMITH"},{"data":"Armaments","floor":32,"key":"SMITH"},{"data":"Evolve","floor":40,"key":"SMITH"},{"data":"Spot Weakness","floor":41,"key":"SMITH"},{"data":"Uppercut","floor":44,"key":"SMITH"},{"data":"Demon Form","floor":49,"key":"SMITH"}],"neow_cost":"NONE","seed_source_timestamp":0,"circlet_count":0,"master_deck":["Strike_R","Strike_R","Defend_R","Defend_R","Defend_R","Defend_R","Bash","Uppercut+1","Iron Wave+1","Apotheosis+1","Inflame+1","Spot Weakness+1","Flame Barrier+1","Evolve+1","Body Slam","Clothesline","Power Through","Rampage","Anger","Barricade+1","Seeing Red+1","Battle Trance+1","Impervious","Shrug It Off","Armaments+1","True Grit+1","Impervious","Writhe","Shrug It Off+1","Regret","Burning Pact+1","Evolve+1","Demon Form+1"],"special_seed":0,"relics":["Burning Blood","WingedGreaves","Bottled Flame","Darkstone Periapt","Bag of Preparation","Coffee Dripper","MawBank","Mummified Hand","Red Skull","Meat on the Bone","Eternal Feather","OrangePellets","Potion Belt","Letter Opener","Bronze Scales"],"potions_floor_usage":[14,16,16,27,27,31,33,50,50,50],"damage_taken":[{"damage":1.0,"enemies":"Cultist","floor":1.0,"turns":3.0},{"damage":6.0,"enemies":"Jaw Worm","floor":2.0,"turns":3.0},{"damage":0.0,"enemies":"2 Louse","floor":4.0,"turns":3.0},{"damage":9.0,"enemies":"Blue Slaver","floor":5.0,"turns":4.0},{"damage":19,"enemies":"3 Sentries","floor":6,"turns":9},{"damage":6,"enemies":"3 Louse","floor":10,"turns":3},{"damage":10,"enemies":"Lagavulin","floor":12,"turns":5},{"damage":19,"enemies":"Exordium Thugs","floor":13,"turns":6},{"damage":12,"enemies":"Gremlin Nob","floor":14,"turns":4},{"damage":0,"enemies":"Slime Boss","floor":16,"turns":8},{"damage":9,"enemies":"3 Byrds","floor":18,"turns":4},{"damage":0,"enemies":"2 Thieves","floor":19,"turns":3},{"damage":17,"enemies":"Slavers","floor":27,"turns":4},{"damage":2,"enemies":"Sentry and Sphere","floor":29,"turns":5},{"damage":20,"enemies":"Shelled Parasite and Fungi","floor":30,"turns":5},{"damage":0,"enemies":"Gremlin Leader","floor":31,"turns":5},{"damage":4,"enemies":"Champ","floor":33,"turns":13},{"damage":0,"enemies":"3 Shapes","floor":35,"turns":6},{"damage":18,"enemies":"3 Darklings","floor":39,"turns":6},{"damage":10,"enemies":"Jaw Worm Horde","floor":45,"turns":7},{"damage":19,"enemies":"Writhing Mass","floor":46,"turns":5},{"damage":7,"enemies":"Nemesis","floor":47,"turns":5},{"damage":25,"enemies":"Donu and Deca","floor":50,"turns":10}],"seed_played":"-2858409030650147052","potions_obtained":[{"floor":1.0,"key":"SneckoOil"},{"floor":10,"key":"Block Potion"},{"floor":13,"key":"Dexterity Potion"},{"floor":14,"key":"SneckoOil"},{"floor":18,"key":"Energy Potion"},{"floor":27,"key":"Dexterity Potion"},{"floor":30,"key":"AttackPotion"},{"floor":35,"key":"BloodPotion"},{"floor":45,"key":"Regen Potion"}],"is_trial":false,"path_per_floor":["M","M","$","M","M","E","R","$","T","M","?","E","M","E","R","B",null,"M","M","$","?","?","R","$","R","T","E","R","M","M","E","R","B",null,"M","?","$","?","M","R","R","?","T","R","M","M","E","$","R","B",null],"character_chosen":"IRONCLAD","items_purchased":["Apotheosis","Inflame","Body Slam","Impervious","Shrug It Off","OrangePellets","Demon Form","Bronze Scales","Weak Potion","Dexterity Potion"],"campfire_rested":0,"item_purchase_floors":[3,3,8,20,24,37,48,48,48,48],"current_hp_per_floor":[80,80,80,80,77,64,64,64,64,64,57,53,40,34,34,40,80,77,80,80,80,80,80,80,80,80,69,69,73,59,65,65,67,80,80,80,80,86,74,86,86,92,92,92,88,75,74,74,92,84],"gold":10,"neow_bonus":"HUNDRED_GOLD","is_prod":false,"is_daily":false,"chose_seed":false,"campfire_upgraded":10,"win_rate":0,"timestamp":1559910382,"path_taken":["M","M","$","M","?","E","R","$","T","?","?","E","M","E","R","BOSS","M","M","$","?","?","R","?","R","T","E","R","M","M","E","R","BOSS","M","?","$","?","?","R","R","?","T","R","M","M","E","$","R","BOSS"],"build_version":"2019-01-23","purchased_purges":2,"victory":true,"max_hp_per_floor":[80,80,80,80,80,80,80,80,80,80,80,80,80,80,80,80,80,80,80,80,80,80,80,80,80,80,80,80,80,80,80,80,80,80,80,80,80,86,86,86,86,92,92,92,92,92,92,92,92,92],"card_choices":[{"not_picked":["Disarm","Perfected Strike"],"picked":"Uppercut","floor":1.0},{"not_picked":["Power Through","Sword Boomerang"],"picked":"Iron Wave","floor":2.0},{"not_picked":["Sentinel","Dual Wield"],"picked":"Spot Weakness","floor":4.0},{"not_picked":["Iron Wave","Headbutt"],"picked":"Flame Barrier","floor":5},{"not_picked":["Dropkick","Infernal Blade"],"picked":"Evolve","floor":6},{"not_picked":["Pommel Strike","Clash"],"picked":"Clothesline","floor":10},{"not_picked":["Reckless Charge","Sever Soul"],"picked":"Power Through","floor":12},{"not_picked":["Seeing Red","Blood for Blood"],"picked":"Rampage","floor":13},{"not_picked":["Clothesline","Entrench"],"picked":"Anger","floor":14},{"not_picked":["Limit Break","Offering"],"picked":"Barricade","floor":16},{"not_picked":["Iron Wave","Clothesline+1"],"picked":"Seeing Red+1","floor":18},{"not_picked":["Twin Strike","Corruption"],"picked":"Battle Trance+1","floor":19},{"not_picked":["Headbutt","Clash","Thunderclap"],"picked":"SKIP","floor":27},{"not_picked":["Brutality","Pommel Strike+1"],"picked":"Armaments","floor":29},{"not_picked":["Heavy Blade","Pommel Strike+1"],"picked":"True Grit+1","floor":30},{"not_picked":["Rage","Clash","Clothesline"],"picked":"SKIP","floor":31},{"not_picked":["Immolate","Offering"],"picked":"Impervious","floor":33},{"not_picked":["Clash+1","Headbutt+1","Reckless Charge"],"picked":"SKIP","floor":35},{"not_picked":["Evolve+1","Seeing Red+1"],"picked":"Shrug It Off+1","floor":39},{"not_picked":["Heavy Blade","Clothesline"],"picked":"Burning Pact+1","floor":45},{"not_picked":["Reckless Charge+1","Sever Soul+1"],"picked":"Evolve+1","floor":46},{"not_picked":["Sword Boomerang","Heavy Blade","Hemokinesis+1"],"picked":"SKIP","floor":47}],"player_experience":770034,"relics_obtained":[{"floor":6,"key":"WingedGreaves"},{"floor":9,"key":"Bottled Flame"},{"floor":12,"key":"Darkstone Periapt"},{"floor":14,"key":"Bag of Preparation"},{"floor":26,"key":"Mummified Hand"},{"floor":27,"key":"Red Skull"},{"floor":31,"key":"Meat on the Bone"},{"floor":43,"key":"Potion Belt"},{"floor":47,"key":"Letter Opener"}],"event_choices":[{"cards_removed":["Strike_R"],"damage_healed":0,"gold_gain":0,"player_choice":"Card Removal","damage_taken":7,"max_hp_gain":0,"max_hp_loss":0,"event_name":"Golden Wing","floor":11,"gold_loss":0},{"damage_healed":0,"gold_gain":99,"player_choice":"Stole From Cult","damage_taken":0,"max_hp_gain":0,"max_hp_loss":0,"event_name":"Nest","floor":21,"gold_loss":0},{"damage_healed":0,"gold_gain":0,"player_choice":"Obtained Relic","damage_taken":0,"relics_obtained":["MawBank"],"max_hp_gain":0,"max_hp_loss":0,"event_name":"Addict","floor":22,"gold_loss":85},{"damage_healed":0,"gold_gain":0,"player_choice":"Ignored","damage_taken":0,"max_hp_gain":0,"max_hp_loss":0,"event_name":"Tomb of Lord Red Mask","floor":36,"gold_loss":0},{"damage_healed":20,"gold_gain":0,"player_choice":"Writhe","damage_taken":0,"max_hp_gain":0,"max_hp_loss":0,"event_name":"Winding Halls","floor":38,"gold_loss":0,"cards_obtained":["Writhe"]},{"damage_healed":0,"gold_gain":275,"player_choice":"Desecrate","damage_taken":0,"max_hp_gain":0,"max_hp_loss":0,"event_name":"Golden Shrine","floor":42,"gold_loss":0,"cards_obtained":["Regret"]}],"is_beta":false,"boss_relics":[{"not_picked":["Calling Bell","Black Star"],"picked":"Coffee Dripper"},{"not_picked":["White Beast Statue","Philosopher\u0027s Stone"],"picked":"Eternal Feather"}],"items_purged_floors":[20,24],"is_endless":false,"potions_floor_spawned":[1,10,13,14,18,27,30,35,45],"ascension_level":0}