{"gold_per_floor":[112,127,142,17,33,33,51,31,111,111,139,139,154,167,167,246,246,263,263,273,292,14,14,30,30,30,50,50,85,85,85,85,161,161,178,178,178,195,38,38],"floor_reached":40,"playtime":1696,"items_purged":["Strike_B"],"score":922,"play_id":"2aecc734-3a33-4a2e-a67b-9e58e9cb50cd","local_time":"20190506213157","is_ascension_mode":true,"campfire_choices":[{"data":"Zap","floor":6,"key":"SMITH"},{"data":"Defragment","floor":10,"key":"SMITH"},{"data":"Buffer","floor":12,"key":"SMITH"},{"floor":15,"key":"REST"},{"data":"Apotheosis","floor":23,"key":"SMITH"},{"floor":25,"key":"REST"},{"data":"BootSequence","floor":28,"key":"SMITH"},{"data":"Defragment","floor":30,"key":"SMITH"},{"floor":32,"key":"REST"}],"neow_cost":"NONE","seed_source_timestamp":2160278964179414,"circlet_count":0,"master_deck":["AscendersBane","Defend_B","Defend_B","Defend_B","Defend_B","Zap+1","Dualcast","Gash","Leap","Gash","Conserve Battery+1","Defragment+1","Buffer+1","Gash","Cold Snap","All For One","Gash","Leap","BootSequence+1","Apotheosis+1","Self Repair","Reinforced Body","Defragment+1","Buffer"],"relics":["Cracked Core","Bottled Lightning","FossilizedHelix","Nuclear Battery","Regal Pillow","Omamori","Empty Cage","Happy Flower"],"potions_floor_usage":[11,16,16,21,31],"damage_taken":[{"damage":1,"enemies":"Cultist","floor":1,"turns":3},{"damage":2,"enemies":"2 Louse","floor":2,"turns":3},{"damage":0,"enemies":"Jaw Worm","floor":3,"turns":3},{"damage":13,"enemies":"Exordium Thugs","floor":5,"turns":5},{"damage":0,"enemies":"Looter","floor":7,"turns":4},{"damage":21,"enemies":"Lagavulin","floor":11,"turns":8},{"damage":6,"enemies":"3 Louse","floor":13,"turns":3},{"damage":6,"enemies":"Exordium Wildlife","floor":14,"turns":4},{"damage":0,"enemies":"Slime Boss","floor":16,"turns":12},{"damage":0,"enemies":"Spheric Guardian","floor":18,"turns":4},{"damage":11,"enemies":"Shell Parasite","floor":20,"turns":6},{"damage":16,"enemies":"Chosen and Byrds","floor":21,"turns":7},{"damage":3,"enemies":"Snecko","floor":24,"turns":6},{"damage":0,"enemies":"Centurion and Healer","floor":27,"turns":8},{"damage":36,"enemies":"Book of Stabbing","floor":29,"turns":6},{"damage":0,"enemies":"Cultist and Chosen","floor":31,"turns":2},{"damage":48,"enemies":"Automaton","floor":33,"turns":13},{"damage":40,"enemies":"3 Darklings","floor":35,"turns":7},{"damage":0,"enemies":"3 Shapes","floor":38,"turns":5},{"damage":49,"enemies":"Nemesis","floor":40,"turns":11}],"seed_played":"-3517942559777035733","potions_obtained":[{"floor":2,"key":"Swift Potion"},{"floor":7,"key":"Block Potion"},{"floor":8,"key":"EntropicBrew"},{"floor":13,"key":"Strength Potion"},{"floor":21,"key":"Fruit Juice"},{"floor":27,"key":"SteroidPotion"},{"floor":29,"key":"SmokeBomb"},{"floor":33,"key":"Explosive Potion"}],"is_trial":false,"path_per_floor":["M","M","M","$","M","R","M","?","T","R","E","R","M","M","R","B",null,"M","?","M","M","$","R","M","R","T","M","R","E","R","M","R","B",null,"M","?","?","M","$","E"],"character_chosen":"DEFECT","items_purchased":["Conserve Battery","Apotheosis","Self Repair","Happy Flower"],"campfire_rested":3,"item_purchase_floors":[4,22,22,39],"current_hp_per_floor":[63,61,61,61,48,48,48,48,48,48,27,27,21,15,36,36,62,62,62,51,40,40,40,47,69,69,76,76,50,50,57,76,35,66,33,33,33,43,43,0],"gold":38,"neow_bonus":"REMOVE_CARD","is_prod":false,"is_daily":false,"chose_seed":false,"campfire_upgraded":6,"win_rate":0,"timestamp":1557171117,"path_taken":["M","?","M","$","M","R","M","?","T","R","E","R","?","M","R","BOSS","M","?","M","M","?","R","M","R","T","M","R","E","R","M","R","BOSS","M","?","?","M","$","E"],"build_version":"2019-01-23","purchased_purges":1,"victory":false,"max_hp_per_floor":[71,71,71,71,71,71,71,71,71,71,71,71,71,71,71,71,71,71,71,71,76,76,76,76,76,76,76,76,76,76,76,76,76,76,76,76,76,76,76,76],"card_choices":[{"not_picked":["Doom and Gloom","Hologram"],"picked":"Gash","floor":1},{"not_picked":["Steam","Streamline"],"picked":"Leap","floor":2},{"not_picked":["Conserve Battery","Reinforced Body"],"picked":"Gash","floor":3},{"not_picked":["Redo","Hologram"],"picked":"Defragment","floor":5},{"not_picked":["Double Energy","Beam Cell","Turbo"],"picked":"SKIP","floor":7},{"not_picked":["Steam","Force Field"],"picked":"Buffer","floor":11},{"not_picked":["Leap","Compile Driver"],"picked":"Gash","floor":13},{"not_picked":["Chill","Turbo"],"picked":"Cold Snap","floor":14},{"not_picked":["Echo Form","Electrodynamics"],"picked":"All For One","floor":16},{"not_picked":["Rebound+1","Turbo"],"picked":"Gash","floor":18},{"not_picked":["Rebound","Beam Cell"],"picked":"Leap","floor":20},{"not_picked":["Buffer","Aggregate"],"picked":"BootSequence","floor":21},{"not_picked":["Hello World","Fusion"],"picked":"Reinforced Body","floor":24},{"not_picked":["Darkness","Compile Driver","Lockon"],"picked":"SKIP","floor":27},{"not_picked":["Stack","BootSequence"],"picked":"Defragment","floor":29},{"not_picked":["Creative AI","Biased Cognition"],"picked":"Buffer","floor":33},{"not_picked":["Barrage+1","Turbo+1","Ball Lightning"],"picked":"SKIP","floor":35},{"not_picked":["Rip and Tear","Turbo","Compile Driver"],"picked":"SKIP","floor":38}],"player_experience":544374,"relics_obtained":[{"floor":9,"key":"Bottled Lightning"},{"floor":11,"key":"FossilizedHelix"},{"floor":26,"key":"Regal Pillow"},{"floor":29,"key":"Omamori"}],"event_choices":[{"damage_healed":0,"gold_gain":0,"player_choice":"Bought 1 Potion","damage_taken":0,"max_hp_gain":0,"max_hp_loss":0,"event_name":"The Woman in Blue","floor":8,"gold_loss":0},{"damage_healed":0,"gold_gain":0,"player_choice":"Upgraded","damage_taken":0,"max_hp_gain":0,"max_hp_loss":0,"event_name":"Upgrade Shrine","floor":19,"gold_loss":0,"cards_upgraded":["Conserve Battery"]},{"damage_healed":0,"gold_gain":0,"player_choice":"Ignored","damage_taken":0,"max_hp_gain":0,"max_hp_loss":0,"event_name":"Mysterious Sphere","floor":36,"gold_loss":0},{"damage_healed":0,"gold_gain":0,"player_choice":"Ignored","damage_taken":0,"max_hp_gain":0,"max_hp_loss":0,"event_name":"Tomb of Lord Red Mask","floor":37,"gold_loss":0}],"is_beta":false,"boss_relics":[{"not_picked":["Astrolabe","Lizard Tail"],"picked":"Nuclear Battery"},{"not_picked":["Black Star","White Beast Statue"],"picked":"Empty Cage"}],"items_purged_floors":[4],"is_endless":false,"potions_floor_spawned":[2,7,13,16,21,27,29,31,33,35],"killed_by":"Nemesis","ascension_level":19}