{"gold_per_floor":[113,124,274,109,109,109,35,67,117,117,148,148,148,158,158,235,235,235,46,46,46,46,46,46,46,46,46,46,46,46,46,46,46,46,46,46,46,46,46,46,46,46,46,46,46,46,46,46,46,46,46],"floor_reached":51,"playtime":1986,"items_purged":["Doubt","Strike_G"],"score":1416,"play_id":"061e4889-5a32-4d1d-b014-993b2ebc1e67","local_time":"20190602142334","is_ascension_mode":true,"campfire_choices":[{"data":"Neutralize","floor":6,"key":"SMITH"},{"floor":10,"key":"REST"},{"floor":13,"key":"REST"},{"data":"Noxious Fumes","floor":15,"key":"SMITH"},{"data":"Footwork","floor":23,"key":"SMITH"},{"data":"Catalyst","floor":25,"key":"SMITH"},{"floor":27,"key":"REST"},{"data":"Noxious Fumes","floor":32,"key":"SMITH"},{"floor":40,"key":"REST"},{"floor":42,"key":"RECALL"},{"data":"Parasite","floor":44,"key":"PURGE"},{"floor":49,"key":"REST"}],"neow_cost":"NONE","seed_source_timestamp":1436659910696559,"circlet_count":0,"master_deck":["AscendersBane","Strike_G","Strike_G","Defend_G","Defend_G","Defend_G","Defend_G","Defend_G","Survivor","Neutralize+1","Masterful Stab","PiercingWail","Well Laid Plans","Backflip","Noxious Fumes+1","Adrenaline","Dodge and Roll","Corpse Explosion","Caltrops","Die Die Die","Catalyst+1","Footwork+1","Crippling Poison","Noxious Fumes+1","Adrenaline","Crippling Poison","Backflip","Escape Plan+1","Malaise"],"relics":["Ring of the Snake","Regal Pillow","Snake Skull","Bag of Preparation","Blue Candle","Ectoplasm","Potion Belt","Peace Pipe","Cursed Key","Bottled Flame","Pen Nib","The Courier"],"potions_floor_usage":[16,16,29,36,45,45,51],"damage_taken":[{"damage":13,"enemies":"Jaw Worm","floor":1,"turns":6},{"damage":1,"enemies":"Small Slimes","floor":2,"turns":3},{"damage":26,"enemies":"3 Sentries","floor":8,"turns":10},{"damage":43,"enemies":"Gremlin Nob","floor":11,"turns":5},{"damage":0,"enemies":"Cultist","floor":14,"turns":3},{"damage":43,"enemies":"Slime Boss","floor":16,"turns":12},{"damage":0,"enemies":"3 Byrds","floor":18,"turns":4},{"damage":4,"enemies":"Shell Parasite","floor":20,"turns":8},{"damage":12,"enemies":"Centurion and Healer","floor":21,"turns":6},{"damage":12,"enemies":"Snecko","floor":24,"turns":6},{"damage":0,"enemies":"Snake Plant","floor":28,"turns":3},{"damage":5,"enemies":"Slavers","floor":29,"turns":3},{"damage":0,"enemies":"Centurion and Healer","floor":31,"turns":3},{"damage":19,"enemies":"Collector","floor":33,"turns":7},{"damage":0,"enemies":"3 Shapes","floor":35,"turns":2},{"damage":4,"enemies":"3 Darklings","floor":36,"turns":2},{"damage":26,"enemies":"Spire Growth","floor":37,"turns":4},{"damage":24,"enemies":"Jaw Worm Horde","floor":38,"turns":3},{"damage":0,"enemies":"3 Darklings","floor":41,"turns":2},{"damage":19,"enemies":"Reptomancer","floor":45,"turns":5},{"damage":17,"enemies":"Nemesis","floor":47,"turns":7},{"damage":43,"enemies":"Awakened One","floor":50,"turns":19},{"damage":11,"enemies":"Donu and Deca","floor":51,"turns":1}],"seed_played":"3309659491086978254","potions_obtained":[{"floor":2,"key":"SpeedPotion"},{"floor":12,"key":"GhostInAJar"},{"floor":16,"key":"AttackPotion"},{"floor":20,"key":"Poison Potion"},{"floor":31,"key":"Ancient Potion"},{"floor":36,"key":"Explosive Potion"},{"floor":37,"key":"Dexterity Potion"},{"floor":38,"key":"Fire Potion"},{"floor":45,"key":"GhostInAJar"}],"is_trial":false,"path_per_floor":["M","M","?","$","?","R","$","E","T","R","E","?","R","M","R","B",null,"M","$","M","M","?","R","M","R","T","R","M","E","$","M","R","B",null,"M","M","M","M","?","R","M","R","T","R","E","?","E","?","R","B","B"],"character_chosen":"THE_SILENT","items_purchased":["Well Laid Plans","Backflip","Noxious Fumes","Die Die Die"],"campfire_rested":5,"item_purchase_floors":[4,4,7,19],"current_hp_per_floor":[46,45,45,45,45,45,45,19,19,53,10,10,44,44,44,1,50,50,50,46,34,34,34,22,22,22,56,56,51,51,51,51,32,58,58,54,28,4,4,38,38,38,38,38,19,52,35,35,52,9,0],"gold":46,"neow_bonus":"RANDOM_COMMON_RELIC","is_prod":false,"is_daily":false,"chose_seed":false,"campfire_upgraded":5,"win_rate":0,"timestamp":1559510614,"path_taken":["M","M","?","$","?","R","?","E","T","R","E","?","R","?","R","BOSS","M","$","M","M","?","R","M","R","T","R","M","E","$","?","R","BOSS","M","M","M","M","?","R","M","R","T","R","E","?","E","?","R","BOSS","BOSS"],"build_version":"2019-06-01v2","purchased_purges":2,"victory":false,"max_hp_per_floor":[66,66,66,66,66,66,66,66,66,66,66,66,66,66,66,66,66,66,66,66,66,66,66,66,66,66,66,66,66,66,66,66,66,66,66,66,66,66,66,66,66,66,66,63,63,52,52,52,52,52,52],"card_choices":[{"not_picked":["Dodge and Roll","Calculated Gamble"],"picked":"Masterful Stab","floor":1},{"not_picked":["Outmaneuver","Setup"],"picked":"PiercingWail","floor":2},{"not_picked":["Tactician","A Thousand Cuts"],"picked":"Adrenaline","floor":8},{"not_picked":["Outmaneuver","Underhanded Strike","Bouncing Flask"],"picked":"SKIP","floor":11},{"not_picked":["Bane","Outmaneuver"],"picked":"Dodge and Roll","floor":14},{"not_picked":["Grand Finale","Wraith Form v2"],"picked":"Corpse Explosion","floor":16},{"not_picked":["Flying Knee","Cloak And Dagger"],"picked":"Caltrops","floor":18},{"not_picked":["Underhanded Strike+1","Quick Slash"],"picked":"Catalyst","floor":20},{"not_picked":["Endless Agony","Sucker Punch"],"picked":"Footwork","floor":21},{"not_picked":["Dagger Throw","Prepared"],"picked":"Crippling Poison","floor":24},{"not_picked":["Bane","Accuracy+1"],"picked":"Cloak And Dagger","floor":28},{"not_picked":["Slice","Envenom","Distraction"],"picked":"SKIP","floor":29},{"not_picked":["Poisoned Stab","Sucker Punch"],"picked":"Noxious Fumes","floor":31},{"not_picked":["Finisher","Corpse Explosion"],"picked":"Adrenaline","floor":33},{"not_picked":["Flying Knee","Acrobatics"],"picked":"Crippling Poison","floor":35},{"not_picked":["Deadly Poison","Infinite Blades+1"],"picked":"Backflip","floor":36},{"not_picked":["Prepared","Dagger Throw","Flying Knee+1"],"picked":"SKIP","floor":37},{"not_picked":["Underhanded Strike","Dagger Throw","Tactician"],"picked":"SKIP","floor":38},{"not_picked":["Calculated Gamble","Terror"],"picked":"Escape Plan+1","floor":41},{"not_picked":["A Thousand Cuts","All Out Attack+1"],"picked":"Malaise","floor":45},{"not_picked":["Underhanded Strike","Caltrops","Outmaneuver+1"],"picked":"SKIP","floor":47}],"player_experience":1299430,"relics_obtained":[{"floor":8,"key":"Snake Skull"},{"floor":9,"key":"Bag of Preparation"},{"floor":11,"key":"Blue Candle"},{"floor":26,"key":"Potion Belt"},{"floor":29,"key":"Peace Pipe"},{"floor":45,"key":"Bottled Flame"},{"floor":47,"key":"Pen Nib"}],"event_choices":[{"damage_healed":0,"gold_gain":150,"player_choice":"AGREE","damage_taken":0,"max_hp_gain":0,"max_hp_loss":0,"event_name":"Liars Game","floor":3,"gold_loss":0,"cards_obtained":["Doubt"]},{"cards_removed":["Strike_G"],"damage_healed":0,"gold_gain":0,"player_choice":"Forget","damage_taken":0,"max_hp_gain":0,"max_hp_loss":0,"event_name":"Living Wall","floor":5,"gold_loss":0},{"damage_healed":0,"gold_gain":0,"player_choice":"Got Potions","damage_taken":0,"max_hp_gain":0,"max_hp_loss":0,"event_name":"Lab","floor":12,"gold_loss":0},{"cards_removed":["Strike_G"],"damage_healed":0,"gold_gain":0,"player_choice":"Purged","damage_taken":0,"max_hp_gain":0,"max_hp_loss":0,"event_name":"Purifier","floor":22,"gold_loss":0},{"damage_healed":0,"gold_gain":0,"player_choice":"Ignored","damage_taken":0,"max_hp_gain":0,"max_hp_loss":0,"event_name":"Mysterious Sphere","floor":39,"gold_loss":0},{"damage_healed":52,"gold_gain":0,"player_choice":"Heal","damage_taken":0,"max_hp_gain":0,"max_hp_loss":11,"event_name":"The Moai Head","floor":46,"gold_loss":0},{"cards_removed":["Cloak And Dagger"],"damage_healed":0,"gold_gain":0,"player_choice":"Gave Card","damage_taken":0,"relics_obtained":["The Courier"],"max_hp_gain":0,"max_hp_loss":0,"event_name":"WeMeetAgain","floor":48,"gold_loss":0}],"is_beta":true,"boss_relics":[{"not_picked":["Empty Cage","Runic Dome"],"picked":"Ectoplasm"},{"not_picked":["White Beast Statue","HoveringKite"],"picked":"Cursed Key"}],"items_purged_floors":[4,19],"is_endless":false,"potions_floor_spawned":[2,14,16,20,21,24,31,36,37,38,45],"killed_by":"Donu and Deca","ascension_level":20}