{"gold_per_floor":[110,185,185,110,128,128,142,142,142,159,172,204,217,230,230,309,309,320,320,32,34,47,47,47,47,73,93,93],"floor_reached":28,"playtime":1688,"items_purged":["Strike_G"],"score":389,"play_id":"97ac553a-8841-4c2e-89a3-7f9beddd59a2","local_time":"20190308235408","is_ascension_mode":true,"campfire_choices":[{"data":"Neutralize","floor":6,"key":"SMITH"},{"data":"Caltrops","floor":8,"key":"SMITH"},{"floor":15,"key":"REST"},{"floor":23,"key":"REST"},{"data":"Footwork","floor":25,"key":"SMITH"}],"neow_cost":"NONE","seed_source_timestamp":23170442694010864,"circlet_count":0,"master_deck":["AscendersBane","Defend_G","Defend_G","Defend_G","Defend_G","Defend_G","Strike_G","Strike_G","Strike_G","Survivor","Neutralize+1","Glass Knife","Caltrops+1","Dagger Spray","Flying Knee","Terror","Noxious Fumes","Burst","Footwork+1","Noxious Fumes","Leg Sweep","Crippling Poison","Calculated Gamble","Footwork+1","Deflect"],"relics":["Ring of the Snake","Gambling Chip","Lantern","Orrery","Thread and Needle","Anchor"],"potions_floor_usage":[14,21,27,27],"damage_taken":[{"damage":0,"enemies":"Small Slimes","floor":1,"turns":3},{"damage":0,"enemies":"2 Louse","floor":5,"turns":3},{"damage":0,"enemies":"Jaw Worm","floor":7,"turns":3},{"damage":0,"enemies":"Exordium Wildlife","floor":10,"turns":3},{"damage":9,"enemies":"Exordium Thugs","floor":11,"turns":6},{"damage":26,"enemies":"3 Sentries","floor":12,"turns":8},{"damage":0,"enemies":"2 Fungi Beasts","floor":13,"turns":2},{"damage":0,"enemies":"Lots of Slimes","floor":14,"turns":2},{"damage":17,"enemies":"Hexaghost","floor":16,"turns":9},{"damage":18,"enemies":"Shell Parasite","floor":18,"turns":6},{"damage":12,"enemies":"2 Thieves","floor":21,"turns":4},{"damage":11,"enemies":"Centurion and Healer","floor":22,"turns":11},{"damage":12,"enemies":"Shelled Parasite and Fungi","floor":27,"turns":9},{"damage":22,"enemies":"3 Cultists","floor":28,"turns":4}],"seed_played":"-848783215907178316","potions_obtained":[{"floor":7,"key":"Swift Potion"},{"floor":12,"key":"SkillPotion"},{"floor":16,"key":"EntropicBrew"},{"floor":22,"key":"Poison Potion"},{"floor":27,"key":"SpeedPotion"}],"is_trial":false,"path_per_floor":["M","?","?","$","M","R","M","R","T","M","M","E","M","M","R","B",null,"M","?","$","M","M","R","?","R","T","M","M"],"character_chosen":"THE_SILENT","items_purchased":["Thread and Needle"],"campfire_rested":2,"item_purchase_floors":[20],"current_hp_per_floor":[59,48,41,41,41,41,41,41,41,41,32,6,6,6,25,8,52,34,34,34,22,11,30,30,30,30,18,0],"gold":93,"neow_bonus":"ONE_RANDOM_RARE_CARD","is_prod":false,"is_daily":false,"chose_seed":false,"campfire_upgraded":3,"win_rate":0,"timestamp":1552085648,"path_taken":["M","?","?","?","M","R","M","R","T","M","M","E","M","M","R","BOSS","M","?","?","?","M","R","?","R","T","?","M"],"build_version":"2019-01-23","purchased_purges":1,"victory":false,"max_hp_per_floor":[66,66,66,66,66,66,66,66,66,66,66,66,66,66,66,66,66,66,66,66,66,66,66,66,66,66,66,66],"card_choices":[{"not_picked":["Deadly Poison","Catalyst","Blade Dance"],"picked":"SKIP","floor":1},{"not_picked":["Backflip","Sucker Punch"],"picked":"Caltrops","floor":5},{"not_picked":["Bane","Flying Knee"],"picked":"Dagger Spray","floor":7},{"not_picked":["Setup","Underhanded Strike","Outmaneuver"],"picked":"SKIP","floor":10},{"not_picked":["Catalyst","Prepared"],"picked":"Flying Knee","floor":11},{"not_picked":["Riddle With Holes","Distraction"],"picked":"Terror","floor":12},{"not_picked":["Underhanded Strike","Prepared","Terror"],"picked":"SKIP","floor":13},{"not_picked":["Deadly Poison","Poisoned Stab"],"picked":"Noxious Fumes","floor":14},{"not_picked":["Envenom","Night Terror"],"picked":"Burst","floor":16},{"not_picked":["Underhanded Strike","Wraith Form v2"],"picked":"Footwork","floor":17},{"not_picked":["PiercingWail","All Out Attack"],"picked":"Noxious Fumes","floor":17},{"not_picked":["Backflip","Acrobatics"],"picked":"Leg Sweep","floor":17},{"not_picked":["Underhanded Strike","Quick Slash"],"picked":"Crippling Poison","floor":17},{"not_picked":["Blade Dance","Bane"],"picked":"Calculated Gamble","floor":17},{"not_picked":["Choke","Deadly Poison","Masterful Stab"],"picked":"SKIP","floor":18},{"not_picked":["Flying Knee","Flechettes+1","Tools of the Trade"],"picked":"SKIP","floor":21},{"not_picked":["Slice","Quick Slash+1"],"picked":"Deflect","floor":22},{"not_picked":["Setup","Flying Knee","Blade Dance"],"picked":"SKIP","floor":27}],"player_experience":389197,"relics_obtained":[{"floor":9,"key":"Gambling Chip"},{"floor":12,"key":"Lantern"},{"floor":26,"key":"Anchor"}],"event_choices":[{"damage_healed":0,"gold_gain":75,"player_choice":"Gather Gold","damage_taken":11,"max_hp_gain":0,"max_hp_loss":0,"event_name":"World of Goop","floor":2,"gold_loss":0},{"cards_removed":["Strike_G"],"damage_healed":0,"gold_gain":0,"player_choice":"Card Removal","damage_taken":7,"max_hp_gain":0,"max_hp_loss":0,"event_name":"Golden Wing","floor":3,"gold_loss":0},{"damage_healed":0,"gold_gain":0,"player_choice":"Copied","damage_taken":0,"max_hp_gain":0,"max_hp_loss":0,"event_name":"Duplicator","floor":19,"gold_loss":0,"cards_obtained":["Footwork"]},{"damage_healed":0,"gold_gain":0,"player_choice":"Upgraded","damage_taken":0,"max_hp_gain":0,"max_hp_loss":0,"event_name":"Upgrade Shrine","floor":24,"gold_loss":0,"cards_upgraded":["Footwork"]}],"is_beta":false,"boss_relics":[{"not_picked":["Runic Dome","Black Star"],"picked":"Orrery"}],"items_purged_floors":[4],"is_endless":false,"potions_floor_spawned":[7,12,13,16,22,27],"killed_by":"3 Cultists","ascension_level":15}