{"gold_per_floor":[112,112,132,132,132,132,160,184,232,251,251,20,32,32,32,107,107,107,107,27,0,0,0,0,0],"floor_reached":25,"playtime":704,"items_purged":["Strike_R"],"score":426,"play_id":"10ec5b8d-b3df-4b8a-933a-4da29d9ea81e","local_time":"20190501004915","is_ascension_mode":true,"campfire_choices":[{"data":"Bash","floor":6,"key":"SMITH"},{"data":"Thunderclap","floor":11,"key":"SMITH"},{"data":"Berserk","floor":15,"key":"SMITH"},{"floor":23,"key":"REST"}],"neow_cost":"NONE","seed_source_timestamp":1654681117273888,"circlet_count":0,"master_deck":["AscendersBane","Strike_R","Strike_R","Strike_R","Defend_R","Defend_R","Defend_R","Defend_R","Bash+1","Pommel Strike","Headbutt","Spot Weakness","Thunderclap+1","Berserk+1","Clothesline","Juggernaut","Intimidate+1"],"relics":["Burning Blood","NeowsBlessing","Omamori","Dodecahedron","Odd Mushroom","Lantern","Thread and Needle","Ectoplasm","WarpedTongs"],"potions_floor_usage":[8,16,18,24,25],"damage_taken":[{"damage":0,"enemies":"Jaw Worm","floor":1,"turns":1},{"damage":0,"enemies":"Small Slimes","floor":3,"turns":1},{"damage":0,"enemies":"Lagavulin","floor":7,"turns":1},{"damage":24,"enemies":"The Mushroom Lair","floor":8,"turns":4},{"damage":1,"enemies":"2 Louse","floor":10,"turns":2},{"damage":19,"enemies":"Exordium Thugs","floor":13,"turns":3},{"damage":26,"enemies":"Hexaghost","floor":16,"turns":9},{"damage":18,"enemies":"Spheric Guardian","floor":18,"turns":4},{"damage":32,"enemies":"2 Thieves","floor":20,"turns":4},{"damage":12,"enemies":"Cultist and Chosen","floor":24,"turns":6},{"damage":51,"enemies":"Gremlin Leader","floor":25,"turns":5}],"seed_played":"4175875571779460892","potions_obtained":[{"floor":1,"key":"Weak Potion"},{"floor":7,"key":"SkillPotion"},{"floor":13,"key":"FearPotion"},{"floor":16,"key":"Fruit Juice"},{"floor":18,"key":"EssenceOfSteel"},{"floor":24,"key":"Weak Potion"}],"is_trial":false,"path_per_floor":["M","?","M","?","?","R","E","?","T","M","R","$","M","T","R","B",null,"M","?","M","?","?","R","M","E"],"character_chosen":"IRONCLAD","items_purchased":["Berserk"],"campfire_rested":1,"item_purchase_floors":[12],"current_hp_per_floor":[74,74,75,64,69,69,75,57,57,62,62,62,49,49,49,29,67,60,44,18,18,18,43,37,0],"gold":0,"neow_bonus":"THREE_ENEMY_KILL","is_prod":false,"is_daily":false,"chose_seed":false,"campfire_upgraded":3,"win_rate":0,"timestamp":1556664555,"path_taken":["M","?","M","?","?","R","E","?","T","?","R","$","M","?","R","BOSS","M","?","?","?","?","R","M","E"],"build_version":"2019-01-23","purchased_purges":1,"victory":false,"max_hp_per_floor":[75,75,75,75,80,80,80,80,80,80,80,80,80,80,80,80,80,85,85,85,85,85,85,85,85],"card_choices":[{"not_picked":["Corruption","Searing Blow"],"picked":"Pommel Strike","floor":1},{"not_picked":["Anger","Dropkick"],"picked":"Headbutt","floor":3},{"not_picked":["Feel No Pain","Havoc"],"picked":"Spot Weakness","floor":7},{"not_picked":["Combust","Wild Strike"],"picked":"Thunderclap","floor":10},{"not_picked":["Reckless Charge","Intimidate"],"picked":"Clothesline","floor":13},{"not_picked":["Berserk","Bludgeon"],"picked":"Juggernaut","floor":16},{"not_picked":["Inflame","Anger","Twin Strike"],"picked":"SKIP","floor":18},{"not_picked":["Warcry","Thunderclap+1"],"picked":"Intimidate+1","floor":20},{"not_picked":["Fire Breathing","Iron Wave","Wild Strike"],"picked":"SKIP","floor":24}],"player_experience":535711,"relics_obtained":[{"floor":7,"key":"Dodecahedron"},{"floor":8,"key":"Odd Mushroom"},{"floor":9,"key":"Lantern"},{"floor":14,"key":"Thread and Needle"}],"event_choices":[{"cards_removed":["Strike_R"],"damage_healed":0,"gold_gain":0,"player_choice":"Forget","damage_taken":0,"max_hp_gain":0,"max_hp_loss":0,"event_name":"Living Wall","floor":2,"gold_loss":0},{"damage_healed":0,"gold_gain":0,"player_choice":"Success","damage_taken":11,"relics_obtained":["Omamori"],"max_hp_gain":0,"max_hp_loss":0,"event_name":"Scrap Ooze","floor":4,"gold_loss":0},{"damage_healed":0,"gold_gain":0,"player_choice":"Donut","damage_taken":0,"max_hp_gain":5,"max_hp_loss":0,"event_name":"Big Fish","floor":5,"gold_loss":0},{"damage_healed":0,"gold_gain":0,"player_choice":"Fought Mushrooms","damage_taken":0,"max_hp_gain":0,"max_hp_loss":0,"event_name":"Mushrooms","floor":8,"gold_loss":0},{"damage_healed":0,"gold_gain":90,"player_choice":"GOLD ","damage_taken":16,"max_hp_gain":0,"max_hp_loss":0,"event_name":"Knowing Skull","floor":19,"potions_obtained":[],"gold_loss":0,"cards_obtained":[]},{"damage_healed":0,"gold_gain":0,"player_choice":"Paid Fearfully","damage_taken":0,"max_hp_gain":0,"max_hp_loss":0,"event_name":"Masked Bandits","floor":21,"gold_loss":27},{"damage_healed":0,"gold_gain":0,"player_choice":"Rummage","damage_taken":0,"relics_obtained":["WarpedTongs"],"max_hp_gain":0,"max_hp_loss":0,"event_name":"Accursed Blacksmith","floor":22,"gold_loss":0,"cards_obtained":["Pain"]}],"is_beta":false,"boss_relics":[{"not_picked":["Eternal Feather","Astrolabe"],"picked":"Ectoplasm"}],"items_purged_floors":[12],"is_endless":false,"potions_floor_spawned":[1,7,13,16,18,24],"killed_by":"Gremlin Leader","ascension_level":18}