{"gold_per_floor":[118,118,135,147,72,72,97,97,97,109,120,145,165,195,195,296,296,315,315,335,19,19,19,36,36,59,78,78,95,123,136,136,236,236,256,273,292,292,292,292,322,322,322,22,22,37,37,37,37,37,37,37,37,63,63],"floor_reached":55,"playtime":3148,"items_purged":["Strike_R","Strike_R","Strike_R+1"],"score":802,"play_id":"6f1d07a0-bcec-4829-b5f8-092d66de0044","local_time":"20190609234336","is_ascension_mode":false,"campfire_choices":[{"data":"True Grit","floor":6.0,"key":"SMITH"},{"data":"Feed","floor":8.0,"key":"SMITH"},{"floor":15.0,"key":"REST"},{"data":"Armaments","floor":23.0,"key":"SMITH"},{"data":"Metallicize","floor":25.0,"key":"SMITH"},{"data":"Uppercut","floor":28.0,"key":"SMITH"},{"data":"Feel No Pain","floor":32.0,"key":"SMITH"},{"floor":40,"key":"RECALL"},{"data":"Inflame","floor":42,"key":"SMITH"},{"data":"Panache","floor":49,"key":"SMITH"}],"neow_cost":"NONE","seed_source_timestamp":34942247803813,"circlet_count":0,"master_deck":["Strike_R+1","Defend_R+1","Defend_R+1","Defend_R+1","Bash+1","True Grit+1","Sword Boomerang+1","Feed+1","Shrug It Off+1","Fiend Fire+1","Pommel Strike+1","Armaments+1","Uppercut+1","Reaper+1","Flame Barrier+1","Intimidate+1","Metallicize+1","Ghostly Armor+1","Cleave+1","Metallicize+1","Feel No Pain+1","Immolate+1","Inflame+1","Shame","Metallicize+1","Panache+1","Seeing Red+1","Flame Barrier"],"special_seed":0,"relics":["Burning Blood","The Courier","Bronze Scales","Odd Mushroom","Paper Frog","Coffee Dripper","Bird Faced Urn","Anchor","Centennial Puzzle","Cursed Key","Mark of the Bloom","Mango","DollysMirror","Sundial"],"potions_floor_usage":[41,46,50],"damage_taken":[{"damage":0.0,"enemies":"Small Slimes","floor":1.0,"turns":3.0},{"damage":11.0,"enemies":"Jaw Worm","floor":3.0,"turns":7.0},{"damage":6.0,"enemies":"Cultist","floor":4.0,"turns":3.0},{"damage":38.0,"enemies":"Gremlin Nob","floor":7.0,"turns":6.0},{"damage":0.0,"enemies":"Red Slaver","floor":10.0,"turns":4.0},{"damage":15.0,"enemies":"Gremlin Gang","floor":11.0,"turns":5.0},{"damage":14.0,"enemies":"The Mushroom Lair","floor":12.0,"turns":5.0},{"damage":13.0,"enemies":"Exordium Thugs","floor":13.0,"turns":3.0},{"damage":11.0,"enemies":"3 Sentries","floor":14.0,"turns":9.0},{"damage":44.0,"enemies":"Hexaghost","floor":16.0,"turns":11.0},{"damage":27.0,"enemies":"2 Thieves","floor":18.0,"turns":3.0},{"damage":10.0,"enemies":"Shell Parasite","floor":20.0,"turns":4.0},{"damage":27.0,"enemies":"Snake Plant","floor":24.0,"turns":4.0},{"damage":7.0,"enemies":"Snecko","floor":27.0,"turns":3.0},{"damage":13.0,"enemies":"3 Cultists","floor":29.0,"turns":7.0},{"damage":0.0,"enemies":"Book of Stabbing","floor":30.0,"turns":5.0},{"damage":5.0,"enemies":"Centurion and Healer","floor":31.0,"turns":11.0},{"damage":0.0,"enemies":"Champ","floor":33.0,"turns":20.0},{"damage":19,"enemies":"3 Darklings","floor":35,"turns":5},{"damage":0,"enemies":"Orb Walker","floor":36,"turns":4},{"damage":1,"enemies":"Writhing Mass","floor":37,"turns":6},{"damage":21,"enemies":"Nemesis","floor":41,"turns":7},{"damage":6,"enemies":"3 Darklings","floor":46,"turns":4},{"damage":24,"enemies":"Awakened One","floor":50,"turns":15},{"damage":69,"enemies":"Shield and Spear","floor":54,"turns":10},{"damage":5,"enemies":"The Heart","floor":55,"turns":2}],"seed_played":"6522348127536655827","potions_obtained":[{"floor":1.0,"key":"BloodPotion"},{"floor":4.0,"key":"Block Potion"},{"floor":7.0,"key":"Dexterity Potion"},{"floor":11.0,"key":"SpeedPotion"},{"floor":14.0,"key":"FairyPotion"},{"floor":20.0,"key":"Block Potion"},{"floor":24.0,"key":"SteroidPotion"},{"floor":33.0,"key":"SteroidPotion"},{"floor":41,"key":"Poison Potion"},{"floor":54,"key":"SteroidPotion"}],"is_trial":false,"path_per_floor":["M","?","M","M","$","R","E","R","T","M","M","?","M","E","R","B",null,"M","?","M","$","$","R","M","R","T","M","R","M","E","M","R","B",null,"M","M","M","?","?","R","E","R","T","$","?","M","?","$","R","B",null,"R","$","E","B"],"character_chosen":"IRONCLAD","items_purchased":["Bird Faced Urn","DollysMirror","PowerPotion"],"campfire_rested":1,"item_purchase_floors":[21,44,44],"current_hp_per_floor":[88,81,76,76,76,76,44,44,44,54,49,45,48,47,78,44,108,98,98,98,98,98,98,79,79,79,78,78,92,105,124,124,124,124,112,124,124,124,124,124,103,103,103,103,103,97,97,97,97,73,73,73,73,4,0],"gold":63,"neow_bonus":"TEN_PERCENT_HP_BONUS","is_prod":false,"is_daily":false,"chose_seed":false,"campfire_upgraded":8,"win_rate":0,"timestamp":1560120216,"path_taken":["M","?","M","M","$","R","E","R","T","M","M","?","M","E","R","BOSS","M","?","?","?","$","R","M","R","T","?","R","M","E","M","R","BOSS","M","M","M","?","?","R","E","R","T","$","?","M","?","$","R","BOSS","R","$","E","BOSS"],"build_version":"2019-01-23","purchased_purges":3,"victory":false,"max_hp_per_floor":[88,88,88,88,88,88,88,88,88,92,96,100,100,104,104,108,108,112,112,116,116,116,116,116,116,116,116,116,120,120,124,124,124,124,124,124,124,124,124,124,138,138,138,138,138,138,131,131,131,131,131,131,131,131,131],"card_choices":[{"not_picked":["Warcry","Reckless Charge"],"picked":"Shrug It Off","floor":1.0},{"not_picked":["Heavy Blade","Spot Weakness"],"picked":"True Grit","floor":3.0},{"not_picked":["Perfected Strike","Bloodletting"],"picked":"Sword Boomerang","floor":4.0},{"not_picked":["Disarm","Warcry"],"picked":"Feed","floor":7.0},{"not_picked":["Rampage","Havoc"],"picked":"Shrug It Off","floor":10.0},{"not_picked":["Heavy Blade","Wild Strike"],"picked":"Fiend Fire","floor":11.0},{"not_picked":["Sword Boomerang","Clash"],"picked":"Pommel Strike","floor":12.0},{"not_picked":["Twin Strike","Headbutt"],"picked":"Armaments","floor":13.0},{"not_picked":["Infernal Blade","Wild Strike"],"picked":"Uppercut","floor":14.0},{"not_picked":["Double Tap","Dark Embrace"],"picked":"Reaper","floor":16.0},{"not_picked":["Dropkick","Combust"],"picked":"Flame Barrier","floor":18.0},{"not_picked":["Blood for Blood+1","Cleave"],"picked":"Intimidate","floor":20.0},{"not_picked":["Sword Boomerang","Thunderclap"],"picked":"Metallicize","floor":24.0},{"not_picked":["Rupture","Headbutt+1"],"picked":"Ghostly Armor","floor":27.0},{"not_picked":["Pommel Strike","Perfected Strike"],"picked":"Cleave+1","floor":29.0},{"not_picked":["Twin Strike+1","Iron Wave"],"picked":"Metallicize","floor":30.0},{"not_picked":["Body Slam","Shockwave+1"],"picked":"Feel No Pain","floor":31.0},{"not_picked":["Feed","Exhume"],"picked":"Immolate","floor":33.0},{"not_picked":["Uppercut+1","Pommel Strike","Havoc"],"picked":"SKIP","floor":35},{"not_picked":["Dropkick","Reckless Charge+1","Shrug It Off+1"],"picked":"SKIP","floor":36},{"not_picked":["Warcry+1","Heavy Blade+1","Flex"],"picked":"SKIP","floor":37},{"not_picked":["Hemokinesis+1","Wild Strike"],"picked":"Inflame","floor":41},{"not_picked":["Jack Of All Trades","Madness"],"picked":"Panache","floor":45},{"not_picked":["Heavy Blade","True Grit+1"],"picked":"Seeing Red+1","floor":46},{"not_picked":["Shrug It Off+1","True Grit"],"picked":"Flame Barrier","floor":54}],"player_experience":781865,"relics_obtained":[{"floor":7.0,"key":"The Courier"},{"floor":9.0,"key":"Bronze Scales"},{"floor":12.0,"key":"Odd Mushroom"},{"floor":14.0,"key":"Paper Frog"},{"floor":26.0,"key":"Anchor"},{"floor":30.0,"key":"Centennial Puzzle"},{"floor":41,"key":"Mango"},{"floor":54,"key":"Sundial"}],"event_choices":[{"cards_removed":["Defend_R"],"damage_healed":0.0,"max_hp_gain":0.0,"max_hp_loss":0.0,"gold_gain":0.0,"event_name":"Golden Wing","player_choice":"Card Removal","floor":2.0,"gold_loss":0.0,"damage_taken":7.0},{"damage_healed":0.0,"max_hp_gain":0.0,"max_hp_loss":0.0,"gold_gain":0.0,"event_name":"Mushrooms","player_choice":"Fought Mushrooms","floor":12.0,"gold_loss":0.0,"damage_taken":0.0},{"cards_removed":["Strike_R"],"damage_healed":0.0,"max_hp_gain":0.0,"max_hp_loss":0.0,"gold_gain":0.0,"event_name":"Purifier","player_choice":"Purged","floor":19.0,"gold_loss":0.0,"damage_taken":0.0},{"cards_removed":["Shrug It Off"],"damage_healed":0,"gold_gain":0,"player_choice":"Removed Skill","damage_taken":0,"max_hp_gain":0,"max_hp_loss":0,"event_name":"Falling","floor":38,"gold_loss":0},{"damage_healed":0,"gold_gain":0,"player_choice":"Upgrade","damage_taken":0,"relics_obtained":["Mark of the Bloom"],"max_hp_gain":0,"max_hp_loss":0,"event_name":"MindBloom","floor":39,"gold_loss":0,"cards_upgraded":["Strike_R","Strike_R","Defend_R","Defend_R","Defend_R","Bash","Sword Boomerang","Shrug It Off","Fiend Fire","Pommel Strike","Reaper","Flame Barrier","Intimidate","Ghostly Armor","Metallicize","Immolate"]},{"damage_healed":0,"gold_gain":0,"player_choice":"Memory 1","damage_taken":0,"max_hp_gain":0,"max_hp_loss":0,"event_name":"SensoryStone","floor":45,"gold_loss":0},{"damage_healed":0,"gold_gain":0,"player_choice":"Max HP","damage_taken":0,"max_hp_gain":0,"max_hp_loss":7,"event_name":"Winding Halls","floor":47,"gold_loss":0}],"is_beta":false,"boss_relics":[{"not_picked":["Orrery","Snecko Eye"],"picked":"Coffee Dripper"},{"not_picked":["Philosopher\u0027s Stone","Calling Bell"],"picked":"Cursed Key"}],"items_purged_floors":[5,21,44],"is_endless":false,"potions_floor_spawned":[1,4,7,11,14,20,24,33,41,54],"killed_by":"The Heart","ascension_level":0}