{"gold_per_floor":[111,111,111,36,36,65,95,129,154,154,170,170,188,214,214,214],"floor_reached":16,"playtime":368,"items_purged":["Strike_B"],"score":324,"play_id":"6d398ca1-1f82-460e-8ff0-d4a665533169","local_time":"20190501001500","is_ascension_mode":true,"campfire_choices":[{"data":"Zap","floor":10,"key":"SMITH"},{"data":"Machine Learning","floor":12,"key":"SMITH"},{"data":"Cold Snap","floor":15,"key":"SMITH"}],"neow_cost":"NONE","seed_source_timestamp":1652962848773769,"circlet_count":0,"master_deck":["AscendersBane","Strike_B","Strike_B","Strike_B","Defend_B","Defend_B","Defend_B+1","Defend_B","Zap+1","Dualcast","Glacier+1","Machine Learning+1","White Noise","Conserve Battery","Cold Snap+1"],"relics":["Cracked Core","NeowsBlessing","Juzu Bracelet","PreservedInsect","Meat on the Bone","DataDisk","Pantograph"],"potions_floor_usage":[],"damage_taken":[{"damage":0,"enemies":"Small Slimes","floor":1,"turns":1},{"damage":0,"enemies":"3 Sentries","floor":6,"turns":1},{"damage":0,"enemies":"Lagavulin","floor":8,"turns":1},{"damage":0,"enemies":"Cultist","floor":11,"turns":3},{"damage":0,"enemies":"Jaw Worm","floor":13,"turns":4},{"damage":28,"enemies":"Gremlin Nob","floor":14,"turns":3},{"damage":58,"enemies":"Hexaghost","floor":16,"turns":12}],"seed_played":"-659139917238396780","potions_obtained":[{"floor":1,"key":"SkillPotion"},{"floor":8,"key":"EssenceOfSteel"},{"floor":13,"key":"SteroidPotion"}],"is_trial":false,"path_per_floor":["M","?","?","$","?","E","?","E","T","R","M","R","M","E","R","B"],"character_chosen":"DEFECT","items_purchased":[],"campfire_rested":0,"item_purchase_floors":[],"current_hp_per_floor":[64,43,43,43,43,43,43,43,43,43,43,43,43,27,27,0],"gold":214,"neow_bonus":"THREE_ENEMY_KILL","is_prod":false,"is_daily":false,"chose_seed":false,"campfire_upgraded":3,"win_rate":0,"timestamp":1556662500,"path_taken":["M","?","?","$","?","E","?","E","T","R","M","R","M","E","R","BOSS"],"build_version":"2019-01-23","purchased_purges":1,"victory":false,"max_hp_per_floor":[71,71,71,71,71,71,71,71,71,71,71,71,71,71,71,71],"card_choices":[{"not_picked":["Compile Driver","Force Field"],"picked":"Glacier","floor":1},{"not_picked":["Chaos","Turbo","Multi-Cast"],"picked":"SKIP","floor":6},{"not_picked":["Steam","Melter"],"picked":"Machine Learning","floor":8},{"not_picked":["Steam","Scrape"],"picked":"White Noise","floor":11},{"not_picked":["Go for the Eyes","Coolheaded"],"picked":"Conserve Battery","floor":13},{"not_picked":["Coolheaded","Steam Power"],"picked":"Cold Snap","floor":14}],"player_experience":534054,"relics_obtained":[{"floor":6,"key":"PreservedInsect"},{"floor":8,"key":"Meat on the Bone"},{"floor":9,"key":"DataDisk"},{"floor":14,"key":"Pantograph"}],"event_choices":[{"damage_healed":0,"gold_gain":0,"player_choice":"Entered Light","damage_taken":21,"max_hp_gain":0,"max_hp_loss":0,"event_name":"Shining Light","floor":2,"gold_loss":0,"cards_upgraded":["Defend_B","Glacier"]},{"damage_healed":0,"gold_gain":0,"player_choice":"Gave Potion","damage_taken":0,"relics_obtained":["Juzu Bracelet"],"max_hp_gain":0,"max_hp_loss":0,"event_name":"WeMeetAgain","floor":3,"gold_loss":0},{"damage_healed":0,"gold_gain":0,"player_choice":"Ignored","damage_taken":0,"max_hp_gain":0,"max_hp_loss":0,"event_name":"Liars Game","floor":5,"gold_loss":0},{"damage_healed":0,"gold_gain":30,"player_choice":"Searched \u00271\u0027 times","damage_taken":0,"max_hp_gain":0,"max_hp_loss":0,"event_name":"Dead Adventurer","floor":7,"gold_loss":0}],"is_beta":false,"boss_relics":[],"items_purged_floors":[4],"is_endless":false,"potions_floor_spawned":[1,8,13],"killed_by":"Hexaghost","ascension_level":19}