{"gold_per_floor":[116,116,189,57,57,91,91,117,117,136,168,178,178,189,189,261,261,278,678,403,420,70,70,85,85,85,85,85,105,105,139,139,215,215,227,227,238,251,251,286,286,286,310,338,438,438,93,124,124,124,124,124,124,16,43,43],"floor_reached":57,"playtime":2721,"items_purged":["Strike_G","Strike_G"],"score":2919,"play_id":"fecef996-bb88-43ac-a317-cba8984e9787","local_time":"20190613110315","is_ascension_mode":true,"campfire_choices":[{"data":"1","floor":13,"key":"LIFT"},{"data":"2","floor":15,"key":"LIFT"},{"data":"3","floor":23,"key":"LIFT"},{"data":"Skewer","floor":25,"key":"SMITH"},{"data":"Leg Sweep","floor":28,"key":"SMITH"},{"data":"Adrenaline","floor":30,"key":"SMITH"},{"data":"Cloak And Dagger","floor":32,"key":"SMITH"},{"floor":41,"key":"RECALL"},{"data":"Caltrops","floor":46,"key":"SMITH"},{"data":"Backflip","floor":49,"key":"SMITH"},{"data":"Neutralize","floor":53,"key":"SMITH"}],"neow_cost":"NONE","seed_source_timestamp":69510233956424,"circlet_count":0,"master_deck":["AscendersBane","Strike_G","Defend_G","Defend_G","Defend_G","Defend_G","Defend_G","Survivor+1","Neutralize+1","All Out Attack+1","Poisoned Stab","Caltrops+1","Adrenaline+1","Leg Sweep+1","Backflip+1","PiercingWail","After Image+1","Dagger Spray","Footwork+1","Deadly Poison","Skewer+1","Noxious Fumes+1","Blur","Deflect","Cloak And Dagger+1","Wraith Form v2+1","Deadly Poison","Backflip+1","Master of Strategy","Panacea","Tools of the Trade+1","Noxious Fumes+1"],"relics":["Ring of the Snake","NeowsBlessing","Girya","Ninja Scroll","Frozen Egg 2","Strawberry","Runic Pyramid","Old Coin","Singing Bowl","Regal Pillow","Oddly Smooth Stone","Art of War","Black Star","Shuriken","Gambling Chip","PreservedInsect","Du-Vu Doll","Vajra","Bird Faced Urn","Calipers","Paper Crane","Happy Flower","Bag of Marbles","Anchor"],"potions_floor_usage":[11,11,16,31,39,44,56,56,56],"damage_taken":[{"damage":0,"enemies":"Small Slimes","floor":1,"turns":1},{"damage":0,"enemies":"3 Sentries","floor":6,"turns":1},{"damage":0,"enemies":"Lagavulin","floor":8,"turns":1},{"damage":0,"enemies":"2 Louse","floor":10,"turns":2},{"damage":6,"enemies":"Gremlin Nob","floor":11,"turns":3},{"damage":0,"enemies":"Jaw Worm","floor":12,"turns":3},{"damage":0,"enemies":"3 Louse","floor":14,"turns":2},{"damage":14,"enemies":"Hexaghost","floor":16,"turns":12},{"damage":0,"enemies":"3 Byrds","floor":18,"turns":2},{"damage":0,"enemies":"Colosseum Slavers","floor":19,"turns":4},{"damage":4,"enemies":"Colosseum Nobs","floor":19,"turns":5},{"damage":0,"enemies":"Chosen","floor":21,"turns":4},{"damage":3,"enemies":"Snecko","floor":24,"turns":6},{"damage":0,"enemies":"Shelled Parasite and Fungi","floor":29,"turns":7},{"damage":3,"enemies":"Slavers","floor":31,"turns":5},{"damage":0,"enemies":"Automaton","floor":33,"turns":11},{"damage":0,"enemies":"3 Darklings","floor":35,"turns":5},{"damage":0,"enemies":"Orb Walker","floor":37,"turns":4},{"damage":0,"enemies":"Writhing Mass","floor":38,"turns":8},{"damage":2,"enemies":"Nemesis","floor":40,"turns":9},{"damage":24,"enemies":"Reptomancer","floor":44,"turns":7},{"damage":0,"enemies":"Mind Bloom Boss Battle","floor":45,"turns":7},{"damage":1,"enemies":"Nemesis","floor":48,"turns":7},{"damage":6,"enemies":"Time Eater","floor":50,"turns":16},{"damage":22,"enemies":"Donu and Deca","floor":51,"turns":13},{"damage":20,"enemies":"Shield and Spear","floor":55,"turns":9},{"damage":82,"enemies":"The Heart","floor":56,"turns":12}],"seed_played":"4844675092068768137","potions_obtained":[{"floor":1,"key":"Fire Potion"},{"floor":6,"key":"Poison Potion"},{"floor":14,"key":"EssenceOfSteel"},{"floor":24,"key":"AttackPotion"},{"floor":31,"key":"Block Potion"},{"floor":35,"key":"Fire Potion"},{"floor":38,"key":"Fruit Juice"}],"is_trial":false,"path_per_floor":["M","?","?","$","?","E","?","E","T","M","E","M","R","M","R","B",null,"M","?","$","M","$","R","M","R","T","?","R","M","R","E","R","B",null,"M","?","M","M","?","E","R","?","T","E","?","R","$","E","R","B","B",null,"R","$","E","B",null],"character_chosen":"THE_SILENT","items_purchased":["Poisoned Stab","Footwork+1","Deadly Poison","Regal Pillow","Noxious Fumes+1","Oddly Smooth Stone","Calipers","EntropicBrew"],"campfire_rested":0,"item_purchase_floors":[4,20,20,20,22,22,47,54],"current_hp_per_floor":[59,59,59,59,64,64,43,43,43,43,44,44,44,44,44,30,66,66,64,64,64,64,64,61,61,61,61,61,61,61,58,58,58,75,77,77,77,77,74,74,74,74,74,50,50,50,50,65,65,71,63,82,82,82,78,25],"gold":43,"neow_bonus":"THREE_ENEMY_KILL","is_prod":false,"is_daily":false,"chose_seed":false,"campfire_upgraded":7,"win_rate":0,"timestamp":1560448995,"path_taken":["M","?","?","?","?","E","?","E","T","M","E","M","R","M","R","BOSS","M","?","$","M","$","R","M","R","T","?","R","M","R","E","R","BOSS","M","?","M","M","?","E","R","?","T","E","?","R","$","E","R","BOSS","BOSS","R","$","E","BOSS"],"build_version":"2019-06-12","purchased_purges":2,"victory":true,"max_hp_per_floor":[66,66,66,66,71,71,71,71,71,71,78,78,78,78,78,78,78,78,80,80,80,80,80,80,80,80,80,80,80,80,80,80,80,80,82,82,82,82,89,91,91,86,86,86,86,86,86,88,88,88,88,88,88,88,90,90],"card_choices":[{"not_picked":["Quick Slash","Deflect"],"picked":"All Out Attack","floor":1},{"not_picked":["Catalyst","Infinite Blades"],"picked":"Caltrops","floor":6},{"not_picked":["Acrobatics","Cloak And Dagger"],"picked":"Adrenaline","floor":8},{"not_picked":["Sucker Punch","Caltrops+1","Calculated Gamble"],"picked":"SKIP","floor":10},{"not_picked":["Crippling Poison","Cloak And Dagger"],"picked":"Leg Sweep","floor":11},{"not_picked":["Dagger Throw","Slice"],"picked":"Backflip","floor":12},{"not_picked":["Dagger Throw","Tactician"],"picked":"PiercingWail","floor":14},{"not_picked":["Corpse Explosion","Burst"],"picked":"After Image+1","floor":16},{"not_picked":["Cloak And Dagger","Slice"],"picked":"Dagger Spray","floor":18},{"not_picked":["Concentrate+1","Riddle With Holes","Predator+1"],"picked":"Singing Bowl","floor":19},{"not_picked":["Eviscerate","Blade Dance+1"],"picked":"Skewer","floor":21},{"not_picked":["Endless Agony+1","Flying Knee"],"picked":"Blur","floor":24},{"not_picked":["Venomology","Deadly Poison"],"picked":"Deflect","floor":29},{"not_picked":["Dagger Spray","Deflect+1"],"picked":"Cloak And Dagger","floor":31},{"not_picked":["Bullet Time","Tools of the Trade+1"],"picked":"Wraith Form v2+1","floor":33},{"not_picked":["Prepared","Deadly Poison","Poisoned Stab"],"picked":"Singing Bowl","floor":35},{"not_picked":["Tactician","Dagger Spray+1"],"picked":"Deadly Poison","floor":37},{"not_picked":["Calculated Gamble","Endless Agony+1"],"picked":"Backflip+1","floor":38},{"not_picked":["Mind Blast","Enlightenment"],"picked":"Master of Strategy","floor":39},{"not_picked":["Good Instincts","Blind","Jack Of All Trades"],"picked":"Singing Bowl","floor":39},{"not_picked":["PanicButton","The Bomb"],"picked":"Panacea","floor":39},{"not_picked":["Caltrops+1","Slice+1","Well Laid Plans+1"],"picked":"Singing Bowl","floor":40},{"not_picked":["Blade Dance","Sucker Punch"],"picked":"Tools of the Trade+1","floor":44},{"not_picked":["Reflex","Expertise"],"picked":"Noxious Fumes+1","floor":45},{"not_picked":["Deflect","Slice","Prepared"],"picked":"Singing Bowl","floor":48},{"not_picked":["Finisher","A Thousand Cuts+1","Backstab"],"picked":"Singing Bowl","floor":55}],"player_experience":1320371,"relics_obtained":[{"floor":6,"key":"Girya"},{"floor":8,"key":"Ninja Scroll"},{"floor":9,"key":"Frozen Egg 2"},{"floor":11,"key":"Strawberry"},{"floor":19,"key":"Old Coin"},{"floor":19,"key":"Singing Bowl"},{"floor":31,"key":"Art of War"},{"floor":40,"key":"Shuriken"},{"floor":40,"key":"Gambling Chip"},{"floor":43,"key":"PreservedInsect"},{"floor":44,"key":"Du-Vu Doll"},{"floor":44,"key":"Vajra"},{"floor":45,"key":"Bird Faced Urn"},{"floor":48,"key":"Paper Crane"},{"floor":48,"key":"Happy Flower"},{"floor":55,"key":"Bag of Marbles"},{"floor":55,"key":"Anchor"}],"event_choices":[{"cards_removed":["Strike_G"],"damage_healed":0,"gold_gain":0,"player_choice":"Forget","damage_taken":0,"max_hp_gain":0,"max_hp_loss":0,"event_name":"Living Wall","floor":2,"gold_loss":0},{"damage_healed":0,"gold_gain":73,"player_choice":"Gained Gold","damage_taken":0,"max_hp_gain":0,"max_hp_loss":0,"event_name":"Golden Wing","floor":3,"gold_loss":0},{"damage_healed":0,"gold_gain":0,"player_choice":"Donut","damage_taken":0,"max_hp_gain":5,"max_hp_loss":0,"event_name":"Big Fish","floor":5,"gold_loss":0},{"damage_healed":0,"gold_gain":0,"player_choice":"Entered Light","damage_taken":21,"max_hp_gain":0,"max_hp_loss":0,"event_name":"Shining Light","floor":7,"gold_loss":0,"cards_upgraded":["All Out Attack","Survivor"]},{"damage_healed":0,"gold_gain":0,"player_choice":"Fight","damage_taken":0,"max_hp_gain":0,"max_hp_loss":0,"event_name":"Colosseum","floor":19,"gold_loss":0},{"damage_healed":0,"gold_gain":0,"player_choice":"Fought Nobs","damage_taken":0,"max_hp_gain":0,"max_hp_loss":0,"event_name":"Colosseum","floor":19,"gold_loss":0},{"damage_healed":0,"gold_gain":0,"player_choice":"Ignored","damage_taken":0,"max_hp_gain":0,"max_hp_loss":0,"event_name":"Vampires","floor":27,"gold_loss":0},{"cards_removed":["Strike_G"],"damage_healed":0,"gold_gain":0,"player_choice":"Removed Attack","damage_taken":0,"max_hp_gain":0,"max_hp_loss":0,"event_name":"Falling","floor":36,"gold_loss":0},{"damage_healed":0,"gold_gain":0,"player_choice":"Memory 3","damage_taken":10,"max_hp_gain":0,"max_hp_loss":0,"event_name":"SensoryStone","floor":39,"gold_loss":0},{"damage_healed":0,"gold_gain":0,"player_choice":"Max HP","damage_taken":0,"max_hp_gain":0,"max_hp_loss":5,"event_name":"Winding Halls","floor":42,"gold_loss":0},{"damage_healed":0,"gold_gain":0,"player_choice":"Fight","damage_taken":0,"max_hp_gain":0,"max_hp_loss":0,"event_name":"MindBloom","floor":45,"gold_loss":0}],"is_beta":true,"boss_relics":[{"not_picked":["Eternal Feather","Busted Crown"],"picked":"Runic Pyramid"},{"not_picked":["Tiny House","WristBlade"],"picked":"Black Star"}],"items_purged_floors":[4,22],"is_endless":false,"potions_floor_spawned":[1,6,10,14,19,24,31,35,38],"ascension_level":20}