{"gold_per_floor":[117,34,84,103,114,114,146,146,170,170,186,202,127,159,159,236,236,252,152,77,77,77,77,88,98,98,113,133,147,147,147,147,224,224,236,111,111,125,145,145,164,164,164,35,55,55,72,91,91,91],"floor_reached":51,"playtime":2806,"items_purged":["Strike_B","Strike_B","Strike_B"],"score":1215,"play_id":"ff1f52e2-1846-45ba-abf3-62ddf78f6498","local_time":"20190406195958","is_ascension_mode":true,"campfire_choices":[{"data":"Zap","floor":6,"key":"SMITH"},{"data":"White Noise","floor":8,"key":"SMITH"},{"floor":10,"key":"REST"},{"floor":15,"key":"REST"},{"data":"Loop","floor":23,"key":"SMITH"},{"floor":30,"key":"REST"},{"floor":32,"key":"REST"},{"data":"Echo Form","floor":40,"key":"SMITH"},{"data":"Defragment","floor":46,"key":"SMITH"},{"floor":49,"key":"REST"}],"neow_cost":"PERCENT_DAMAGE","seed_source_timestamp":80374969899073,"circlet_count":0,"master_deck":["AscendersBane","Defend_B+1","Defend_B","Defend_B","Defend_B+1","Zap+1","Dualcast","Core Surge","Echo Form+1","Auto Shields","Loop+1","White Noise+1","Conserve Battery+1","Leap","Ball Lightning","Seek","Coolheaded","Reinforced Body+1","Sweeping Beam","Conserve Battery+1","Electrodynamics","Defragment+1","Compile Driver","Chill","Streamline","Cold Snap+1"],"relics":["Cracked Core","War Paint","Orichalcum","Symbiotic Virus","Cursed Key","Lizard Tail"],"potions_floor_usage":[50,50],"damage_taken":[{"damage":7,"enemies":"Small Slimes","floor":1,"turns":3},{"damage":0,"enemies":"Cultist","floor":4,"turns":2},{"damage":4,"enemies":"2 Louse","floor":5,"turns":2},{"damage":28,"enemies":"Gremlin Nob","floor":7,"turns":4},{"damage":6,"enemies":"Looter","floor":11,"turns":3},{"damage":7,"enemies":"Red Slaver","floor":12,"turns":3},{"damage":4,"enemies":"Lagavulin","floor":14,"turns":6},{"damage":11,"enemies":"The Guardian","floor":16,"turns":11},{"damage":0,"enemies":"3 Byrds","floor":18,"turns":4},{"damage":3,"enemies":"Spheric Guardian","floor":24,"turns":3},{"damage":18,"enemies":"Centurion and Healer","floor":25,"turns":6},{"damage":8,"enemies":"Chosen and Byrds","floor":27,"turns":5},{"damage":2,"enemies":"Cultist and Chosen","floor":28,"turns":6},{"damage":13,"enemies":"Sentry and Sphere","floor":29,"turns":4},{"damage":0,"enemies":"Collector","floor":33,"turns":10},{"damage":1,"enemies":"Orb Walker","floor":35,"turns":4},{"damage":14,"enemies":"3 Darklings","floor":38,"turns":5},{"damage":7,"enemies":"Sphere and 2 Shapes","floor":39,"turns":6},{"damage":10,"enemies":"Maw","floor":41,"turns":10},{"damage":4,"enemies":"Spire Growth","floor":45,"turns":8},{"damage":0,"enemies":"4 Shapes","floor":47,"turns":3},{"damage":28,"enemies":"Jaw Worm Horde","floor":48,"turns":3},{"damage":59,"enemies":"Awakened One","floor":50,"turns":33}],"seed_played":"6127252316697900044","potions_obtained":[{"floor":1,"key":"Dexterity Potion"},{"floor":4,"key":"LiquidBronze"},{"floor":7,"key":"Explosive Potion"}],"is_trial":false,"path_per_floor":["M","$","?","M","M","R","E","R","T","R","M","M","$","E","R","B",null,"M","$","?","?","?","R","M","M","T","M","M","M","R","T","R","B",null,"M","$","?","M","M","R","M","?","T","$","M","R","M","M","R","B",null],"character_chosen":"DEFECT","items_purchased":["Echo Form","Compile Driver","Chill"],"campfire_rested":5,"item_purchase_floors":[2,44,44],"current_hp_per_floor":[39,39,39,39,35,35,7,7,7,28,22,15,15,11,32,21,59,59,59,59,59,59,59,56,38,38,30,28,15,36,36,57,57,68,67,67,67,53,46,46,36,36,36,36,32,32,32,4,25,9],"gold":91,"neow_bonus":"THREE_RARE_CARDS","is_prod":false,"is_daily":false,"chose_seed":false,"campfire_upgraded":5,"win_rate":0,"timestamp":1554573598,"path_taken":["M","$","?","M","M","R","E","R","T","R","M","?","$","E","R","BOSS","M","$","?","?","?","R","?","M","T","M","M","M","R","?","R","BOSS","M","$","?","M","M","R","M","?","T","$","M","R","M","M","R","BOSS"],"build_version":"2019-01-23","purchased_purges":3,"victory":true,"max_hp_per_floor":[71,71,71,71,71,71,71,71,71,71,71,71,71,71,71,71,71,71,71,71,71,71,71,71,71,71,71,71,71,71,71,71,71,71,71,71,71,71,71,71,71,71,71,71,71,71,71,71,71,71],"card_choices":[{"not_picked":["All For One","Buffer"],"picked":"Core Surge","floor":0},{"not_picked":["Force Field","Storm"],"picked":"Rip and Tear","floor":1},{"not_picked":["Blizzard","Ball Lightning"],"picked":"Auto Shields","floor":4},{"not_picked":["Redo","Compile Driver"],"picked":"Loop","floor":5},{"not_picked":["Turbo","Barrage"],"picked":"White Noise","floor":7},{"not_picked":["Reboot","Genetic Algorithm"],"picked":"Conserve Battery","floor":11},{"not_picked":["Compile Driver","Conserve Battery"],"picked":"Leap","floor":12},{"not_picked":["Gash","Redo"],"picked":"Ball Lightning","floor":14},{"not_picked":["Thunder Strike","All For One"],"picked":"Seek","floor":16},{"not_picked":["Storm","Melter"],"picked":"Coolheaded","floor":18},{"not_picked":["Reprogram","Gash","Double Energy"],"picked":"SKIP","floor":24},{"not_picked":["Ball Lightning","Fusion"],"picked":"Reinforced Body+1","floor":25},{"not_picked":["Ball Lightning","Genetic Algorithm"],"picked":"Sweeping Beam","floor":27},{"not_picked":["Compile Driver","Stack","Barrage"],"picked":"SKIP","floor":28},{"not_picked":["Cold Snap","Sweeping Beam"],"picked":"Conserve Battery+1","floor":29},{"not_picked":["Amplify","Echo Form"],"picked":"Electrodynamics","floor":33},{"not_picked":["Go for the Eyes+1","Compile Driver"],"picked":"Defragment","floor":35},{"not_picked":["Barrage","Rebound","Turbo"],"picked":"SKIP","floor":38},{"not_picked":["Streamline","Consume+1","Redo"],"picked":"SKIP","floor":39},{"not_picked":["Genetic Algorithm","Consume","Hologram"],"picked":"SKIP","floor":41},{"not_picked":["Leap+1","Beam Cell+1"],"picked":"Streamline","floor":45},{"not_picked":["Redo","Leap","Streamline"],"picked":"SKIP","floor":47},{"not_picked":["Blizzard","Rebound"],"picked":"Cold Snap+1","floor":48}],"player_experience":470268,"relics_obtained":[{"floor":7,"key":"War Paint"},{"floor":9,"key":"Orichalcum"},{"floor":14,"key":"Symbiotic Virus"}],"event_choices":[{"damage_healed":0,"gold_gain":50,"player_choice":"Pray","damage_taken":0,"max_hp_gain":0,"max_hp_loss":0,"event_name":"Golden Shrine","floor":3,"gold_loss":0},{"cards_removed":["Strike_B"],"damage_healed":0,"gold_gain":0,"player_choice":"Gave Gold","damage_taken":0,"max_hp_gain":0,"max_hp_loss":0,"event_name":"Beggar","floor":20,"gold_loss":75},{"damage_healed":0,"gold_gain":0,"player_choice":"Upgraded","damage_taken":0,"max_hp_gain":0,"max_hp_loss":0,"event_name":"Upgrade Shrine","floor":22,"gold_loss":0,"cards_upgraded":["Conserve Battery"]},{"cards_removed":["Rip and Tear"],"damage_healed":0,"gold_gain":0,"player_choice":"Removed Attack","damage_taken":0,"max_hp_gain":0,"max_hp_loss":0,"event_name":"Falling","floor":37,"gold_loss":0},{"damage_healed":0,"gold_gain":0,"player_choice":"Memory 1","damage_taken":0,"max_hp_gain":0,"max_hp_loss":0,"event_name":"SensoryStone","floor":42,"gold_loss":0}],"is_beta":false,"boss_relics":[{"not_picked":["Inserter","Pandora\u0027s Box"],"picked":"Cursed Key"},{"not_picked":["Snecko Eye","Coffee Dripper"],"picked":"Lizard Tail"}],"items_purged_floors":[13,19,36],"is_endless":false,"potions_floor_spawned":[1,4,7,12,24,33,35,41,45],"ascension_level":16}