{"gold_per_floor":[109,119,132,152,169,195,195,195,195,195,195,233,248,269,269,392,392,317,18,36,56,71,71,71,95,121,121,81,81,117,137,137,263,263,282,295,295,318,334,334,353,353,353,369,369,1,1,21,21,21],"floor_reached":50,"playtime":3171,"items_purged":["Strike_R"],"score":478,"play_id":"f07da8d8-9425-49d8-8833-d8fdfafb732e","local_time":"20190608221730","is_ascension_mode":false,"campfire_choices":[{"data":"True Grit","floor":7,"key":"SMITH"},{"data":"Corruption","floor":8,"key":"SMITH"},{"data":"Juggernaut","floor":10,"key":"SMITH"},{"floor":15,"key":"REST"},{"floor":23,"key":"REST"},{"data":"Armaments","floor":24,"key":"SMITH"},{"data":"Iron Wave","floor":27,"key":"SMITH"},{"data":"Feel No Pain","floor":29,"key":"SMITH"},{"floor":32,"key":"REST"},{"data":"Clothesline","floor":40,"key":"SMITH"},{"floor":45,"key":"REST"},{"data":"Immolate","floor":47,"key":"SMITH"},{"floor":49,"key":"REST"}],"neow_cost":"CURSE","seed_source_timestamp":17803836716001,"circlet_count":0,"master_deck":["Strike_R","Strike_R","Defend_R","Defend_R","Defend_R","Bash","Clumsy","Spot Weakness+1","Headbutt","Corruption+1","True Grit+1","Rampage","Juggernaut+1","Injury","Ghostly Armor+1","Whirlwind","Armaments+1","Impervious","Havoc+1","Battle Trance+1","Bloodletting+1","Cleave","Iron Wave+1","Feel No Pain+1","Clothesline+1","Metallicize+1","Headbutt+1","Body Slam+1","Immolate+1","Armaments+1","True Grit+1"],"relics":["Burning Blood","WingedGreaves","Juzu Bracelet","Gremlin Horn","Golden Idol","Vajra","Astrolabe","Du-Vu Doll","PreservedInsect","Letter Opener","Mark of Pain","Mummified Hand","Calipers"],"potions_floor_usage":[5,6,16,16,25,33,33,38,38,38,38,41,44,44,50],"damage_taken":[{"damage":15,"enemies":"Small Slimes","floor":1,"turns":4},{"damage":6,"enemies":"Cultist","floor":2,"turns":4},{"damage":0,"enemies":"2 Louse","floor":3,"turns":3},{"damage":21,"enemies":"2 Fungi Beasts","floor":4,"turns":4},{"damage":16,"enemies":"Large Slime","floor":5,"turns":5},{"damage":27,"enemies":"3 Sentries","floor":6,"turns":8},{"damage":12,"enemies":"Lagavulin","floor":12,"turns":6},{"damage":6,"enemies":"Red Slaver","floor":13,"turns":4},{"damage":0,"enemies":"3 Louse","floor":14,"turns":1},{"damage":38,"enemies":"Hexaghost","floor":16,"turns":11},{"damage":17,"enemies":"2 Thieves","floor":18,"turns":5},{"damage":13,"enemies":"Chosen","floor":20,"turns":5},{"damage":28,"enemies":"Shelled Parasite and Fungi","floor":21,"turns":5},{"damage":26,"enemies":"Chosen and Byrds","floor":22,"turns":6},{"damage":5,"enemies":"Snecko","floor":25,"turns":4},{"damage":24,"enemies":"Book of Stabbing","floor":30,"turns":5},{"damage":10,"enemies":"Centurion and Healer","floor":31,"turns":8},{"damage":31,"enemies":"Champ","floor":33,"turns":9},{"damage":19,"enemies":"3 Darklings","floor":35,"turns":5},{"damage":18,"enemies":"3 Shapes","floor":36,"turns":3},{"damage":9,"enemies":"Sphere and 2 Shapes","floor":38,"turns":3},{"damage":27,"enemies":"Maw","floor":39,"turns":8},{"damage":30,"enemies":"Spire Growth","floor":41,"turns":5},{"damage":3,"enemies":"Jaw Worm Horde","floor":44,"turns":1},{"damage":20,"enemies":"Maw","floor":48,"turns":8},{"damage":51,"enemies":"Donu and Deca","floor":50,"turns":6}],"seed_played":"-5066341309570653414","potions_obtained":[{"floor":3,"key":"Energy Potion"},{"floor":4,"key":"Fire Potion"},{"floor":12,"key":"LiquidBronze"},{"floor":13,"key":"SpeedPotion"},{"floor":16,"key":"FearPotion"},{"floor":20,"key":"EssenceOfSteel"},{"floor":22,"key":"Strength Potion"},{"floor":31,"key":"Fire Potion"},{"floor":33,"key":"GamblersBrew"},{"floor":36,"key":"EntropicBrew"},{"floor":39,"key":"Swift Potion"},{"floor":48,"key":"SteroidPotion"}],"is_trial":false,"path_per_floor":["M","M","M","M","M","E","R","R","T","R","?","E","M","M","R","B",null,"M","$","M","M","M","R","R","M","T","R","?","R","E","M","R","B",null,"M","M","?","M","M","R","M","?","T","M","R","$","R","M","R","B"],"character_chosen":"IRONCLAD","items_purchased":["Du-Vu Doll","Calipers"],"campfire_rested":5,"item_purchase_floors":[19,46],"current_hp_per_floor":[71,71,77,62,52,31,31,31,31,31,31,25,25,31,55,23,80,69,69,62,40,20,44,44,45,45,45,45,45,27,23,47,22,80,67,55,55,52,31,31,7,7,7,10,34,34,34,20,44,0],"gold":21,"neow_bonus":"ONE_RARE_RELIC","is_prod":false,"is_daily":false,"chose_seed":false,"campfire_upgraded":8,"win_rate":0,"timestamp":1560028650,"path_taken":["M","M","M","M","M","E","R","R","T","R","?","E","M","M","R","BOSS","M","$","M","M","M","R","R","M","T","R","?","R","E","M","R","BOSS","M","M","?","M","M","R","M","?","T","M","R","$","R","M","R","BOSS"],"build_version":"2019-01-23","purchased_purges":1,"victory":false,"max_hp_per_floor":[80,80,80,80,80,80,80,80,80,80,80,80,80,80,80,80,80,80,80,80,80,80,80,80,80,80,80,80,80,80,80,80,80,80,80,80,80,80,80,80,80,80,80,80,80,80,80,80,80,80],"card_choices":[{"not_picked":["Warcry","Battle Trance"],"picked":"Spot Weakness","floor":1},{"not_picked":["Flex","Pommel Strike"],"picked":"Headbutt","floor":2},{"not_picked":["Heavy Blade","Headbutt"],"picked":"Corruption","floor":3},{"not_picked":["Fire Breathing","Pommel Strike"],"picked":"True Grit","floor":4},{"not_picked":["Twin Strike","Burning Pact"],"picked":"Rampage","floor":5},{"not_picked":["Spot Weakness","Burning Pact"],"picked":"Juggernaut","floor":6},{"not_picked":["Warcry","Clash"],"picked":"Ghostly Armor","floor":12},{"not_picked":["Thunderclap","Intimidate"],"picked":"Whirlwind","floor":13},{"not_picked":["Battle Trance","Entrench"],"picked":"Armaments","floor":14},{"not_picked":["Immolate","Bludgeon"],"picked":"Impervious","floor":16},{"not_picked":["Entrench","Rupture"],"picked":"Cleave","floor":18},{"not_picked":["Warcry+1","Havoc"],"picked":"Iron Wave","floor":20},{"not_picked":["Shrug It Off","Spot Weakness"],"picked":"Feel No Pain","floor":21},{"not_picked":["Dropkick","Burning Pact"],"picked":"Clothesline","floor":22},{"not_picked":["Spot Weakness+1","Sentinel"],"picked":"Metallicize+1","floor":25},{"not_picked":["Perfected Strike","Havoc"],"picked":"Headbutt+1","floor":30},{"not_picked":["Spot Weakness","Havoc+1"],"picked":"Body Slam+1","floor":31},{"not_picked":["Offering","Berserk"],"picked":"Immolate","floor":33},{"not_picked":["Burning Pact+1","Pommel Strike","Infernal Blade+1"],"picked":"SKIP","floor":35},{"not_picked":["Twin Strike","Rampage+1"],"picked":"Armaments+1","floor":36},{"not_picked":["Heavy Blade+1","Clash+1","Warcry+1"],"picked":"SKIP","floor":38},{"not_picked":["Second Wind+1","Thunderclap","Sever Soul+1"],"picked":"SKIP","floor":39},{"not_picked":["Heavy Blade","Dual Wield","Fire Breathing+1"],"picked":"SKIP","floor":41},{"not_picked":["Sword Boomerang","Battle Trance+1"],"picked":"True Grit+1","floor":44},{"not_picked":["Wild Strike+1","Havoc","Cleave"],"picked":"SKIP","floor":48}],"player_experience":775776,"relics_obtained":[{"floor":6,"key":"Juzu Bracelet"},{"floor":9,"key":"Gremlin Horn"},{"floor":12,"key":"Vajra"},{"floor":26,"key":"PreservedInsect"},{"floor":30,"key":"Letter Opener"},{"floor":43,"key":"Mummified Hand"}],"event_choices":[{"damage_healed":0,"gold_gain":0,"player_choice":"Take Wound","damage_taken":0,"relics_obtained":["Golden Idol"],"max_hp_gain":0,"max_hp_loss":0,"event_name":"Golden Idol","floor":11,"gold_loss":0,"cards_obtained":["Injury"]},{"damage_healed":0,"gold_gain":0,"player_choice":"Upgraded Two","damage_taken":0,"max_hp_gain":0,"max_hp_loss":0,"event_name":"Designer","floor":28,"gold_loss":40,"cards_upgraded":["Ghostly Armor","Spot Weakness"]},{"damage_healed":0,"gold_gain":0,"player_choice":"Ignored","damage_taken":0,"max_hp_gain":0,"max_hp_loss":0,"event_name":"SecretPortal","floor":37,"gold_loss":0},{"damage_healed":0,"gold_gain":0,"player_choice":"Memory 1","damage_taken":0,"max_hp_gain":0,"max_hp_loss":0,"event_name":"SensoryStone","floor":42,"gold_loss":0}],"is_beta":false,"boss_relics":[{"not_picked":["Pandora\u0027s Box","Runic Cube"],"picked":"Astrolabe"},{"not_picked":["Black Blood","Orrery"],"picked":"Mark of Pain"}],"items_purged_floors":[46],"is_endless":false,"potions_floor_spawned":[3,4,12,13,16,20,22,31,33,36,39,48],"killed_by":"Donu and Deca","ascension_level":0}