{"gold_per_floor":[114,8,8,8,23,23,57,57,57,57,57,83,8,22,22,93,93,93,93,0,0,0,0,0,0,0,0,0,0,0,0,0,0],"floor_reached":33,"playtime":1250,"items_purged":["Strike_R"],"score":581,"play_id":"ca2dc84f-ab80-4b3e-861a-4142becda6ed","local_time":"20190526161303","is_ascension_mode":true,"campfire_choices":[{"data":"True Grit","floor":6,"key":"SMITH"},{"data":"Armaments","floor":8,"key":"SMITH"},{"data":"Bash","floor":11,"key":"SMITH"},{"data":"Blood for Blood","floor":15,"key":"SMITH"},{"data":"Shrug It Off","floor":23,"key":"SMITH"},{"data":"Pommel Strike","floor":27,"key":"SMITH"},{"floor":32,"key":"REST"}],"neow_cost":"NONE","seed_source_timestamp":678069009908942,"circlet_count":0,"master_deck":["AscendersBane","Strike_R","Strike_R","Strike_R","Defend_R","Defend_R","Defend_R","Defend_R","Bash+1","Pommel Strike+1","Shrug It Off+1","True Grit+1","Pommel Strike","Armaments+1","Blood for Blood+1","Twin Strike","Whirlwind+1","Shrug It Off"],"relics":["Burning Blood","NeowsBlessing","FossilizedHelix","Singing Bowl","Oddly Smooth Stone","Ectoplasm","Ornamental Fan","Bronze Scales","Turnip","Gambling Chip"],"potions_floor_usage":[16],"damage_taken":[{"damage":0,"enemies":"Jaw Worm","floor":1,"turns":1},{"damage":0,"enemies":"Small Slimes","floor":5,"turns":1},{"damage":0,"enemies":"3 Sentries","floor":7,"turns":2},{"damage":20,"enemies":"Lagavulin","floor":12,"turns":7},{"damage":0,"enemies":"Cultist","floor":14,"turns":3},{"damage":12,"enemies":"Slime Boss","floor":16,"turns":7},{"damage":10,"enemies":"Shell Parasite","floor":18,"turns":8},{"damage":11,"enemies":"2 Thieves","floor":21,"turns":5},{"damage":8,"enemies":"Cultist and Chosen","floor":22,"turns":7},{"damage":4,"enemies":"Centurion and Healer","floor":24,"turns":8},{"damage":40,"enemies":"Book of Stabbing","floor":28,"turns":5},{"damage":2,"enemies":"Snecko","floor":30,"turns":5},{"damage":6,"enemies":"Shelled Parasite and Fungi","floor":31,"turns":6},{"damage":76,"enemies":"Automaton","floor":33,"turns":8}],"seed_played":"-4987832577448466882","potions_obtained":[{"floor":5,"key":"Swift Potion"},{"floor":12,"key":"PowerPotion"},{"floor":21,"key":"SpeedPotion"},{"floor":22,"key":"AttackPotion"}],"is_trial":false,"path_per_floor":["M","$","?","$","M","R","E","R","T","?","R","E","$","M","R","B",null,"M","T","?","M","M","R","M","?","T","R","E","$","M","M","R","B"],"character_chosen":"IRONCLAD","items_purchased":["Shrug It Off","True Grit"],"campfire_rested":1,"item_purchase_floors":[2,2],"current_hp_per_floor":[74,74,67,67,73,73,75,75,75,75,75,61,61,67,67,63,74,72,72,72,67,67,67,71,71,71,71,39,39,43,45,71,0],"gold":0,"neow_bonus":"THREE_ENEMY_KILL","is_prod":false,"is_daily":false,"chose_seed":false,"campfire_upgraded":6,"win_rate":0,"timestamp":1558879983,"path_taken":["M","$","?","$","M","R","E","R","T","?","R","E","$","M","R","BOSS","M","?","?","M","M","R","M","?","T","R","E","$","?","M","R","BOSS"],"build_version":"2019-01-23","purchased_purges":1,"victory":false,"max_hp_per_floor":[75,75,75,75,75,75,75,75,75,75,75,75,75,75,75,77,77,79,79,79,79,81,81,83,83,83,83,85,85,85,87,87,87],"card_choices":[{"not_picked":["Wild Strike","Flex"],"picked":"Pommel Strike","floor":1},{"not_picked":["Clash","Anger"],"picked":"Pommel Strike","floor":5},{"not_picked":["Immolate","Entrench"],"picked":"Armaments","floor":7},{"not_picked":["True Grit","Inflame"],"picked":"Blood for Blood","floor":12},{"not_picked":["Metallicize","Blood for Blood"],"picked":"Twin Strike","floor":14},{"not_picked":["Bludgeon","Double Tap","Berserk"],"picked":"Singing Bowl","floor":16},{"not_picked":["Reckless Charge","Heavy Blade","Seeing Red"],"picked":"Singing Bowl","floor":18},{"not_picked":["Seeing Red+1","Sword Boomerang"],"picked":"Whirlwind+1","floor":21},{"not_picked":["Whirlwind","True Grit","Pummel"],"picked":"Singing Bowl","floor":22},{"not_picked":["Armaments","Intimidate","Flex"],"picked":"Singing Bowl","floor":24},{"not_picked":["Second Wind","Sentinel","Clash"],"picked":"Singing Bowl","floor":28},{"not_picked":["Disarm","Heavy Blade"],"picked":"Shrug It Off","floor":30},{"not_picked":["Anger","Wild Strike","Dark Embrace"],"picked":"Singing Bowl","floor":31}],"player_experience":582310,"relics_obtained":[{"floor":7,"key":"FossilizedHelix"},{"floor":9,"key":"Singing Bowl"},{"floor":12,"key":"Oddly Smooth Stone"},{"floor":19,"key":"Ornamental Fan"},{"floor":26,"key":"Turnip"},{"floor":28,"key":"Gambling Chip"}],"event_choices":[{"cards_removed":["Strike_R"],"damage_healed":0,"gold_gain":0,"player_choice":"Card Removal","damage_taken":7,"max_hp_gain":0,"max_hp_loss":0,"event_name":"Golden Wing","floor":3,"gold_loss":0},{"damage_healed":0,"gold_gain":0,"player_choice":"0 cards matched","damage_taken":0,"max_hp_gain":0,"max_hp_loss":0,"event_name":"Match and Keep!","floor":10,"gold_loss":0,"cards_obtained":[]},{"damage_healed":0,"gold_gain":0,"player_choice":"Paid Fearfully","damage_taken":0,"max_hp_gain":0,"max_hp_loss":0,"event_name":"Masked Bandits","floor":20,"gold_loss":93},{"damage_healed":0,"gold_gain":0,"player_choice":"Gave Potion","damage_taken":0,"relics_obtained":["Bronze Scales"],"max_hp_gain":0,"max_hp_loss":0,"event_name":"WeMeetAgain","floor":25,"gold_loss":0}],"is_beta":false,"boss_relics":[{"not_picked":["Lizard Tail","Philosopher\u0027s Stone"],"picked":"Ectoplasm"}],"items_purged_floors":[13],"is_endless":false,"potions_floor_spawned":[5,12,21,22,24],"killed_by":"Automaton","ascension_level":19}