{"gold_per_floor":[13,13,24,34,34,34,34,34,61,61,61,61],"floor_reached":12,"playtime":298,"items_purged":[],"score":106,"play_id":"98169599-42ab-4d4e-b15d-d403dd1741ce","local_time":"20190310012944","is_ascension_mode":true,"campfire_choices":[{"data":"Conserve Battery","floor":6,"key":"SMITH"},{"data":"Dualcast","floor":8,"key":"SMITH"}],"neow_cost":"NO_GOLD","seed_source_timestamp":23263974489082472,"circlet_count":0,"master_deck":["AscendersBane","Strike_B+1","Defend_B","Defend_B","Defend_B","Defend_B","Zap+1","Dualcast+1","Conserve Battery+1","Conserve Battery"],"relics":["Cracked Core","Prayer Wheel","Art of War"],"potions_floor_usage":[],"damage_taken":[{"damage":0,"enemies":"2 Louse","floor":1,"turns":3},{"damage":0,"enemies":"Jaw Worm","floor":3,"turns":3},{"damage":3,"enemies":"Small Slimes","floor":4,"turns":2},{"damage":55,"enemies":"Gremlin Nob","floor":12,"turns":4}],"seed_played":"623205832832606085","potions_obtained":[{"floor":3,"key":"Ancient Potion"}],"is_trial":false,"path_per_floor":["M","?","M","M","?","R","?","R","T","?","$","E"],"character_chosen":"DEFECT","items_purchased":[],"campfire_rested":0,"item_purchase_floors":[],"current_hp_per_floor":[68,53,53,50,55,55,52,52,52,52,52,0],"gold":61,"neow_bonus":"REMOVE_TWO","is_prod":false,"is_daily":false,"chose_seed":false,"campfire_upgraded":2,"win_rate":0,"timestamp":1552177784,"path_taken":["M","?","M","M","?","R","?","R","T","?","$","E"],"build_version":"2019-01-23","purchased_purges":0,"victory":false,"max_hp_per_floor":[75,75,75,75,80,80,80,80,80,80,80,80],"card_choices":[{"not_picked":["Redo","Stack","Steam Power"],"picked":"SKIP","floor":1},{"not_picked":["Consume","Rebound","Reprogram"],"picked":"SKIP","floor":3},{"not_picked":["Reprogram","Steam"],"picked":"Conserve Battery","floor":4}],"player_experience":397692,"relics_obtained":[{"floor":9,"key":"Art of War"}],"event_choices":[{"damage_healed":0,"gold_gain":0,"player_choice":"Entered Light","damage_taken":15,"max_hp_gain":0,"max_hp_loss":0,"event_name":"Shining Light","floor":2,"gold_loss":0,"cards_upgraded":["Zap","Strike_B"]},{"damage_healed":0,"gold_gain":0,"player_choice":"Donut","damage_taken":0,"max_hp_gain":5,"max_hp_loss":0,"event_name":"Big Fish","floor":5,"gold_loss":0},{"damage_healed":0,"gold_gain":0,"player_choice":"Success","damage_taken":3,"relics_obtained":["Prayer Wheel"],"max_hp_gain":0,"max_hp_loss":0,"event_name":"Scrap Ooze","floor":7,"gold_loss":0},{"damage_healed":0,"gold_gain":0,"cards_transformed":["Strike_B"],"player_choice":"Transformed","damage_taken":0,"max_hp_gain":0,"max_hp_loss":0,"event_name":"Transmorgrifier","floor":10,"gold_loss":0,"cards_obtained":["Conserve Battery"]}],"is_beta":false,"boss_relics":[],"items_purged_floors":[],"is_endless":false,"potions_floor_spawned":[3],"killed_by":"Gremlin Nob","ascension_level":12}