{"gold_per_floor":[113,38,51,70,86,86,115,115,138,167,187,187,217,97,97,97],"floor_reached":16,"playtime":534,"items_purged":["Strike_B"],"score":198,"play_id":"bbdf8997-e72c-418e-95cd-887c1b8d3a1c","local_time":"20190323205220","is_ascension_mode":true,"campfire_choices":[{"data":"Defragment","floor":6,"key":"SMITH"},{"data":"Zap","floor":8,"key":"SMITH"},{"data":"Conserve Battery","floor":12,"key":"SMITH"},{"floor":15,"key":"REST"}],"neow_cost":"NONE","seed_source_timestamp":24456791652946176,"circlet_count":0,"master_deck":["AscendersBane","Strike_B","Strike_B","Defend_B","Defend_B","Defend_B","Defend_B","Zap+1","Dualcast","Defragment+1","Genetic Algorithm","Rebound","Chill","Conserve Battery+1","Sweeping Beam","Ball Lightning","FTL"],"relics":["Cracked Core","Bag of Marbles","Juzu Bracelet","Potion Belt","Tiny Chest"],"potions_floor_usage":[],"damage_taken":[{"damage":2,"enemies":"Jaw Worm","floor":1,"turns":4},{"damage":4,"enemies":"Small Slimes","floor":3,"turns":3},{"damage":0,"enemies":"Cultist","floor":4,"turns":3},{"damage":8,"enemies":"Blue Slaver","floor":5,"turns":5},{"damage":15,"enemies":"3 Sentries","floor":7,"turns":10},{"damage":26,"enemies":"Lagavulin","floor":10,"turns":6},{"damage":0,"enemies":"2 Fungi Beasts","floor":11,"turns":3},{"damage":41,"enemies":"Hexaghost","floor":16,"turns":9}],"seed_played":"-5275182039688001232","potions_obtained":[{"floor":4,"key":"Dexterity Potion"},{"floor":5,"key":"FearPotion"},{"floor":11,"key":"Fire Potion"}],"is_trial":false,"path_per_floor":["M","?","M","M","M","R","E","R","T","E","M","R","?","$","R","B"],"character_chosen":"DEFECT","items_purchased":["FTL"],"campfire_rested":1,"item_purchase_floors":[14],"current_hp_per_floor":[69,69,65,65,57,57,42,42,42,16,16,16,16,16,39,0],"gold":97,"neow_bonus":"TEN_PERCENT_HP_BONUS","is_prod":false,"is_daily":false,"chose_seed":false,"campfire_upgraded":3,"win_rate":0,"timestamp":1553370740,"path_taken":["M","?","M","M","M","R","E","R","T","E","M","R","?","$","R","BOSS"],"build_version":"2019-01-23","purchased_purges":1,"victory":false,"max_hp_per_floor":[78,78,78,78,78,78,78,78,78,78,78,78,78,78,78,78],"card_choices":[{"not_picked":["Rebound","Conserve Battery"],"picked":"Defragment","floor":1},{"not_picked":["Rebound","Conserve Battery"],"picked":"Genetic Algorithm","floor":3},{"not_picked":["Barrage","Hologram"],"picked":"Rebound","floor":4},{"not_picked":["Storm","Hyperbeam"],"picked":"Chill","floor":5},{"not_picked":["Reprogram","Gash"],"picked":"Conserve Battery","floor":7},{"not_picked":["Reinforced Body","Force Field"],"picked":"Sweeping Beam","floor":10},{"not_picked":["Beam Cell","All For One"],"picked":"Ball Lightning","floor":11}],"player_experience":454583,"relics_obtained":[{"floor":7,"key":"Bag of Marbles"},{"floor":9,"key":"Juzu Bracelet"},{"floor":10,"key":"Potion Belt"}],"event_choices":[{"cards_removed":["Strike_B"],"damage_healed":0,"gold_gain":0,"player_choice":"Card Removal","damage_taken":0,"max_hp_gain":0,"max_hp_loss":0,"event_name":"The Cleric","floor":2,"gold_loss":75},{"damage_healed":0,"gold_gain":0,"player_choice":"Gave Potion","damage_taken":0,"relics_obtained":["Tiny Chest"],"max_hp_gain":0,"max_hp_loss":0,"event_name":"WeMeetAgain","floor":13,"gold_loss":0}],"is_beta":false,"boss_relics":[],"items_purged_floors":[14],"is_endless":false,"potions_floor_spawned":[4,5,11],"killed_by":"Hexaghost","ascension_level":16}