{"gold_per_floor":[114,125,140,101,118,151,151,178,248,248,248,268,303,357,357,435,435,451,451,376,23,37,37,37,54,54,73,87,87,12,65,65,139,139,159,159,159],"floor_reached":37,"playtime":2363,"items_purged":["Strike_B"],"score":774,"play_id":"857f78e9-093f-42ec-b15c-d92aead9714b","local_time":"20190611170659","is_ascension_mode":true,"campfire_choices":[{"data":"Beam Cell","floor":7.0,"key":"SMITH"},{"floor":10.0,"key":"REST"},{"floor":15.0,"key":"REST"},{"data":"Dualcast","floor":24.0,"key":"SMITH"},{"floor":29.0,"key":"REST"},{"floor":32.0,"key":"REST"}],"neow_cost":"NONE","seed_source_timestamp":0,"circlet_count":0,"master_deck":["AscendersBane","Strike_B","Strike_B","Defend_B","Defend_B","Defend_B","Defend_B","Zap","Dualcast+1","Conserve Battery","Beam Cell+1","Rip and Tear","BootSequence","Heatsinks+1","Biased Cognition+1","Doom and Gloom","Cold Snap","Creative AI+1","Leap+1","Defragment+1","Steam","Capacitor+1","Machine Learning+1","Conserve Battery+1"],"special_seed":0,"relics":["Cracked Core","Ancient Tea Set","Frozen Egg 2","Mango","Bottled Tornado","Omamori","Calling Bell","Bag of Marbles","Pantograph","Girya","Mummified Hand","Gambling Chip","PreservedInsect","Inserter"],"potions_floor_usage":[],"damage_taken":[{"damage":7.0,"enemies":"Jaw Worm","floor":1.0,"turns":4.0},{"damage":2.0,"enemies":"2 Louse","floor":2.0,"turns":2.0},{"damage":9.0,"enemies":"Small Slimes","floor":3.0,"turns":4.0},{"damage":4.0,"enemies":"Blue Slaver","floor":5.0,"turns":3.0},{"damage":8.0,"enemies":"Gremlin Nob","floor":6.0,"turns":3.0},{"damage":21.0,"enemies":"3 Sentries","floor":8.0,"turns":8.0},{"damage":3.0,"enemies":"Large Slime","floor":12.0,"turns":3.0},{"damage":36.0,"enemies":"Gremlin Nob","floor":13.0,"turns":4.0},{"damage":30.0,"enemies":"The Guardian","floor":16.0,"turns":10.0},{"damage":48.0,"enemies":"3 Byrds","floor":18.0,"turns":6.0},{"damage":13.0,"enemies":"2 Thieves","floor":22.0,"turns":4.0},{"damage":9.0,"enemies":"Centurion and Healer","floor":25.0,"turns":4.0},{"damage":26.0,"enemies":"Shelled Parasite and Fungi","floor":27.0,"turns":4.0},{"damage":10.0,"enemies":"Snake Plant","floor":28.0,"turns":3.0},{"damage":27.0,"enemies":"Champ","floor":33.0,"turns":12.0},{"damage":0.0,"enemies":"3 Shapes","floor":35.0,"turns":5.0},{"damage":139,"enemies":"Awakened One","floor":37,"turns":6}],"seed_played":"539659335748653730","potions_obtained":[{"floor":3.0,"key":"Swift Potion"},{"floor":6.0,"key":"FairyPotion"},{"floor":13.0,"key":"AttackPotion"},{"floor":16.0,"key":"Swift Potion"},{"floor":27.0,"key":"FairyPotion"}],"is_trial":false,"path_per_floor":["M","M","M","?","M","E","R","E","T","R","?","M","E","?","R","B",null,"M","?","?","$","M","?","R","M","T","M","M","R","$","T","R","B",null,"M","?","B"],"character_chosen":"DEFECT","items_purchased":["Mummified Hand","Defragment+1"],"campfire_rested":4,"item_purchase_floors":[21,21],"current_hp_per_floor":[57,55,46,46,42,34,34,27,27,52,52,49,13,13,38,8,66,18,18,18,18,5,85,85,76,76,50,40,65,65,65,85,58,78,78,78,0],"gold":159,"neow_bonus":"RANDOM_COMMON_RELIC","is_prod":false,"is_daily":false,"chose_seed":false,"campfire_upgraded":2,"win_rate":0,"timestamp":1560287219,"path_taken":["M","M","M","?","M","E","R","E","T","R","?","M","E","?","R","BOSS","M","?","?","?","M","?","R","?","T","M","M","R","$","?","R","BOSS","M","?","BOSS"],"build_version":"2019-01-23","purchased_purges":1,"victory":false,"max_hp_per_floor":[71,71,71,71,71,71,71,85,85,85,85,85,85,85,85,85,85,85,85,85,85,85,85,85,85,85,85,85,85,85,85,85,85,85,85,85,85],"card_choices":[{"not_picked":["Force Field","Hologram"],"picked":"Conserve Battery","floor":1.0},{"not_picked":["Heatsinks","Steam"],"picked":"Beam Cell","floor":2.0},{"not_picked":["Streamline","Tempest"],"picked":"Rip and Tear","floor":3.0},{"not_picked":["White Noise","Coolheaded"],"picked":"Rip and Tear","floor":5.0},{"not_picked":["Redo","Skim"],"picked":"BootSequence","floor":6.0},{"not_picked":["Compile Driver","Scrape"],"picked":"Heatsinks+1","floor":8.0},{"not_picked":["Beam Cell","Go for the Eyes"],"picked":"Doom and Gloom","floor":12.0},{"not_picked":["Heatsinks+1","Chaos"],"picked":"Cold Snap","floor":13.0},{"not_picked":["Rainbow","Electrodynamics+1"],"picked":"Creative AI+1","floor":16.0},{"not_picked":["Darkness+1","Cold Snap+1"],"picked":"Leap+1","floor":18.0},{"not_picked":["Stack","Heatsinks+1","Redo"],"picked":"SKIP","floor":22.0},{"not_picked":["Compile Driver+1","Rebound"],"picked":"Steam","floor":25.0},{"not_picked":["Beam Cell","Go for the Eyes"],"picked":"Capacitor+1","floor":27.0},{"not_picked":["Streamline","Rip and Tear+1","Recycle"],"picked":"SKIP","floor":28.0},{"not_picked":["Amplify","Rainbow"],"picked":"Machine Learning+1","floor":33.0},{"not_picked":["Chaos","Genetic Algorithm"],"picked":"Conserve Battery+1","floor":35.0}],"player_experience":778036,"relics_obtained":[{"floor":6.0,"key":"Frozen Egg 2"},{"floor":8.0,"key":"Mango"},{"floor":9.0,"key":"Bottled Tornado"},{"floor":13.0,"key":"Omamori"},{"floor":17.0,"key":"Bag of Marbles"},{"floor":17.0,"key":"Pantograph"},{"floor":17.0,"key":"Girya"},{"floor":26.0,"key":"Gambling Chip"},{"floor":31.0,"key":"PreservedInsect"}],"event_choices":[{"damage_healed":0.0,"max_hp_gain":0.0,"max_hp_loss":0.0,"gold_gain":0.0,"event_name":"World of Goop","player_choice":"Left Gold","floor":4.0,"gold_loss":39.0,"damage_taken":0.0},{"damage_healed":0.0,"max_hp_gain":0.0,"max_hp_loss":0.0,"gold_gain":0.0,"cards_transformed":["Strike_B"],"event_name":"Living Wall","player_choice":"Change","floor":11.0,"gold_loss":0.0,"damage_taken":0.0,"cards_obtained":["Biased Cognition"]},{"damage_healed":0.0,"max_hp_gain":0.0,"max_hp_loss":0.0,"gold_gain":54.0,"event_name":"Golden Wing","player_choice":"Gained Gold","floor":14.0,"gold_loss":0.0,"damage_taken":0.0},{"damage_healed":0.0,"max_hp_gain":0.0,"max_hp_loss":0.0,"gold_gain":0.0,"event_name":"Ghosts","player_choice":"Ignored","floor":19.0,"gold_loss":0.0,"damage_taken":0.0},{"cards_removed":["Regret"],"damage_healed":0.0,"max_hp_gain":0.0,"max_hp_loss":0.0,"gold_gain":0.0,"event_name":"Beggar","player_choice":"Gave Gold","floor":20.0,"gold_loss":75.0,"damage_taken":0.0},{"cards_removed":["Rip and Tear"],"damage_healed":80.0,"max_hp_gain":0.0,"max_hp_loss":0.0,"gold_gain":0.0,"event_name":"Bonfire Elementals","player_choice":"Offered Uncommon","floor":23.0,"gold_loss":0.0,"damage_taken":0.0},{"damage_healed":0.0,"max_hp_gain":0.0,"max_hp_loss":0.0,"gold_gain":0.0,"event_name":"SecretPortal","player_choice":"Took Portal","floor":36.0,"gold_loss":0.0,"damage_taken":0.0}],"is_beta":false,"boss_relics":[{"not_picked":["Philosopher\u0027s Stone","Ectoplasm"],"picked":"Calling Bell"},{"not_picked":["Velvet Choker","White Beast Statue"],"picked":"Inserter"}],"items_purged_floors":[30],"is_endless":false,"potions_floor_spawned":[3,6,13,16,27,28],"killed_by":"Awakened One","ascension_level":20}