{"path_per_floor":["M","?","M","?","M","M","?","M","T","$","?","R","?","M","R","B",null,"M","?","M","$","M","R","E","R","T","E","R","M","?","?","R","B",null,"M","M","?","M","?","R","?","R","T","$","M","M","M","M","R"],"character_chosen":"IRONCLAD","items_purchased":["Metallicize","Apotheosis","Bag of Preparation","Bottled Tornado"],"gold_per_floor":[109,109,123,123,141,155,175,189,189,74,74,74,74,86,86,187,487,507,507,521,68,88,88,118,118,145,170,170,183,183,183,183,283,283,301,317,364,384,384,384,384,384,410,28,38,54,70,90,90],"floor_reached":50,"campfire_rested":4,"playtime":4083,"current_hp_per_floor":[75,68,74,67,73,69,69,59,59,59,59,59,73,79,79,45,82,75,65,65,62,58,58,35,53,53,51,51,53,37,61,72,72,72,73,75,68,54,54,75,75,75,75,75,74,75,75,67,75],"items_purged":["Strike_R","Parasite","Decay"],"gold":90,"score":587,"play_id":"b7ff3605-1a40-4ae3-bf0e-d7c3ee7317e0","is_prod":false,"is_daily":false,"is_ascension_mode":true,"campfire_upgraded":5,"path_taken":["M","?","M","?","M","M","?","M","T","$","?","R","?","M","R","BOSS","M","?","?","$","M","R","E","R","T","E","R","M","?","?","R","BOSS","M","M","?","M","?","R","?","R","T","$","M","M","M","M","R","BOSS"],"build_version":"2018-02-15-PROD1","purchased_purges":3,"victory":false,"master_deck":["Defend_R","Defend_R","Defend_R","Bash","Inflame","Body Slam+1","Cleave","Battle Trance","Heavy Blade","Flame Barrier+1","Metallicize+1","Limit Break+1","Shrug It Off","Bite","Bite","Bite","Bite","Bite","Apotheosis+1","Headbutt+1","Seeing Red","Offering"],"max_hp_per_floor":[80,80,80,80,80,80,80,80,80,80,80,80,94,94,94,94,94,94,65,65,62,62,62,62,62,62,72,72,72,72,72,72,72,72,75,75,75,75,75,75,75,75,75,75,75,75,75,75,75],"relics":["Burning Blood","Ancient Tea Set","Omamori","Odd Mushroom","Ginger","Mango","Calling Bell","Old Coin","Lantern","Dodecahedron","Bag of Preparation","Molten Egg 2","Bag of Marbles","Pear","Nilry\u0027s Codex","Cursed Key","Charon\u0027s Ashes","Dream Catcher","Bottled Tornado"],"card_choices":[{"not_picked":["True Grit","Combust"],"picked":"Inflame"},{"not_picked":["Heavy Blade","Headbutt"],"picked":"Body Slam"},{"not_picked":["Disarm","Body Slam"],"picked":"Cleave"},{"not_picked":["Sever Soul","Feel No Pain"],"picked":"Battle Trance"},{"not_picked":["Bloodletting","Combust"],"picked":"Heavy Blade"},{"not_picked":["Rampage","Warcry"],"picked":"Flame Barrier"},{"not_picked":["Exhume","Feed"],"picked":"Limit Break"},{"not_picked":["Reckless Charge","Inflame"],"picked":"Shrug It Off"},{"not_picked":["Anger","Exhume"],"picked":"Headbutt"},{"not_picked":["Flex","Rupture"],"picked":"Seeing Red"},{"not_picked":["Fiend Fire","Barricade"],"picked":"Offering"}],"player_experience":95191,"potions_floor_usage":[7,16,16,18,24,33,36,37,37,46,48],"damage_taken":[{"damage":11,"enemies":"Jaw Worm","floor":1,"turns":4},{"damage":0,"enemies":"2 Louse","floor":3,"turns":2},{"damage":0,"enemies":"Small Slimes","floor":5,"turns":3},{"damage":10,"enemies":"2 Fungi Beasts","floor":6,"turns":3},{"damage":6,"enemies":"The Mushroom Lair","floor":7,"turns":3},{"damage":16,"enemies":"Exordium Wildlife","floor":8,"turns":5},{"damage":0,"enemies":"Looter","floor":14,"turns":3},{"damage":55,"enemies":"Hexaghost","floor":16,"turns":9},{"damage":13,"enemies":"3 Byrds","floor":18,"turns":4},{"damage":0,"enemies":"Spheric Guardian","floor":20,"turns":3},{"damage":16,"enemies":"Centurion and Healer","floor":22,"turns":7},{"damage":32,"enemies":"Book of Stabbing","floor":24,"turns":6},{"damage":30,"enemies":"Gremlin Leader","floor":27,"turns":5},{"damage":16,"enemies":"Snake Plant","floor":29,"turns":4},{"damage":1,"enemies":"Automaton","floor":33,"turns":6},{"damage":14,"enemies":"3 Shapes","floor":35,"turns":5},{"damage":0,"enemies":"Orb Walker","floor":36,"turns":3},{"damage":25,"enemies":"Mysterious Sphere","floor":37,"turns":8},{"damage":34,"enemies":"3 Darklings","floor":38,"turns":5},{"damage":13,"enemies":"Sphere and 2 Shapes","floor":45,"turns":3},{"damage":4,"enemies":"4 Shapes","floor":46,"turns":5},{"damage":4,"enemies":"3 Darklings","floor":47,"turns":3},{"damage":21,"enemies":"Maw","floor":48,"turns":5},{"damage":88,"enemies":"Donu and Deca","floor":50,"turns":5}],"event_choices":[{"event_name":"Scrap Ooze","player_choice":"success","floor":2,"damage_taken":7},{"event_name":"Golden Wing","player_choice":"Card Removal","floor":4,"damage_taken":0},{"event_name":"Mushrooms","player_choice":"Fought Mushrooms","floor":7,"damage_taken":0},{"event_name":"The Lab","player_choice":"Got Potions","floor":11,"damage_taken":0},{"event_name":"Wheel of Change","player_choice":"Relic","floor":13,"damage_taken":0},{"event_name":"Vampires","player_choice":"Became a vampire","floor":19,"damage_taken":0},{"event_name":"Cursed Tome","player_choice":"Obtained Book","floor":30,"damage_taken":0},{"event_name":"The Library","player_choice":"Heal","floor":31,"damage_taken":0},{"event_name":"Mysterious Sphere","player_choice":"Fight","floor":37,"damage_taken":0},{"event_name":"Tomb of Lord Red Mask","player_choice":"Ignored","floor":41,"damage_taken":0}],"boss_relics":[{"not_picked":["Runic Cube","Black Star"],"picked":"Calling Bell"},{"not_picked":["Runic Dome","Lizard Tail"],"picked":"Cursed Key"}],"potions_floor_spawned":[5,6,16,20,24,29,35,45,47],"seed_played":"-4119418187130367474","killed_by":"Donu and Deca","ascension_level":5,"is_trial":false}