{"gold_per_floor":[116,131,131,144,163,194,194,213,213,58,58,92,92,92,92,188,188,202,202,226,226,97,97],"floor_reached":23,"playtime":825,"items_purged":["Strike_G"],"score":398,"play_id":"fb2930da-83b5-4361-b710-f3a5a78391cd","local_time":"20190506002432","is_ascension_mode":true,"campfire_choices":[{"data":"Skewer","floor":7.0,"key":"SMITH"},{"floor":13.0,"key":"REST"},{"data":"Dagger Spray","floor":15.0,"key":"SMITH"}],"neow_cost":"NONE","seed_source_timestamp":404010688639125,"circlet_count":0,"master_deck":["AscendersBane","Defend_G","Defend_G","Defend_G","Defend_G","Defend_G","Strike_G","Strike_G","Strike_G","Survivor","Neutralize","Dagger Throw","Well Laid Plans","Skewer+1","Backflip","Backstab","Predator","Dagger Spray+1","Deadly Poison","Ghostly","Ghostly","Ghostly","Footwork","Footwork","Backflip"],"special_seed":0,"relics":["Velvet Choker","Bag of Preparation","Bottled Lightning","Golden Idol","StoneCalendar","Black Star"],"potions_floor_usage":[23],"damage_taken":[{"damage":0.0,"enemies":"Cultist","floor":1.0,"turns":5.0},{"damage":0.0,"enemies":"Jaw Worm","floor":2.0,"turns":3.0},{"damage":2.0,"enemies":"2 Louse","floor":4.0,"turns":3.0},{"damage":1.0,"enemies":"Large Slime","floor":5.0,"turns":6.0},{"damage":32.0,"enemies":"Gremlin Nob","floor":6.0,"turns":5.0},{"damage":0.0,"enemies":"Exordium Thugs","floor":8.0,"turns":4.0},{"damage":21.0,"enemies":"Lagavulin","floor":12.0,"turns":6.0},{"damage":9.0,"enemies":"Slime Boss","floor":16.0,"turns":7.0},{"damage":1.0,"enemies":"Chosen","floor":18.0,"turns":3.0},{"damage":2.0,"enemies":"2 Thieves","floor":20.0,"turns":5.0},{"damage":25,"enemies":"Gremlin Leader","floor":23,"turns":6}],"seed_played":"1504959957116037092","potions_obtained":[{"floor":4.0,"key":"LiquidBronze"},{"floor":5.0,"key":"Ancient Potion"},{"floor":6.0,"key":"FearPotion"},{"floor":12.0,"key":"PowerPotion"},{"floor":16.0,"key":"Fire Potion"},{"floor":18.0,"key":"Dexterity Potion"}],"is_trial":false,"path_per_floor":["M","M","?","M","M","E","R","M","T","$","?","E","R","?","R","B",null,"M","?","M","?","$","E"],"character_chosen":"THE_SILENT","items_purchased":["Predator","Footwork","Backflip"],"campfire_rested":1,"item_purchase_floors":[10,22,22],"current_hp_per_floor":[59,59,64,62,61,29,29,29,29,29,29,8,27,27,27,18,53,52,32,30,24,24,0],"gold":97,"neow_bonus":"BOSS_RELIC","is_prod":false,"is_daily":false,"chose_seed":false,"campfire_upgraded":2,"win_rate":0,"timestamp":1557127472,"path_taken":["M","?","?","M","M","E","R","M","T","$","?","E","R","?","R","BOSS","M","?","M","?","$","E"],"build_version":"2019-04-23","purchased_purges":1,"victory":false,"max_hp_per_floor":[66,66,71,71,71,71,71,71,71,71,64,64,64,64,64,64,64,64,32,32,32,32,32],"card_choices":[{"not_picked":["Flying Knee","Endless Agony"],"picked":"Dagger Throw","floor":1.0},{"not_picked":["Slice","All Out Attack"],"picked":"Well Laid Plans","floor":2.0},{"not_picked":["Slice","Expertise","Reflex"],"picked":"SKIP","floor":4.0},{"not_picked":["Quick Slash","Heel Hook"],"picked":"Skewer","floor":5.0},{"not_picked":["Distraction","Flechettes"],"picked":"Backflip","floor":6.0},{"not_picked":["Slice","Blur"],"picked":"Backstab","floor":8.0},{"not_picked":["Bane","Poisoned Stab","Outmaneuver"],"picked":"SKIP","floor":12.0},{"not_picked":["Endless Agony","Dodge and Roll"],"picked":"Deadly Poison","floor":18.0},{"not_picked":["All Out Attack","PiercingWail"],"picked":"Footwork","floor":20.0}],"player_experience":1224392,"relics_obtained":[{"floor":6.0,"key":"Bag of Preparation"},{"floor":9.0,"key":"Bottled Lightning"},{"floor":12.0,"key":"StoneCalendar"}],"event_choices":[{"damage_healed":0.0,"max_hp_gain":5.0,"max_hp_loss":0.0,"gold_gain":0.0,"event_name":"Big Fish","player_choice":"Donut","floor":3.0,"gold_loss":0.0,"damage_taken":0.0},{"damage_healed":0.0,"max_hp_gain":0.0,"max_hp_loss":7.0,"gold_gain":0.0,"event_name":"Golden Idol","player_choice":"Lose Max HP","floor":11.0,"gold_loss":0.0,"damage_taken":0.0,"relics_obtained":["Golden Idol"]},{"damage_healed":0.0,"max_hp_gain":0.0,"max_hp_loss":0.0,"gold_gain":0.0,"cards_transformed":["Strike_G"],"event_name":"Transmorgrifier","player_choice":"Transformed","floor":14.0,"gold_loss":0.0,"damage_taken":0.0,"cards_obtained":["Dagger Spray"]},{"damage_healed":0.0,"max_hp_gain":0.0,"max_hp_loss":32.0,"gold_gain":0.0,"event_name":"Ghosts","player_choice":"Became a Ghost","floor":19.0,"gold_loss":0.0,"damage_taken":0.0,"cards_obtained":["Ghostly","Ghostly","Ghostly"]},{"damage_healed":0.0,"max_hp_gain":0.0,"max_hp_loss":0.0,"gold_gain":0.0,"event_name":"Knowing Skull","player_choice":"","floor":21.0,"potions_obtained":[],"gold_loss":0.0,"damage_taken":6.0,"cards_obtained":[]}],"is_beta":true,"boss_relics":[{"not_picked":["WristBlade","Snecko Eye"],"picked":"Black Star"}],"items_purged_floors":[10],"is_endless":false,"potions_floor_spawned":[4,5,6,12,16,18],"killed_by":"Gremlin Leader","ascension_level":20}