{"gold_per_floor":[117,42,57,57,76,110,110,125,125,125,25,25,45,45,45,45],"floor_reached":16,"playtime":513,"items_purged":["Strike_R","Strike_R"],"score":180,"play_id":"57709dd8-b5c7-435e-ae71-1183a4d88316","local_time":"20190407154623","is_ascension_mode":true,"campfire_choices":[{"data":"Bash","floor":7,"key":"SMITH"},{"data":"Sever Soul","floor":10,"key":"SMITH"},{"data":"Shrug It Off","floor":12,"key":"SMITH"},{"floor":15,"key":"REST"}],"neow_cost":"PERCENT_DAMAGE","seed_source_timestamp":12045331919405,"circlet_count":0,"master_deck":["AscendersBane","Strike_R","Strike_R","Defend_R","Defend_R","Defend_R","Defend_R","Bash+1","Feed","Shrug It Off+1","Headbutt","Sever Soul+1","Shrug It Off"],"relics":["Burning Blood","Boot","Dodecahedron"],"potions_floor_usage":[6],"damage_taken":[{"damage":0,"enemies":"2 Louse","floor":1,"turns":3},{"damage":5,"enemies":"Jaw Worm","floor":3,"turns":6},{"damage":0,"enemies":"Small Slimes","floor":5,"turns":4},{"damage":51,"enemies":"3 Sentries","floor":6,"turns":12},{"damage":6,"enemies":"Red Slaver","floor":8,"turns":3},{"damage":7,"enemies":"Looter","floor":13,"turns":4},{"damage":76,"enemies":"The Guardian","floor":16,"turns":8}],"seed_played":"3624138238528804425","potions_obtained":[{"floor":3,"key":"SkillPotion"},{"floor":5,"key":"FearPotion"}],"is_trial":false,"path_per_floor":["M","$","M","?","M","E","R","M","T","R","$","R","M","?","R","B"],"character_chosen":"IRONCLAD","items_purchased":[],"campfire_rested":1,"item_purchase_floors":[],"current_hp_per_floor":[59,59,63,56,65,23,23,23,23,23,23,23,25,25,52,0],"gold":45,"neow_bonus":"THREE_RARE_CARDS","is_prod":false,"is_daily":false,"chose_seed":false,"campfire_upgraded":3,"win_rate":0,"timestamp":1554644783,"path_taken":["M","$","M","?","M","E","R","M","T","R","$","R","M","?","R","BOSS"],"build_version":"2019-01-23","purchased_purges":2,"victory":false,"max_hp_per_floor":[78,78,81,81,84,87,87,87,87,87,87,87,90,90,90,90],"card_choices":[{"not_picked":["Brutality","Limit Break"],"picked":"Feed","floor":0},{"not_picked":["Headbutt","Thunderclap"],"picked":"Shrug It Off","floor":1},{"not_picked":["Iron Wave","Combust"],"picked":"Headbutt","floor":3},{"not_picked":["Power Through","Clash"],"picked":"Sever Soul","floor":5},{"not_picked":["Cleave","Warcry"],"picked":"Shrug It Off","floor":6},{"not_picked":["Fire Breathing","Power Through","Clothesline"],"picked":"SKIP","floor":8},{"not_picked":["Perfected Strike","Heavy Blade","Infernal Blade"],"picked":"SKIP","floor":13}],"player_experience":475972,"relics_obtained":[{"floor":6,"key":"Boot"},{"floor":9,"key":"Dodecahedron"}],"event_choices":[{"cards_removed":["Strike_R"],"damage_healed":0,"gold_gain":0,"player_choice":"Card Removal","damage_taken":7,"max_hp_gain":0,"max_hp_loss":0,"event_name":"Golden Wing","floor":4,"gold_loss":0},{"damage_healed":0,"gold_gain":0,"player_choice":"Ignored","damage_taken":0,"max_hp_gain":0,"max_hp_loss":0,"event_name":"Shining Light","floor":14,"gold_loss":0}],"is_beta":false,"boss_relics":[],"items_purged_floors":[2,11],"is_endless":false,"potions_floor_spawned":[3,5],"killed_by":"The Guardian","ascension_level":16}