{"gold_per_floor":[114,38,38,113,127,127,188,188,212,212,137,149,99,129,129,204,204,222,241,241,156,176,211,211,211,211,224,224,224],"floor_reached":29,"playtime":985,"items_purged":["Strike_G"],"score":498,"play_id":"cf78bc0d-cd19-4d21-8b16-41ecdb505188","local_time":"20190529115853","is_ascension_mode":true,"campfire_choices":[{"data":"Neutralize","floor":6.0,"key":"SMITH"},{"floor":8.0,"key":"REST"},{"data":"Noxious Fumes","floor":10.0,"key":"SMITH"},{"floor":15.0,"key":"REST"},{"data":"Ghostly","floor":24.0,"key":"SMITH"},{"data":"Ghostly","floor":28,"key":"SMITH"}],"neow_cost":"NONE","seed_source_timestamp":1083183040859619,"circlet_count":0,"master_deck":["AscendersBane","Strike_G+1","Strike_G+1","Strike_G","Defend_G","Defend_G","Defend_G","Defend_G","Defend_G","Survivor","Neutralize+1","Escape Plan","Noxious Fumes+1","Deadly Poison","Crippling Poison","All Out Attack","Backstab","After Image","Backflip","Cloak And Dagger+1","Ghostly+1","Ghostly","Ghostly+1","Masterful Stab","Dodge and Roll","Backflip"],"special_seed":0,"relics":["Eternal Feather","Tiny Chest","Smiling Mask","Shuriken","Runic Pyramid","Girya","Frozen Egg 2","Dodecahedron","Whetstone"],"potions_floor_usage":[],"damage_taken":[{"damage":0.0,"enemies":"2 Louse","floor":1.0,"turns":5.0},{"damage":7.0,"enemies":"Jaw Worm","floor":5.0,"turns":5.0},{"damage":52.0,"enemies":"Gremlin Nob","floor":7.0,"turns":5.0},{"damage":8.0,"enemies":"Cultist","floor":12.0,"turns":5.0},{"damage":26.0,"enemies":"3 Sentries","floor":14.0,"turns":6.0},{"damage":24.0,"enemies":"The Guardian","floor":16.0,"turns":11.0},{"damage":12.0,"enemies":"Spheric Guardian","floor":18.0,"turns":5.0},{"damage":8.0,"enemies":"Chosen","floor":19.0,"turns":7.0},{"damage":0.0,"enemies":"Shelled Parasite and Fungi","floor":22.0,"turns":8.0},{"damage":1.0,"enemies":"Gremlin Leader","floor":23.0,"turns":7.0},{"damage":5,"enemies":"Snake Plant","floor":27,"turns":6},{"damage":39,"enemies":"Book of Stabbing","floor":29,"turns":7}],"seed_played":"-5712442305992981029","potions_obtained":[{"floor":1.0,"key":"Strength Potion"},{"floor":12.0,"key":"SpeedPotion"},{"floor":14.0,"key":"Dexterity Potion"},{"floor":22.0,"key":"Explosive Potion"}],"is_trial":false,"path_per_floor":["M","$","?","?","M","R","E","R","T","R","?","M","$","E","R","B",null,"M","M","?","?","M","E","R","T","T","M","R","E"],"character_chosen":"THE_SILENT","items_purchased":["Noxious Fumes"],"campfire_rested":2,"item_purchase_floors":[2],"current_hp_per_floor":[59,59,64,53,46,55,3,33,33,42,42,34,34,8,38,14,57,45,37,35,35,35,34,35,35,35,30,35,0],"gold":224,"neow_bonus":"BOSS_RELIC","is_prod":false,"is_daily":false,"chose_seed":false,"campfire_upgraded":4,"win_rate":0,"timestamp":1559156333,"path_taken":["M","$","?","?","M","R","E","R","T","R","?","?","?","E","R","BOSS","M","M","?","?","M","E","R","?","T","M","R","E"],"build_version":"2019-05-28","purchased_purges":1,"victory":false,"max_hp_per_floor":[66,66,71,71,71,71,71,71,71,71,71,71,71,71,71,71,71,71,71,35,35,35,35,35,35,35,35,35,35],"card_choices":[{"not_picked":["Expertise","Blur"],"picked":"Escape Plan","floor":1.0},{"not_picked":["Accuracy","Blade Dance"],"picked":"Deadly Poison","floor":5.0},{"not_picked":["All Out Attack","Masterful Stab"],"picked":"Crippling Poison","floor":7.0},{"not_picked":["Blade Dance","Finisher"],"picked":"All Out Attack","floor":12.0},{"not_picked":["Choke","Concentrate"],"picked":"Backstab","floor":14.0},{"not_picked":["Wraith Form v2","Die Die Die"],"picked":"After Image","floor":16.0},{"not_picked":["Dagger Throw","Well Laid Plans"],"picked":"Backflip","floor":18.0},{"not_picked":["Dagger Spray","Outmaneuver"],"picked":"Cloak And Dagger+1","floor":19.0},{"not_picked":["Quick Slash","Expertise"],"picked":"Masterful Stab","floor":22.0},{"not_picked":["Outmaneuver","Sucker Punch"],"picked":"Dodge and Roll","floor":23.0},{"not_picked":["Blade Dance","Venomology"],"picked":"Backflip","floor":27}],"player_experience":1281429,"relics_obtained":[{"floor":7.0,"key":"Tiny Chest"},{"floor":9.0,"key":"Smiling Mask"},{"floor":14.0,"key":"Shuriken"},{"floor":23.0,"key":"Frozen Egg 2"},{"floor":25.0,"key":"Dodecahedron"},{"floor":26.0,"key":"Whetstone"}],"event_choices":[{"damage_healed":0.0,"max_hp_gain":5.0,"max_hp_loss":0.0,"gold_gain":0.0,"event_name":"Big Fish","player_choice":"Donut","floor":3.0,"gold_loss":0.0,"damage_taken":0.0},{"damage_healed":0.0,"max_hp_gain":0.0,"max_hp_loss":0.0,"gold_gain":75.0,"event_name":"World of Goop","player_choice":"Gather Gold","floor":4.0,"gold_loss":0.0,"damage_taken":11.0},{"cards_removed":["Strike_G"],"damage_healed":0.0,"max_hp_gain":0.0,"max_hp_loss":0.0,"gold_gain":0.0,"event_name":"The Cleric","player_choice":"Card Removal","floor":11.0,"gold_loss":75.0,"damage_taken":0.0},{"damage_healed":0.0,"max_hp_gain":0.0,"max_hp_loss":36.0,"gold_gain":0.0,"event_name":"Ghosts","player_choice":"Became a Ghost","floor":20.0,"gold_loss":0.0,"damage_taken":0.0,"cards_obtained":["Ghostly","Ghostly","Ghostly"]},{"damage_healed":0.0,"max_hp_gain":0.0,"max_hp_loss":0.0,"gold_gain":0.0,"event_name":"Addict","player_choice":"Obtained Relic","floor":21.0,"gold_loss":85.0,"damage_taken":0.0,"relics_obtained":["Girya"]}],"is_beta":true,"boss_relics":[{"not_picked":["Snecko Eye","Cursed Key"],"picked":"Runic Pyramid"}],"items_purged_floors":[13],"is_endless":false,"potions_floor_spawned":[1,12,14,22,23],"killed_by":"Book of Stabbing","ascension_level":20}