{"path_per_floor":["M","M","M","T","M","E","R","M","T","M","E","$","R","E","R","B",null,"M","M","M","?","M","R","$","R","T","M","R","M","?","$","R","B",null,"M","$","?","M","M","R","M","?","T","M","M","R","M","M","R","B"],"character_chosen":"IRONCLAD","items_purchased":["Anchor","Whetstone","Clash","Infernal Blade"],"gold_per_floor":[219,236,256,256,272,305,305,317,317,330,363,60,60,89,89,185,185,160,173,191,191,207,207,110,110,159,171,171,189,189,17,17,115,115,125,0,49,69,86,86,105,105,105,118,132,132,150,170,170,170],"floor_reached":51,"campfire_rested":8,"playtime":6683,"current_hp_per_floor":[73,74,75,75,65,37,61,60,60,50,36,36,60,52,76,53,80,70,59,59,44,28,53,53,78,78,61,61,62,85,85,85,31,85,67,67,19,28,23,58,23,23,30,37,55,92,47,38,77,26],"items_purged":["Strike_R","Strike_R","Strike_R"],"gold":170,"play_id":"7cea3946-6f13-462d-a157-4fecac261357","is_prod":false,"is_daily":false,"is_ascension_mode":false,"campfire_upgraded":2,"path_taken":["M","?","M","?","M","E","R","M","T","M","E","$","R","E","R","BOSS","M","?","M","?","M","R","$","R","T","?","R","M","?","$","R","BOSS","M","?","?","M","M","R","M","?","T","M","?","R","M","M","R","BOSS"],"build_version":"2018-02-01-PROD3","purchased_purges":3,"victory":true,"master_deck":["Strike_R+1","Strike_R+1","Defend_R","Defend_R","Defend_R","Bash","Fire Breathing","Sword Boomerang","Searing Blow","Clothesline","Shrug It Off","Armaments+1","Blood for Blood","Armaments+1","Clash","Intimidate","Impervious","Cleave+1","Metallicize","Anger+1","Pommel Strike+1","Clash","Infernal Blade","Shrug It Off","Infernal Blade","Demon Form","Infernal Blade","Inflame","Feel No Pain+1","Inflame","Clash","Shockwave+1","True Grit+1"],"max_hp_per_floor":[80,80,80,80,80,80,80,80,80,80,80,80,80,80,80,80,80,80,80,80,85,85,85,85,85,85,85,85,85,85,85,85,85,85,85,85,85,85,85,85,85,85,92,92,92,92,92,92,92,92],"relics":["Black Blood","Sundial","Lantern","Charon\u0027s Ashes","Dream Catcher","Anchor","Whetstone","Matryoshka","Ornamental Fan","Bag of Marbles","Eternal Feather","Bird Faced Urn","Strawberry","Vajra"],"card_choices":[{"not_picked":["Bloodletting","Body Slam"],"picked":"Fire Breathing"},{"not_picked":["Body Slam","Thunderclap"],"picked":"Sword Boomerang"},{"not_picked":["Dropkick","Warcry"],"picked":"Searing Blow"},{"not_picked":["Heavy Blade","Body Slam"],"picked":"Clothesline"},{"not_picked":["Power Through","True Grit"],"picked":"Shrug It Off"},{"not_picked":["Battle Trance","Shrug It Off"],"picked":"Armaments"},{"not_picked":["Clash","Disarm"],"picked":"Blood for Blood"},{"not_picked":["Heavy Blade","Shrug It Off"],"picked":"Armaments"},{"not_picked":["Clothesline","Perfected Strike"],"picked":"Clash"},{"not_picked":["Limit Break","Pommel Strike"],"picked":"Intimidate"},{"not_picked":["Fiend Fire","Bludgeon"],"picked":"Impervious"},{"not_picked":["Dual Wield","Warcry"],"picked":"Cleave"},{"not_picked":["Perfected Strike","Twin Strike"],"picked":"Metallicize"},{"not_picked":["Shrug It Off","Clothesline"],"picked":"Anger"},{"not_picked":["Warcry","Dual Wield"],"picked":"Pommel Strike"},{"not_picked":["Offering","Body Slam"],"picked":"Infernal Blade"},{"not_picked":["Headbutt","Iron Wave"],"picked":"Shrug It Off"},{"not_picked":["Impervious","Limit Break"],"picked":"Demon Form"},{"not_picked":["Headbutt","Sword Boomerang"],"picked":"Infernal Blade"},{"not_picked":["Flex","Twin Strike"],"picked":"Inflame"},{"not_picked":["Flex","Heavy Blade"],"picked":"Feel No Pain"},{"not_picked":["Headbutt","Feel No Pain"],"picked":"Inflame"},{"not_picked":["Cleave","Warcry"],"picked":"Clash"},{"not_picked":["Heavy Blade","Armaments"],"picked":"Shockwave"},{"not_picked":["Cleave","Armaments"],"picked":"True Grit"}],"player_experience":14220,"potions_floor_usage":[37,41,47,50],"damage_taken":[{"damage":13.0,"enemies":"Blue Slaver","floor":1.0,"turns":6.0},{"damage":5.0,"enemies":"Cultist","floor":2.0,"turns":4.0},{"damage":5.0,"enemies":"Small Slimes","floor":3.0,"turns":3.0},{"damage":16.0,"enemies":"2 Fungi Beasts","floor":5.0,"turns":4.0},{"damage":34.0,"enemies":"3 Sentries","floor":6.0,"turns":9.0},{"damage":7.0,"enemies":"Exordium Wildlife","floor":8.0,"turns":4.0},{"damage":16.0,"enemies":"Lots of Slimes","floor":10.0,"turns":4.0},{"damage":20.0,"enemies":"Lagavulin","floor":11.0,"turns":6.0},{"damage":14.0,"enemies":"3 Sentries","floor":14.0,"turns":5.0},{"damage":29.0,"enemies":"The Guardian","floor":16.0,"turns":13.0},{"damage":20.0,"enemies":"2 Thieves","floor":18.0,"turns":5.0},{"damage":21.0,"enemies":"Spheric Guardian","floor":19.0,"turns":5.0},{"damage":10.0,"enemies":"Snake Plant","floor":20.0,"turns":5.0},{"damage":26.0,"enemies":"3 Cultists","floor":22.0,"turns":6.0},{"damage":27.0,"enemies":"Chosen and Byrds","floor":27.0,"turns":6.0},{"damage":9.0,"enemies":"Snake Plant","floor":29.0,"turns":4.0},{"damage":64.0,"enemies":"Collector","floor":33.0,"turns":13.0},{"damage":28,"enemies":"3 Shapes","floor":35,"turns":5},{"damage":58,"enemies":"Mysterious Sphere","floor":37,"turns":8},{"damage":7,"enemies":"Orb Walker","floor":38,"turns":5},{"damage":21,"enemies":"3 Darklings","floor":39,"turns":7},{"damage":53,"enemies":"Maw","floor":41,"turns":10},{"damage":11,"enemies":"Sphere and 2 Shapes","floor":44,"turns":10},{"damage":0,"enemies":"4 Shapes","floor":45,"turns":8},{"damage":63,"enemies":"Maw","floor":47,"turns":8},{"damage":27,"enemies":"3 Darklings","floor":48,"turns":6},{"damage":73,"enemies":"Time Eater","floor":50,"turns":11}],"event_choices":[{"event_name":"Forgotten Altar","player_choice":"Shed Blood","floor":21.0,"damage_taken":0.0},{"event_name":"The Library","player_choice":"Heal","floor":30.0,"damage_taken":0.0},{"event_name":"Mysterious Sphere","player_choice":"Fight","floor":37,"damage_taken":0}],"boss_relics":[{"not_picked":["Philosopher\u0027s Stone","Runic Pyramid"],"picked":"Eternal Feather"}],"potions_floor_spawned":[1,2,5,10,14,18,19,29,37,44,45,48],"seed_played":"5835352081076969044","ascension_level":0,"is_trial":false}