{"gold_per_floor":[111,124,124,140,151,151,165,165,165,165,185,214,58,58,58,160,160,174,193,193,210,227,227,227,260,260,260,180,95,38,0,0,0],"floor_reached":33,"playtime":1804,"items_purged":["Strike_B","Decay"],"score":513,"play_id":"fab9185a-a45a-42e2-adc7-7d614079009b","local_time":"20190307211552","is_ascension_mode":true,"campfire_choices":[{"data":"Zap","floor":6,"key":"SMITH"},{"data":"Capacitor","floor":8,"key":"SMITH"},{"data":"Go for the Eyes","floor":10,"key":"SMITH"},{"data":"Defragment","floor":15,"key":"SMITH"},{"data":"Conserve Battery","floor":23,"key":"SMITH"},{"floor":32,"key":"REST"}],"neow_cost":"NONE","seed_source_timestamp":23074425468897976,"circlet_count":0,"master_deck":["AscendersBane","Strike_B","Strike_B","Strike_B","Defend_B","Defend_B","Defend_B","Defend_B","Zap+1","Dualcast","Capacitor+1","Ball Lightning","Cold Snap","Go for the Eyes+1","Conserve Battery+1","Glacier","Coolheaded","Defragment+1","Barrage+1","Leap","Compile Driver","Conserve Battery","RitualDagger","Cold Snap","Self Repair"],"relics":["Cracked Core","Dodecahedron","Singing Bowl","Pear","Velvet Choker","DataDisk","The Courier","Matryoshka"],"potions_floor_usage":[16,21,25],"damage_taken":[{"damage":1,"enemies":"Cultist","floor":1,"turns":3},{"damage":3,"enemies":"2 Louse","floor":2,"turns":2},{"damage":14,"enemies":"Small Slimes","floor":4,"turns":3},{"damage":0,"enemies":"Looter","floor":5,"turns":3},{"damage":6,"enemies":"2 Fungi Beasts","floor":7,"turns":2},{"damage":0,"enemies":"Blue Slaver","floor":11,"turns":3},{"damage":16,"enemies":"3 Sentries","floor":12,"turns":7},{"damage":0,"enemies":"The Guardian","floor":16,"turns":11},{"damage":5,"enemies":"Chosen","floor":18,"turns":5},{"damage":20,"enemies":"2 Thieves","floor":19,"turns":4},{"damage":8,"enemies":"Snake Plant","floor":21,"turns":7},{"damage":11,"enemies":"3 Cultists","floor":22,"turns":6},{"damage":12,"enemies":"Book of Stabbing","floor":25,"turns":7},{"damage":51,"enemies":"Automaton","floor":33,"turns":12}],"seed_played":"7612747762036655355","potions_obtained":[{"floor":1,"key":"EssenceOfSteel"},{"floor":5,"key":"Energy Potion"},{"floor":16,"key":"EssenceOfSteel"},{"floor":21,"key":"SteroidPotion"},{"floor":22,"key":"Swift Potion"}],"is_trial":false,"path_per_floor":["M","M","?","M","M","R","M","R","T","R","M","E","$","?","R","B",null,"M","M","?","M","M","R","?","E","T","?","$","?","$","?","R","B"],"character_chosen":"DEFECT","items_purchased":["Defragment","Self Repair"],"campfire_rested":1,"item_purchase_floors":[13,30],"current_hp_per_floor":[74,71,59,45,45,45,39,39,39,39,39,33,33,33,33,35,79,74,54,54,46,35,35,29,17,17,17,17,17,17,17,45,0],"gold":0,"neow_bonus":"TEN_PERCENT_HP_BONUS","is_prod":false,"is_daily":false,"chose_seed":false,"campfire_upgraded":5,"win_rate":0,"timestamp":1551989752,"path_taken":["M","M","?","M","M","R","M","R","T","R","M","E","$","?","R","BOSS","M","M","?","M","M","R","?","E","T","?","?","?","$","?","R","BOSS"],"build_version":"2019-01-23","purchased_purges":2,"victory":false,"max_hp_per_floor":[82,82,82,82,82,82,82,82,82,82,82,92,92,92,92,94,94,94,94,94,94,94,94,94,94,94,94,94,94,94,94,94,94],"card_choices":[{"not_picked":["Aggregate","Storm"],"picked":"Capacitor","floor":1},{"not_picked":["Tempest","Recycle"],"picked":"Ball Lightning","floor":2},{"not_picked":["Gash","Beam Cell"],"picked":"Cold Snap","floor":4},{"not_picked":["Streamline","Rebound"],"picked":"Go for the Eyes","floor":5},{"not_picked":["Beam Cell","Chaos"],"picked":"Conserve Battery","floor":7},{"not_picked":["Beam Cell","Ball Lightning"],"picked":"Glacier","floor":11},{"not_picked":["Doom and Gloom","Reboot"],"picked":"Coolheaded","floor":12},{"not_picked":["Reboot","Multi-Cast","Amplify"],"picked":"Singing Bowl","floor":16},{"not_picked":["Stack","BootSequence"],"picked":"Barrage+1","floor":18},{"not_picked":["Doom and Gloom+1","Barrage+1"],"picked":"Leap","floor":19},{"not_picked":["Go for the Eyes","Hologram"],"picked":"Compile Driver","floor":21},{"not_picked":["Scrape","Coolheaded+1"],"picked":"Conserve Battery","floor":22},{"not_picked":["Storm","Hologram"],"picked":"Cold Snap","floor":25}],"player_experience":387393,"relics_obtained":[{"floor":9,"key":"Singing Bowl"},{"floor":12,"key":"Pear"},{"floor":25,"key":"DataDisk"},{"floor":26,"key":"The Courier"}],"event_choices":[{"damage_healed":0,"gold_gain":0,"player_choice":"Success","damage_taken":12,"relics_obtained":["Dodecahedron"],"max_hp_gain":0,"max_hp_loss":0,"event_name":"Scrap Ooze","floor":3,"gold_loss":0},{"damage_healed":0,"gold_gain":0,"player_choice":"Ignored","damage_taken":0,"max_hp_gain":0,"max_hp_loss":0,"event_name":"Liars Game","floor":14,"gold_loss":0},{"damage_healed":0,"gold_gain":0,"player_choice":"Ignored","damage_taken":0,"max_hp_gain":0,"max_hp_loss":0,"event_name":"The Mausoleum","floor":20,"gold_loss":0},{"damage_healed":0,"gold_gain":0,"player_choice":"Joined the Cult","damage_taken":6,"max_hp_gain":0,"max_hp_loss":0,"event_name":"Nest","floor":24,"gold_loss":0,"cards_obtained":["RitualDagger"]},{"damage_healed":0,"gold_gain":0,"player_choice":"Smashed Altar","damage_taken":0,"max_hp_gain":0,"max_hp_loss":0,"event_name":"Forgotten Altar","floor":27,"gold_loss":0,"cards_obtained":["Decay"]},{"damage_healed":0,"gold_gain":0,"player_choice":"Obtained Relic","damage_taken":0,"relics_obtained":["Matryoshka"],"max_hp_gain":0,"max_hp_loss":0,"event_name":"Addict","floor":29,"gold_loss":85},{"damage_healed":0,"gold_gain":0,"player_choice":"Paid Fearfully","damage_taken":0,"max_hp_gain":0,"max_hp_loss":0,"event_name":"Masked Bandits","floor":31,"gold_loss":38}],"is_beta":false,"boss_relics":[{"not_picked":["Orrery","Eternal Feather"],"picked":"Velvet Choker"}],"items_purged_floors":[13,28],"is_endless":false,"potions_floor_spawned":[1,5,16,19,21,22],"killed_by":"Automaton","ascension_level":11}