{"gold_per_floor":[116,41,56,56,66,85,1,28,53,53,115,126,126,142,142,221,221,221,14,14,0,0,0,0,0,0,0,0,0,0,0],"floor_reached":31,"playtime":1235,"items_purged":["Strike_R"],"score":485,"play_id":"41b92036-ac7e-4f94-ac6c-5e27177cb301","local_time":"20190430230255","is_ascension_mode":true,"campfire_choices":[{"data":"Metallicize","floor":10,"key":"SMITH"},{"floor":13,"key":"REST"},{"data":"Flame Barrier","floor":15,"key":"SMITH"},{"data":"True Grit","floor":23,"key":"SMITH"},{"floor":25,"key":"REST"}],"neow_cost":"PERCENT_DAMAGE","seed_source_timestamp":1647769050806438,"circlet_count":0,"master_deck":["AscendersBane","Strike_R","Defend_R","Defend_R","Defend_R","Defend_R","Bash","Sever Soul","Impervious","Twin Strike","Inflame","Iron Wave","Metallicize+1","Blood for Blood","Flame Barrier+1","Barricade","Finesse","Rampage","True Grit+1"],"relics":["Burning Blood","Potion Belt","Vajra","Oddly Smooth Stone","Ectoplasm","PreservedInsect","Blue Candle","Enchiridion","Ice Cream"],"potions_floor_usage":[8,11,12],"damage_taken":[{"damage":0,"enemies":"2 Louse","floor":1,"turns":2},{"damage":0,"enemies":"Small Slimes","floor":3,"turns":3},{"damage":4,"enemies":"Jaw Worm","floor":5,"turns":4},{"damage":12,"enemies":"Looter","floor":6,"turns":4},{"damage":28,"enemies":"3 Sentries","floor":8,"turns":13},{"damage":32,"enemies":"Lagavulin Event","floor":11,"turns":6},{"damage":5,"enemies":"Exordium Thugs","floor":12,"turns":6},{"damage":0,"enemies":"Red Slaver","floor":14,"turns":5},{"damage":27,"enemies":"Hexaghost","floor":16,"turns":13},{"damage":4,"enemies":"Shell Parasite","floor":18,"turns":6},{"damage":15,"enemies":"2 Thieves","floor":21,"turns":4},{"damage":2,"enemies":"Centurion and Healer","floor":22,"turns":9},{"damage":35,"enemies":"Book of Stabbing","floor":24,"turns":7},{"damage":14,"enemies":"Snecko","floor":27,"turns":7},{"damage":25,"enemies":"Cultist and Chosen","floor":31,"turns":3}],"seed_played":"7847126157733310391","potions_obtained":[{"floor":1,"key":"Fire Potion"},{"floor":8,"key":"SteroidPotion"},{"floor":11,"key":"Poison Potion"},{"floor":24,"key":"SteroidPotion"}],"is_trial":false,"path_per_floor":["M","?","M","$","M","M","$","E","T","R","?","M","R","M","R","B",null,"M","$","?","M","M","R","E","R","T","M","?","?","T","M"],"character_chosen":"IRONCLAD","items_purchased":["Metallicize","Finesse","Rampage"],"campfire_rested":2,"item_purchase_floors":[7,19,19],"current_hp_per_floor":[56,56,62,62,64,58,58,36,36,36,10,11,33,39,39,18,61,63,63,63,54,58,58,29,51,51,43,22,22,22,0],"gold":0,"neow_bonus":"TRANSFORM_TWO_CARDS","is_prod":false,"is_daily":false,"chose_seed":false,"campfire_upgraded":3,"win_rate":0,"timestamp":1556658175,"path_taken":["M","?","M","$","M","M","$","E","T","R","?","M","R","M","R","BOSS","M","$","?","M","M","R","E","R","T","M","?","?","?","M"],"build_version":"2019-01-23","purchased_purges":1,"victory":false,"max_hp_per_floor":[75,75,75,75,75,75,75,75,75,75,75,75,75,75,75,75,75,75,75,75,75,75,75,75,75,75,75,75,75,75,75],"card_choices":[{"not_picked":["Burning Pact","Infernal Blade"],"picked":"Twin Strike","floor":1},{"not_picked":["Iron Wave","Intimidate"],"picked":"Inflame","floor":3},{"not_picked":["Perfected Strike","Body Slam"],"picked":"Iron Wave","floor":5},{"not_picked":["Body Slam","Headbutt","Clash"],"picked":"SKIP","floor":6},{"not_picked":["Bloodletting","Clash"],"picked":"Blood for Blood","floor":8},{"not_picked":["Sword Boomerang","Searing Blow","Bloodletting"],"picked":"SKIP","floor":12},{"not_picked":["Twin Strike","Perfected Strike"],"picked":"Flame Barrier","floor":14},{"not_picked":["Double Tap","Feed"],"picked":"Barricade","floor":16},{"not_picked":["Burning Pact","Thunderclap","Anger"],"picked":"SKIP","floor":18},{"not_picked":["Havoc","Infernal Blade"],"picked":"True Grit","floor":21},{"not_picked":["Bloodletting","Seeing Red","Warcry"],"picked":"SKIP","floor":22},{"not_picked":["Iron Wave+1","Havoc+1","Headbutt"],"picked":"SKIP","floor":24},{"not_picked":["Infernal Blade+1","Wild Strike","Armaments"],"picked":"SKIP","floor":27}],"player_experience":532631,"relics_obtained":[{"floor":8,"key":"Potion Belt"},{"floor":9,"key":"Vajra"},{"floor":11,"key":"Oddly Smooth Stone"},{"floor":24,"key":"PreservedInsect"},{"floor":26,"key":"Blue Candle"},{"floor":28,"key":"Enchiridion"},{"floor":30,"key":"Ice Cream"}],"event_choices":[{"cards_removed":["Strike_R"],"damage_healed":0,"gold_gain":0,"player_choice":"Card Removal","damage_taken":0,"max_hp_gain":0,"max_hp_loss":0,"event_name":"The Cleric","floor":2,"gold_loss":75},{"damage_healed":0,"gold_gain":0,"player_choice":"Searched \u00271\u0027 times","damage_taken":0,"max_hp_gain":0,"max_hp_loss":0,"event_name":"Dead Adventurer","floor":11,"gold_loss":0},{"damage_healed":0,"gold_gain":0,"player_choice":"Ignored","damage_taken":0,"max_hp_gain":0,"max_hp_loss":0,"event_name":"Ghosts","floor":20,"gold_loss":0},{"damage_healed":0,"gold_gain":0,"player_choice":"Obtained Book","damage_taken":21,"max_hp_gain":0,"max_hp_loss":0,"event_name":"Cursed Tome","floor":28,"gold_loss":0},{"damage_healed":0,"gold_gain":0,"player_choice":"Ignored","damage_taken":0,"max_hp_gain":0,"max_hp_loss":0,"event_name":"Beggar","floor":29,"gold_loss":0}],"is_beta":false,"boss_relics":[{"not_picked":["Busted Crown","Coffee Dripper"],"picked":"Ectoplasm"}],"items_purged_floors":[19],"is_endless":false,"potions_floor_spawned":[1,8,11,24],"killed_by":"Cultist and Chosen","ascension_level":18}