{"gold_per_floor":[115,115,29,39,54,88,88,11,36,69,87,107,107,120,120,120],"floor_reached":16,"playtime":344,"items_purged":[],"score":224,"play_id":"721f53d0-82e9-4926-ad79-0ea12b802ea8","local_time":"20190512203623","is_ascension_mode":true,"campfire_choices":[{"data":"Rainbow","floor":7,"key":"SMITH"},{"floor":13,"key":"REST"},{"data":"Loop","floor":15,"key":"SMITH"}],"neow_cost":"PERCENT_DAMAGE","seed_source_timestamp":995693227850305,"circlet_count":0,"master_deck":["AscendersBane","Strike_B","Strike_B","Strike_B","Strike_B","Defend_B","Defend_B","Defend_B","Defend_B","Zap","Dualcast","Rainbow+1","Capacitor","Hologram","Ball Lightning","Loop+1","Genetic Algorithm","Chill","Self Repair","Conserve Battery"],"relics":["Cracked Core","PreservedInsect","Dream Catcher","Orichalcum"],"potions_floor_usage":[16],"damage_taken":[{"damage":0,"enemies":"Cultist","floor":1,"turns":4},{"damage":6,"enemies":"Small Slimes","floor":4,"turns":3},{"damage":0,"enemies":"2 Louse","floor":5,"turns":2},{"damage":16,"enemies":"Lagavulin","floor":6,"turns":7},{"damage":35,"enemies":"Gremlin Nob","floor":10,"turns":4},{"damage":5,"enemies":"2 Fungi Beasts","floor":11,"turns":3},{"damage":8,"enemies":"Looter","floor":12,"turns":3},{"damage":8,"enemies":"Large Slime","floor":14,"turns":7},{"damage":27,"enemies":"The Guardian","floor":16,"turns":2}],"seed_played":"1914895409576748058","potions_obtained":[{"floor":1,"key":"FocusPotion"},{"floor":5,"key":"Ancient Potion"}],"is_trial":false,"path_per_floor":["M","?","$","M","M","E","R","$","T","E","M","M","R","M","R","B"],"character_chosen":"DEFECT","items_purchased":["Capacitor","Loop"],"campfire_rested":1,"item_purchase_floors":[3,8],"current_hp_per_floor":[46,71,71,65,65,49,49,49,49,14,9,1,22,21,21,0],"gold":120,"neow_bonus":"THREE_RARE_CARDS","is_prod":false,"is_daily":false,"chose_seed":false,"campfire_upgraded":2,"win_rate":0,"timestamp":1557718583,"path_taken":["M","?","$","M","M","E","R","$","T","E","M","M","R","M","R","BOSS"],"build_version":"2019-05-07","purchased_purges":0,"victory":false,"max_hp_per_floor":[71,71,71,71,71,71,71,71,71,71,71,71,71,71,71,71],"card_choices":[{"not_picked":["Thunder Strike","Amplify"],"picked":"Rainbow","floor":0},{"not_picked":["Redo","Tempest"],"picked":"Lockon","floor":1},{"not_picked":["Beam Cell","Gash"],"picked":"Hologram","floor":4},{"not_picked":["Redo","Beam Cell"],"picked":"Ball Lightning","floor":5},{"not_picked":["Rebound","Scrape","Redo"],"picked":"SKIP","floor":6},{"not_picked":["Loop","Beam Cell"],"picked":"Genetic Algorithm","floor":10},{"not_picked":["Static Discharge","Cold Snap"],"picked":"Chill","floor":11},{"not_picked":["Streamline","Consume","Thunder Strike"],"picked":"SKIP","floor":12},{"not_picked":["Hologram","Static Discharge"],"picked":"Self Repair","floor":13},{"not_picked":["Gash","Sweeping Beam"],"picked":"Conserve Battery","floor":14}],"player_experience":1259220,"relics_obtained":[{"floor":6,"key":"PreservedInsect"},{"floor":9,"key":"Dream Catcher"},{"floor":10,"key":"Orichalcum"}],"event_choices":[{"cards_removed":["Lockon"],"damage_healed":25,"gold_gain":0,"player_choice":"Offered Uncommon","damage_taken":0,"max_hp_gain":0,"max_hp_loss":0,"event_name":"Bonfire Elementals","floor":2,"gold_loss":0}],"is_beta":true,"boss_relics":[],"items_purged_floors":[],"is_endless":false,"potions_floor_spawned":[1,5,10],"killed_by":"The Guardian","ascension_level":20}