{"path_per_floor":["M","M","$","?","M","E","R","?","T","R","M","M","M","?","R","B",null,"M","?","?","?","?","R","M","M","T","$","M","R","?","M","R","B",null,"M","?","M","M","M","R","M","?","T","M","$","M","R","?","R"],"character_chosen":"THE_SILENT","items_purchased":["Anchor","Panache"],"gold_per_floor":[114,128,53,53,67,100,100,100,124,124,137,150,170,170,170,298,298,321,321,246,196,111,111,135,153,153,2,18,18,18,38,38,138,138,154,154,172,185,200,200,220,220,290,307,21,38,38,138,138],"floor_reached":50,"campfire_rested":5,"playtime":4805,"current_hp_per_floor":[70,69,69,62,62,49,70,53,53,53,53,53,52,52,70,59,70,64,64,64,64,71,71,67,61,61,61,54,77,77,77,77,69,77,77,77,69,74,36,59,63,53,58,63,63,54,77,77,77],"items_purged":["Strike_G","Strike_G"],"gold":138,"play_id":"feafd440-89c0-403f-8301-c9379546383d","is_prod":false,"is_daily":false,"is_ascension_mode":false,"campfire_upgraded":4,"path_taken":["M","M","$","?","M","E","R","?","T","R","M","M","M","?","R","BOSS","M","?","?","?","?","R","M","M","T","$","?","R","?","M","R","BOSS","M","?","M","M","M","R","M","?","T","M","$","M","R","?","R","BOSS"],"build_version":"2018-02-01-PROD3","purchased_purges":2,"victory":false,"master_deck":["Defend_G","Defend_G","Defend_G","Defend_G","Defend_G","Strike_G","Survivor","Neutralize+1","After Image+1","Poisoned Stab","Flying Knee","Footwork+1","Dash","Deadly Poison","Poisoned Stab","Well Laid Plans","Adrenaline+1","Footwork","Caltrops+1","Dagger Throw","Flying Knee","Footwork+1","Noxious Fumes+1","Quick Slash+1","Bouncing Flask","Catalyst+1","A Thousand Cuts","PiercingWail+1","Infinite Blades+1","Madness","Madness","Panache"],"max_hp_per_floor":[70,70,70,70,70,70,70,70,70,70,70,70,70,70,70,70,70,70,70,70,70,77,77,77,77,77,77,77,77,77,77,77,77,77,77,77,77,77,77,77,77,77,77,77,77,77,77,77,77],"relics":["Ring of the Snake","Happy Flower","Bloody Idol","Orichalcum","Orrery","Strawberry","Gambling Chip","Anchor","Sozu","Gremlin Horn"],"card_choices":[{"not_picked":["Catalyst","Slice"],"picked":"Poisoned Stab"},{"not_picked":["Prepared","Dodge and Roll"],"picked":"Flying Knee"},{"not_picked":["Acrobatics","Tools of the Trade"],"picked":"Footwork"},{"not_picked":["Outmaneuver","Distraction"],"picked":"Dash"},{"not_picked":["Leg Sweep","Backflip"],"picked":"Deadly Poison"},{"not_picked":["Deflect","Backflip"],"picked":"Poisoned Stab"},{"not_picked":["Flying Knee","Bullet Time"],"picked":"Well Laid Plans"},{"not_picked":["Night Terror","Wraith Form"],"picked":"Adrenaline"},{"not_picked":["Bullet Time","Calculated Gamble"],"picked":"Footwork"},{"not_picked":["Dodge and Roll","Deadly Poison"],"picked":"Caltrops"},{"not_picked":["Quick Slash","Flying Knee"],"picked":"Dagger Throw"},{"not_picked":["Eviscerate","Deflect"],"picked":"Flying Knee"},{"not_picked":["Backflip","Prepared"],"picked":"Footwork"},{"not_picked":["Deadly Poison","Acrobatics"],"picked":"Noxious Fumes"},{"not_picked":["Acrobatics","Corpse Explosion"],"picked":"Quick Slash"},{"not_picked":["Deadly Poison","Infinite Blades"],"picked":"Bouncing Flask"},{"not_picked":["Bane","Quick Slash"],"picked":"Catalyst"},{"not_picked":["Night Terror","Doppelganger"],"picked":"A Thousand Cuts"},{"not_picked":["Outmaneuver","Deflect"],"picked":"PiercingWail"},{"not_picked":["Sucker Punch","Riddle With Holes"],"picked":"Infinite Blades"}],"player_experience":32822,"potions_floor_usage":[16,16,31,31],"damage_taken":[{"damage":0,"enemies":"Cultist","floor":1,"turns":4},{"damage":1,"enemies":"Jaw Worm","floor":2,"turns":6},{"damage":0,"enemies":"2 Louse","floor":5,"turns":2},{"damage":13,"enemies":"Lagavulin","floor":6,"turns":10},{"damage":0,"enemies":"Looter","floor":11,"turns":4},{"damage":0,"enemies":"3 Louse","floor":12,"turns":4},{"damage":1,"enemies":"Exordium Wildlife","floor":13,"turns":4},{"damage":11,"enemies":"Hexaghost","floor":16,"turns":11},{"damage":6,"enemies":"3 Byrds","floor":18,"turns":4},{"damage":4,"enemies":"Shell Parasite","floor":24,"turns":6},{"damage":6,"enemies":"Snecko","floor":25,"turns":6},{"damage":7,"enemies":"Sentry and Sphere","floor":28,"turns":7},{"damage":5,"enemies":"Slaver and Parasite","floor":31,"turns":5},{"damage":13,"enemies":"Champ","floor":33,"turns":11},{"damage":0,"enemies":"3 Shapes","floor":35,"turns":5},{"damage":13,"enemies":"3 Darklings","floor":37,"turns":6},{"damage":0,"enemies":"Maw","floor":38,"turns":7},{"damage":43,"enemies":"Sphere and 2 Shapes","floor":39,"turns":5},{"damage":1,"enemies":"3 Darklings","floor":41,"turns":6},{"damage":0,"enemies":"Maw","floor":44,"turns":7},{"damage":14,"enemies":"Sphere and 2 Shapes","floor":46,"turns":3},{"damage":79,"enemies":"Awakened One","floor":50,"turns":5}],"event_choices":[{"event_name":"Golden Wing","player_choice":"Card Removal","floor":4,"damage_taken":0},{"event_name":"Golden Idol","player_choice":"Take Damage","floor":8,"damage_taken":0},{"event_name":"Liars Game","player_choice":"disagreed","floor":14,"damage_taken":0},{"event_name":"Upgrade Shrine","player_choice":"Upgraded","floor":19,"damage_taken":0},{"event_name":"Beggar","player_choice":"Gave Gold","floor":20,"damage_taken":0},{"event_name":"The Joust","player_choice":"Bet on Murderer","floor":21,"damage_taken":0},{"event_name":"Addict","player_choice":"Obtained Relic","floor":22,"damage_taken":0},{"event_name":"Forgotten Altar","player_choice":"Gave Idol","floor":30,"damage_taken":0},{"event_name":"The Lab","player_choice":"Got Potions","floor":36,"damage_taken":0},{"event_name":"Winding Halls","player_choice":"Embrace Madness","floor":42,"damage_taken":0},{"event_name":"Golden Shrine","player_choice":"Pray","floor":48,"damage_taken":0}],"boss_relics":[{"not_picked":["Philosopher\u0027s Stone","Runic Pyramid"],"picked":"Orrery"},{"not_picked":["Lizard Tail","Velvet Choker"],"picked":"Sozu"}],"potions_floor_spawned":[1,5,6,13,25,28,33,37,38,41],"seed_played":"3425091230539522287","killed_by":"Awakened One","ascension_level":0,"is_trial":false}