{"gold_per_floor":[111,36,53,53,64,64,93,93,120,132,162,186,198,223,235,247],"floor_reached":16,"playtime":541,"items_purged":[],"score":184,"play_id":"d0e19fc2-8777-40a8-9444-2f16f33b04f4","local_time":"20190407152849","is_ascension_mode":true,"campfire_choices":[{"data":"Neutralize","floor":6,"key":"SMITH"},{"data":"Footwork","floor":13,"key":"SMITH"},{"floor":15,"key":"REST"}],"neow_cost":"NONE","seed_source_timestamp":10963423223020,"circlet_count":0,"master_deck":["AscendersBane","Defend_G","Defend_G","Defend_G","Defend_G","Defend_G","Strike_G","Strike_G","Strike_G","Strike_G","Survivor","Neutralize+1","Footwork+1","Backflip","Cloak And Dagger","Leg Sweep","Backstab","Blur","Dagger Spray"],"relics":["Ring of the Snake","NeowsBlessing","Smiling Mask","MawBank"],"potions_floor_usage":[11,12],"damage_taken":[{"damage":0,"enemies":"Small Slimes","floor":1,"turns":1},{"damage":0,"enemies":"Jaw Worm","floor":3,"turns":1},{"damage":0,"enemies":"Cultist","floor":5,"turns":1},{"damage":42,"enemies":"Lagavulin","floor":7,"turns":14},{"damage":0,"enemies":"Looter","floor":11,"turns":4},{"damage":16,"enemies":"Gremlin Gang","floor":12,"turns":8},{"damage":0,"enemies":"2 Fungi Beasts","floor":14,"turns":4},{"damage":49,"enemies":"The Guardian","floor":16,"turns":9}],"seed_played":"4650461049140432926","potions_obtained":[{"floor":1,"key":"Weak Potion"},{"floor":5,"key":"SteroidPotion"},{"floor":10,"key":"Explosive Potion"},{"floor":10,"key":"AttackPotion"},{"floor":14,"key":"Swift Potion"}],"is_trial":false,"path_per_floor":["M","?","M","?","M","R","E","?","T","?","M","M","R","M","R","B"],"character_chosen":"THE_SILENT","items_purchased":[],"campfire_rested":1,"item_purchase_floors":[],"current_hp_per_floor":[59,59,59,66,66,66,24,24,24,24,24,8,8,8,27,0],"gold":247,"neow_bonus":"THREE_ENEMY_KILL","is_prod":false,"is_daily":false,"chose_seed":false,"campfire_upgraded":2,"win_rate":0,"timestamp":1554643729,"path_taken":["M","?","M","?","?","R","E","?","T","?","M","?","R","M","R","BOSS"],"build_version":"2019-01-23","purchased_purges":0,"victory":false,"max_hp_per_floor":[66,66,66,66,66,66,66,66,66,66,66,66,66,66,66,66],"card_choices":[{"not_picked":["Flechettes","Dash"],"picked":"Footwork","floor":1},{"not_picked":["Dodge and Roll","Acrobatics"],"picked":"Backflip","floor":3},{"not_picked":["Dagger Throw","Slice"],"picked":"Cloak And Dagger","floor":5},{"not_picked":["Acrobatics","Predator"],"picked":"Leg Sweep","floor":7},{"not_picked":["Poisoned Stab","Backflip"],"picked":"Backstab","floor":11},{"not_picked":["Deflect","Bane"],"picked":"Blur","floor":12},{"not_picked":["Bane","Cloak And Dagger"],"picked":"Dagger Spray","floor":14}],"player_experience":474911,"relics_obtained":[{"floor":7,"key":"Smiling Mask"},{"floor":9,"key":"MawBank"}],"event_choices":[{"cards_removed":["Strike_G"],"damage_healed":0,"gold_gain":0,"player_choice":"Card Removal","damage_taken":0,"max_hp_gain":0,"max_hp_loss":0,"event_name":"The Cleric","floor":2,"gold_loss":75},{"damage_healed":7,"gold_gain":0,"player_choice":"Full Heal","damage_taken":0,"max_hp_gain":0,"max_hp_loss":0,"event_name":"Wheel of Change","floor":4,"gold_loss":0},{"damage_healed":0,"gold_gain":0,"player_choice":"Ignored","damage_taken":0,"max_hp_gain":0,"max_hp_loss":0,"event_name":"Shining Light","floor":8,"gold_loss":0},{"damage_healed":0,"gold_gain":0,"player_choice":"Got Potions","damage_taken":0,"max_hp_gain":0,"max_hp_loss":0,"event_name":"Lab","floor":10,"gold_loss":0}],"is_beta":false,"boss_relics":[],"items_purged_floors":[],"is_endless":false,"potions_floor_spawned":[1,5,14],"killed_by":"The Guardian","ascension_level":16}