{"gold_per_floor":[116,41,54,73,73,107,119,159,225,237,276,302,334,346,358,370],"floor_reached":16,"playtime":336,"items_purged":["Strike_G"],"score":240,"play_id":"e954e9b9-4498-474c-a7fe-224b20d160bd","local_time":"20190601143950","is_ascension_mode":true,"campfire_choices":[{"data":"Dagger Spray","floor":7,"key":"SMITH"},{"floor":10,"key":"REST"},{"floor":15,"key":"REST"}],"neow_cost":"NONE","seed_source_timestamp":1352883959147115,"circlet_count":0,"master_deck":["AscendersBane","Strike_G","Strike_G","Strike_G","Defend_G","Defend_G","Defend_G","Defend_G","Defend_G","Survivor","Neutralize","Dagger Spray+1","Flying Knee","Masterful Stab","Skewer","Dagger Spray"],"relics":["Ring of the Snake","NeowsBlessing","MawBank","Orichalcum","Tiny Chest","Snake Skull"],"potions_floor_usage":[6,6,16],"damage_taken":[{"damage":0,"enemies":"Cultist","floor":1,"turns":1},{"damage":0,"enemies":"Small Slimes","floor":3,"turns":1},{"damage":0,"enemies":"2 Louse","floor":4,"turns":1},{"damage":20,"enemies":"Lagavulin","floor":6,"turns":5},{"damage":26,"enemies":"3 Sentries","floor":8,"turns":11},{"damage":18,"enemies":"Gremlin Nob","floor":11,"turns":4},{"damage":0,"enemies":"2 Fungi Beasts","floor":12,"turns":2},{"damage":1,"enemies":"Exordium Thugs","floor":13,"turns":4},{"damage":32,"enemies":"The Guardian","floor":16,"turns":7}],"seed_played":"5595959115317490886","potions_obtained":[{"floor":1,"key":"Strength Potion"},{"floor":4,"key":"FearPotion"},{"floor":8,"key":"LiquidBronze"}],"is_trial":false,"path_per_floor":["M","$","M","M","?","E","R","E","T","R","E","M","M","$","R","B"],"character_chosen":"THE_SILENT","items_purchased":[],"campfire_rested":2,"item_purchase_floors":[],"current_hp_per_floor":[59,59,59,59,52,32,32,6,6,25,7,7,6,6,25,0],"gold":370,"neow_bonus":"THREE_ENEMY_KILL","is_prod":false,"is_daily":false,"chose_seed":false,"campfire_upgraded":1,"win_rate":0,"timestamp":1559425190,"path_taken":["M","$","?","M","?","E","R","E","T","R","E","M","M","$","R","BOSS"],"build_version":"2019-05-31","purchased_purges":1,"victory":false,"max_hp_per_floor":[66,66,66,66,66,66,66,66,66,66,66,66,66,66,66,66],"card_choices":[{"not_picked":["Finisher","Bane"],"picked":"Dagger Spray","floor":1},{"not_picked":["Outmaneuver","Blade Dance","Acrobatics"],"picked":"SKIP","floor":3},{"not_picked":["Sucker Punch","Bane","Prepared"],"picked":"SKIP","floor":4},{"not_picked":["Sucker Punch","Bane","Prepared"],"picked":"SKIP","floor":4},{"not_picked":["Setup","Sucker Punch"],"picked":"Flying Knee","floor":6},{"not_picked":["Backflip","Dodge and Roll"],"picked":"Masterful Stab","floor":8},{"not_picked":["Doppelganger","Bane"],"picked":"Skewer","floor":11},{"not_picked":["Terror","Outmaneuver","Sucker Punch"],"picked":"SKIP","floor":12},{"not_picked":["Heel Hook","Dagger Throw"],"picked":"Dagger Spray","floor":13}],"player_experience":1292891,"relics_obtained":[{"floor":6,"key":"MawBank"},{"floor":8,"key":"Orichalcum"},{"floor":9,"key":"Tiny Chest"},{"floor":11,"key":"Snake Skull"}],"event_choices":[{"cards_removed":["Strike_G"],"damage_healed":0,"gold_gain":0,"player_choice":"Card Removal","damage_taken":7,"max_hp_gain":0,"max_hp_loss":0,"event_name":"Golden Wing","floor":5,"gold_loss":0}],"is_beta":true,"boss_relics":[],"items_purged_floors":[2],"is_endless":false,"potions_floor_spawned":[1,4,8],"killed_by":"The Guardian","ascension_level":20}