{"path_per_floor":["M","?","$","?","M","E","$","R","T","?","M","T","E","M","R","B",null,"M","?","M","$","M","R","$","E","T","M","E","?","E","M","R","B",null,"M","$","?","M","M","R","?","R","T","$","?","R","T","M","R","B"],"character_chosen":"IRONCLAD","items_purchased":["Lantern","Dark Shackles","Unceasing Top","Heavy Blade"],"gold_per_floor":[119,119,44,144,158,187,87,87,87,52,66,66,98,110,110,207,207,225,225,244,93,105,105,105,140,440,453,481,481,515,529,529,629,629,646,119,119,133,150,150,150,150,150,75,75,75,98,113,113,113],"floor_reached":51,"campfire_rested":1,"playtime":3391,"current_hp_per_floor":[73,73,73,73,69,50,50,50,50,70,76,76,79,80,80,80,80,80,80,80,80,80,80,80,61,61,67,62,62,57,59,59,58,80,80,80,80,80,80,80,80,80,80,80,70,70,70,68,80,44],"items_purged":["Strike_R","Strike_R","Doubt","Defend_R"],"gold":113,"score":613,"play_id":"2982e73a-0353-4695-9722-fbf39dc88c34","is_prod":false,"is_daily":false,"is_ascension_mode":true,"campfire_upgraded":7,"path_taken":["M","?","$","?","M","E","$","R","T","?","M","?","E","M","R","BOSS","M","?","M","$","M","R","?","E","T","M","E","?","E","M","R","BOSS","M","$","?","M","?","R","?","R","T","?","?","R","?","?","R","BOSS"],"build_version":"2018-02-08-PROD1","purchased_purges":4,"victory":true,"master_deck":["Strike_R+1","Defend_R","Defend_R","Defend_R+1","Limit Break+1","Whirlwind+1","Inflame+1","Shrug It Off+1","Heavy Blade+1","Bludgeon+1","Shrug It Off+1","Armaments+1","Warcry","Heavy Blade+1","Demon Form+1","Dark Shackles","Barricade","Spot Weakness","Warcry+1","Writhe","Seeing Red+1","Heavy Blade+1","Madness","Madness","Doubt"],"max_hp_per_floor":[80,80,80,80,80,80,80,80,80,80,80,80,80,80,80,80,80,80,80,80,80,80,80,80,80,80,80,80,80,80,80,80,80,80,80,80,80,80,80,80,80,80,80,80,80,80,80,80,80,80],"relics":["Burning Blood","Self Forming Clay","Frozen Eye","Thread and Needle","Whetstone","Molten Egg 2","Cursed Key","Prayer Wheel","Lantern","Vajra","Old Coin","Regal Pillow","Toolbox","Velvet Choker","Unceasing Top","Smiling Mask","Bag of Preparation"],"card_choices":[{"not_picked":["Perfected Strike","Warcry"],"picked":"Whirlwind"},{"not_picked":["Double Tap","Cleave"],"picked":"Inflame"},{"not_picked":["Flex","Twin Strike"],"picked":"Shrug It Off"},{"not_picked":["Disarm","Warcry"],"picked":"Heavy Blade"},{"not_picked":["Double Tap","Barricade"],"picked":"Bludgeon"},{"not_picked":["Searing Blow","True Grit"],"picked":"Shrug It Off"},{"not_picked":["Cleave","Anger"],"picked":"Armaments"},{"not_picked":["Combust","True Grit"],"picked":"Warcry"},{"not_picked":["Iron Wave","Pummel"],"picked":"Heavy Blade"},{"not_picked":["Reaper","Fiend Fire"],"picked":"Demon Form"},{"not_picked":["Twin Strike","Cleave"],"picked":"Spot Weakness"},{"not_picked":["Shrug It Off","Thunderclap"],"picked":"Warcry"},{"not_picked":["Combust","Flex"],"picked":"Seeing Red"}],"player_experience":45564,"potions_floor_usage":[16,27,28,28,33,33,50,50],"damage_taken":[{"damage":13,"enemies":"Blue Slaver","floor":1,"turns":8},{"damage":10,"enemies":"Jaw Worm","floor":5,"turns":4},{"damage":25,"enemies":"Gremlin Nob","floor":6,"turns":5},{"damage":0,"enemies":"Small Slimes","floor":11,"turns":3},{"damage":3,"enemies":"3 Sentries","floor":13,"turns":7},{"damage":0,"enemies":"Red Slaver","floor":14,"turns":3},{"damage":6,"enemies":"Slime Boss","floor":16,"turns":5},{"damage":5,"enemies":"2 Thieves","floor":18,"turns":3},{"damage":0,"enemies":"3 Byrds","floor":20,"turns":3},{"damage":0,"enemies":"Snake Plant","floor":22,"turns":2},{"damage":25,"enemies":"Gremlin Leader","floor":25,"turns":7},{"damage":0,"enemies":"Chosen and Byrds","floor":27,"turns":6},{"damage":11,"enemies":"Slavers","floor":28,"turns":3},{"damage":11,"enemies":"Book of Stabbing","floor":30,"turns":5},{"damage":4,"enemies":"3 Cultists","floor":31,"turns":4},{"damage":7,"enemies":"Champ","floor":33,"turns":8},{"damage":3,"enemies":"3 Darklings","floor":35,"turns":2},{"damage":0,"enemies":"Orb Walker","floor":38,"turns":3},{"damage":0,"enemies":"4 Shapes","floor":39,"turns":5},{"damage":8,"enemies":"3 Darklings","floor":48,"turns":5},{"damage":42,"enemies":"Awakened One","floor":50,"turns":7}],"event_choices":[{"event_name":"Accursed Blacksmith","player_choice":"Rummage","floor":2,"damage_taken":0},{"event_name":"Golden Shrine","player_choice":"Pray","floor":4,"damage_taken":0},{"event_name":"The Cleric","player_choice":"Healed","floor":10,"damage_taken":0},{"event_name":"The Mausoleum","player_choice":"Yes","floor":19,"damage_taken":0},{"event_name":"Upgrade Shrine","player_choice":"Upgraded","floor":29,"damage_taken":0},{"event_name":"Transmorgrifier","player_choice":"Transform","floor":37,"damage_taken":0},{"event_name":"Winding Halls","player_choice":"Embrace Madness","floor":45,"damage_taken":0}],"boss_relics":[{"not_picked":["Philosopher\u0027s Stone","White Beast Statue"],"picked":"Cursed Key"},{"not_picked":["Eternal Feather","Tiny House"],"picked":"Velvet Choker"}],"potions_floor_spawned":[11,13,20,25,27,30,31,35,39],"seed_played":"-1775731622359172331","ascension_level":1,"is_trial":false}