{"path_per_floor":["M","M","?","M","M","R","M","R","T","E","R","M","?","M","R","B",null,"M","?","?","$","?","R","?","E","T","R","M","R","M","M","R","B",null,"M","M","M","M","?","R","M","R","T","$","?","M","?","M","R","B"],"character_chosen":"THE_SILENT","items_purchased":["Ice Cream","Dexterity Potion","Pen Nib"],"gold_per_floor":[113,129,129,147,166,166,185,185,240,271,271,281,281,300,300,398,398,417,417,417,51,51,51,51,85,112,112,127,127,146,166,166,263,263,274,293,307,317,317,317,331,331,331,28,28,39,0,16,16,16],"floor_reached":51,"campfire_rested":4,"playtime":3829,"current_hp_per_floor":[67,67,67,67,67,67,60,60,60,38,38,24,24,23,44,20,70,53,53,40,40,40,62,62,51,51,51,51,51,51,39,61,50,75,75,75,75,70,61,61,57,57,57,57,57,57,57,46,68,27],"items_purged":["Strike_G","Strike_G"],"gold":16,"score":590,"play_id":"148b3be0-f390-4518-bffd-00fd7e574fc5","is_prod":false,"is_daily":false,"is_ascension_mode":true,"campfire_upgraded":7,"path_taken":["M","M","?","M","?","R","M","R","T","E","R","?","?","?","R","BOSS","M","?","?","$","?","R","?","E","T","R","?","R","?","M","R","BOSS","M","M","M","M","?","R","?","R","T","$","?","M","?","M","R","BOSS"],"build_version":"2018-02-15-PROD1","purchased_purges":2,"victory":true,"master_deck":["Defend_G+1","Defend_G+1","Defend_G+1","Defend_G+1","Defend_G+1","Strike_G+1","Survivor","Neutralize+1","Deadly Poison","Leg Sweep+1","Bouncing Flask+1","Noxious Fumes+1","PiercingWail","Dash","Tools of the Trade+1","Bane","Die Die Die","Skewer+1","Caltrops+1","Burst+1","Terror+1","Backflip+1","Escape Plan+1","Madness","Madness"],"max_hp_per_floor":[70,70,70,70,70,70,70,70,70,70,70,70,70,70,70,70,70,70,70,75,75,75,75,75,75,75,75,75,75,75,75,75,75,75,75,75,75,75,75,75,75,75,75,75,75,75,75,75,75,75],"relics":["Ring of the Snake","Snake Skull","Prayer Wheel","Dead Branch","Philosopher\u0027s Stone","Ice Cream","Paper Crane","Art of War","Orrery","Torii","Pen Nib","Red Mask"],"card_choices":[{"not_picked":["Blur","Endless Agony"],"picked":"Deadly Poison"},{"not_picked":["Eviscerate","Malaise"],"picked":"Leg Sweep"},{"not_picked":["Underhanded Strike","Acrobatics"],"picked":"Bouncing Flask"},{"not_picked":["Eviscerate","Acrobatics"],"picked":"Noxious Fumes"},{"not_picked":["Slice","Prepared"],"picked":"PiercingWail"},{"not_picked":["Outmaneuver","Finisher"],"picked":"Dash"},{"not_picked":["Tactician","Night Terror"],"picked":"Tools of the Trade"},{"not_picked":["Underhanded Strike","Sucker Punch"],"picked":"Bane"},{"not_picked":["Underhanded Strike","Acrobatics"],"picked":"Die Die Die"},{"not_picked":["Prepared","Slice"],"picked":"Skewer"},{"not_picked":["Backstab","Poisoned Stab"],"picked":"Caltrops"},{"not_picked":["Unload","Tactician"],"picked":"Burst"},{"not_picked":["Skewer","PiercingWail"],"picked":"Terror"},{"not_picked":["Accuracy","Outmaneuver"],"picked":"Backflip"},{"not_picked":["Deflect","Blur"],"picked":"Escape Plan"}],"player_experience":139301,"potions_floor_usage":[16,18,38,50,50],"damage_taken":[{"damage":3,"enemies":"Jaw Worm","floor":1,"turns":6},{"damage":0,"enemies":"Cultist","floor":2,"turns":3},{"damage":0,"enemies":"Small Slimes","floor":4,"turns":3},{"damage":0,"enemies":"Looter","floor":5,"turns":4},{"damage":7,"enemies":"3 Louse","floor":7,"turns":3},{"damage":22,"enemies":"Lagavulin","floor":10,"turns":4},{"damage":14,"enemies":"Lots of Slimes","floor":12,"turns":5},{"damage":1,"enemies":"2 Fungi Beasts","floor":14,"turns":4},{"damage":24,"enemies":"Slime Boss","floor":16,"turns":9},{"damage":17,"enemies":"2 Thieves","floor":18,"turns":5},{"damage":11,"enemies":"Book of Stabbing","floor":25,"turns":6},{"damage":0,"enemies":"Spheric Guardian","floor":28,"turns":4},{"damage":0,"enemies":"Snecko","floor":30,"turns":4},{"damage":12,"enemies":"3 Cultists","floor":31,"turns":5},{"damage":11,"enemies":"Champ","floor":33,"turns":8},{"damage":0,"enemies":"Orb Walker","floor":35,"turns":4},{"damage":0,"enemies":"3 Darklings","floor":36,"turns":4},{"damage":0,"enemies":"Maw","floor":37,"turns":6},{"damage":5,"enemies":"4 Shapes","floor":38,"turns":7},{"damage":4,"enemies":"3 Darklings","floor":41,"turns":5},{"damage":0,"enemies":"Maw","floor":46,"turns":6},{"damage":11,"enemies":"4 Shapes","floor":48,"turns":6},{"damage":41,"enemies":"Donu and Deca","floor":50,"turns":9}],"event_choices":[{"event_name":"Upgrade Shrine","player_choice":"Upgraded","floor":3,"damage_taken":0},{"event_name":"Living Wall","player_choice":"Forget","floor":13,"damage_taken":0},{"event_name":"Back to Basics","player_choice":"Simplicity","floor":19,"damage_taken":0},{"event_name":"Forgotten Altar","player_choice":"Shed Blood","floor":20,"damage_taken":0},{"event_name":"Addict","player_choice":"Ignored","floor":22,"damage_taken":0},{"event_name":"Vampires","player_choice":"Ignored","floor":24,"damage_taken":0},{"event_name":"Winding Halls","player_choice":"Embrace Madness","floor":39,"damage_taken":0},{"event_name":"Tomb of Lord Red Mask","player_choice":"Paid","floor":47,"damage_taken":0}],"boss_relics":[{"not_picked":["Black Star","Tiny House"],"picked":"Philosopher\u0027s Stone"},{"not_picked":["Runic Pyramid","Snecko Eye"],"picked":"Orrery"}],"potions_floor_spawned":[2,4,10,12,18,25,31,33,35,38,41],"seed_played":"-7965217682161871891","ascension_level":4,"is_trial":false}