{"gold_per_floor":[112,112,112,132,146,146,181,181,181,181,199,219,219],"floor_reached":13,"playtime":221,"items_purged":[],"score":170,"play_id":"da8e2932-eb70-4a33-a3c2-49258c281f3d","local_time":"20190507115808","is_ascension_mode":true,"campfire_choices":[{"data":"Predator","floor":6,"key":"SMITH"},{"floor":8,"key":"REST"},{"data":"Neutralize","floor":10,"key":"SMITH"}],"neow_cost":"NONE","seed_source_timestamp":532698391254786,"circlet_count":0,"master_deck":["AscendersBane","Defend_G","Defend_G","Defend_G","Defend_G","Defend_G","Strike_G","Strike_G","Strike_G","Strike_G","Strike_G","Survivor","Neutralize+1","Infinite Blades","Dagger Spray","Predator+1","Wraith Form v2","Backflip"],"relics":["Ring of the Snake","NeowsBlessing","Golden Idol","Blue Candle","Unceasing Top","Snake Skull"],"potions_floor_usage":[],"damage_taken":[{"damage":0,"enemies":"Jaw Worm","floor":1,"turns":1},{"damage":0,"enemies":"Small Slimes","floor":4,"turns":1},{"damage":0,"enemies":"Cultist","floor":5,"turns":1},{"damage":34,"enemies":"3 Sentries","floor":7,"turns":7},{"damage":6,"enemies":"3 Louse","floor":11,"turns":4},{"damage":8,"enemies":"Blue Slaver","floor":12,"turns":4},{"damage":13,"enemies":"Large Slime","floor":13,"turns":2}],"seed_played":"-3657769688565684563","potions_obtained":[{"floor":1,"key":"Fire Potion"},{"floor":4,"key":"Strength Potion"}],"is_trial":false,"path_per_floor":["M","?","?","M","M","R","E","R","T","R","M","M","M"],"character_chosen":"THE_SILENT","items_purchased":[],"campfire_rested":1,"item_purchase_floors":[],"current_hp_per_floor":[59,36,36,36,36,36,2,21,21,21,15,7,0],"gold":219,"neow_bonus":"THREE_ENEMY_KILL","is_prod":false,"is_daily":false,"chose_seed":false,"campfire_upgraded":2,"win_rate":0,"timestamp":1557255488,"path_taken":["M","?","?","M","M","R","E","R","T","R","M","M","?"],"build_version":"2019-04-23","purchased_purges":0,"victory":false,"max_hp_per_floor":[66,66,66,66,66,66,66,66,66,66,66,66,66],"card_choices":[{"not_picked":["Heel Hook","Finisher"],"picked":"Infinite Blades","floor":1},{"not_picked":["Deflect","Dodge and Roll"],"picked":"Dagger Spray","floor":4},{"not_picked":["Outmaneuver","Infinite Blades"],"picked":"Predator","floor":5},{"not_picked":["Deflect","Deadly Poison"],"picked":"Wraith Form v2","floor":7},{"not_picked":["Blade Dance","Caltrops"],"picked":"Backflip","floor":11},{"not_picked":["Acrobatics","Dagger Throw","Dodge and Roll"],"picked":"SKIP","floor":12}],"player_experience":1232598,"relics_obtained":[{"floor":3,"key":"Blue Candle"},{"floor":7,"key":"Unceasing Top"},{"floor":9,"key":"Snake Skull"}],"event_choices":[{"damage_healed":0,"gold_gain":0,"player_choice":"Take Damage","damage_taken":23,"relics_obtained":["Golden Idol"],"max_hp_gain":0,"max_hp_loss":0,"event_name":"Golden Idol","floor":2,"gold_loss":0},{"damage_healed":0,"gold_gain":0,"player_choice":"Relic","damage_taken":0,"max_hp_gain":0,"max_hp_loss":0,"event_name":"Wheel of Change","floor":3,"gold_loss":0}],"is_beta":true,"boss_relics":[],"items_purged_floors":[],"is_endless":false,"potions_floor_spawned":[1,4,12],"killed_by":"Large Slime","ascension_level":20}