{"gold_per_floor":[115,115,415,427,118,118,146,146,172,202,202,223,254,254,254,373,373,388,388,438,438,451,451,469,569,616,716,716,733,733,750,750,850,850,864,964,1064,1084,1084,1084,1094,1094,1166,1196,571,571,571,583,583,583],"floor_reached":50,"playtime":3533,"items_purged":["Strike_B","Strike_B"],"score":610,"play_id":"5252308c-e60a-4a45-bb18-6196f12489a7","local_time":"20190220195427","is_ascension_mode":true,"campfire_choices":[{"data":"Apotheosis","floor":6.0,"key":"SMITH"},{"data":"Genetic Algorithm","floor":8.0,"key":"SMITH"},{"floor":15.0,"key":"REST"},{"floor":23.0,"key":"REST"},{"floor":30.0,"key":"REST"},{"floor":32.0,"key":"REST"},{"data":"Creative AI","floor":40.0,"key":"SMITH"},{"data":"Chill","floor":42.0,"key":"SMITH"},{"floor":47,"key":"REST"},{"floor":49,"key":"REST"}],"neow_cost":"NONE","seed_source_timestamp":0,"circlet_count":0,"master_deck":["Defend_B","Defend_B","Defend_B","Defend_B","Zap","Dualcast+1","Self Repair","Genetic Algorithm+1","Apotheosis+1","Streamline","Sweeping Beam","Creative AI+1","Machine Learning","Reinforced Body","Conserve Battery+1","Leap+1","Chill+1","Reinforced Body","Buffer","Compile Driver+1","Streamline","Go for the Eyes+1","Dramatic Entrance","Capacitor+1"],"special_seed":0,"relics":["Cracked Core","NeowsBlessing","Old Coin","Bottled Lightning","Art of War","Smiling Mask","Bloody Idol","Juzu Bracelet","Nuclear Battery","Ginger","Bottled Flame","Bag of Marbles","Eternal Feather","Nunchaku","Shuriken","Question Card","Bronze Scales","War Paint","OrangePellets"],"potions_floor_usage":[44,50,50],"damage_taken":[{"damage":0.0,"enemies":"2 Louse","floor":1.0,"turns":1.0},{"damage":0.0,"enemies":"Cultist","floor":4.0,"turns":1.0},{"damage":0.0,"enemies":"Lagavulin","floor":7.0,"turns":1.0},{"damage":14.0,"enemies":"Gremlin Nob","floor":10.0,"turns":4.0},{"damage":0.0,"enemies":"Jaw Worm","floor":12.0,"turns":3.0},{"damage":28.0,"enemies":"Lagavulin","floor":13.0,"turns":5.0},{"damage":21.0,"enemies":"Hexaghost","floor":16.0,"turns":8.0},{"damage":21.0,"enemies":"2 Thieves","floor":18.0,"turns":4.0},{"damage":15.0,"enemies":"Chosen","floor":22.0,"turns":5.0},{"damage":11.0,"enemies":"Shelled Parasite and Fungi","floor":24.0,"turns":6.0},{"damage":22.0,"enemies":"Colosseum Slavers","floor":25.0,"turns":4.0},{"damage":60.0,"enemies":"Colosseum Nobs","floor":25.0,"turns":6.0},{"damage":15.0,"enemies":"Centurion and Healer","floor":29.0,"turns":9.0},{"damage":12.0,"enemies":"Snake Plant","floor":31.0,"turns":4.0},{"damage":60.0,"enemies":"Automaton","floor":33.0,"turns":13.0},{"damage":1.0,"enemies":"3 Darklings","floor":35.0,"turns":7.0},{"damage":0.0,"enemies":"Mind Bloom Boss Battle","floor":37.0,"turns":9.0},{"damage":1.0,"enemies":"3 Shapes","floor":38.0,"turns":5.0},{"damage":20.0,"enemies":"Transient","floor":41.0,"turns":5.0},{"damage":64,"enemies":"Giant Head","floor":44,"turns":11},{"damage":25,"enemies":"Writhing Mass","floor":48,"turns":7},{"damage":109,"enemies":"Donu and Deca","floor":50,"turns":11}],"seed_played":"-6695274086561821293","potions_obtained":[{"floor":1.0,"key":"Swift Potion"},{"floor":10.0,"key":"FairyPotion"},{"floor":13.0,"key":"GamblersBrew"},{"floor":16.0,"key":"Block Potion"},{"floor":18.0,"key":"SteroidPotion"},{"floor":25.0,"key":"PowerPotion"},{"floor":31.0,"key":"Block Potion"},{"floor":33.0,"key":"Fire Potion"},{"floor":44,"key":"FocusPotion"}],"is_trial":false,"path_per_floor":["M","?","?","M","$","R","E","R","T","E","?","M","E","?","R","B",null,"M","?","?","?","M","R","M","?","T","?","?","M","R","M","R","B",null,"M","?","?","M","?","R","M","R","T","E","$","?","R","M","R","B"],"character_chosen":"DEFECT","items_purchased":["Apotheosis","Streamline","Bronze Scales","War Paint","OrangePellets","Dramatic Entrance"],"campfire_rested":6,"item_purchase_floors":[5,5,45,45,45,45],"current_hp_per_floor":[75,80,80,80,80,80,80,80,80,76,56,56,38,31,55,44,80,69,69,69,69,69,80,80,23,28,33,33,23,47,50,74,29,80,80,80,80,80,80,80,75,80,80,31,31,31,67,57,80,0],"gold":583,"neow_bonus":"THREE_ENEMY_KILL","is_prod":false,"is_daily":false,"chose_seed":false,"campfire_upgraded":4,"win_rate":0,"timestamp":1550688867,"path_taken":["M","?","?","?","$","R","E","R","T","E","?","M","E","?","R","BOSS","M","?","?","?","M","R","M","?","T","?","?","M","R","M","R","BOSS","M","?","?","M","?","R","M","R","T","E","$","?","R","M","R","BOSS"],"build_version":"2019-01-23","purchased_purges":2,"victory":false,"max_hp_per_floor":[75,80,80,80,80,80,80,80,80,80,80,80,80,80,80,80,80,80,80,80,80,80,80,80,80,80,80,80,80,80,80,80,80,80,80,80,80,80,80,80,80,80,80,80,80,80,80,80,80,80],"card_choices":[{"not_picked":["Reinforced Body","Sweeping Beam"],"picked":"Self Repair","floor":1.0},{"not_picked":["Coolheaded","Force Field"],"picked":"Genetic Algorithm","floor":4.0},{"not_picked":["Darkness","Turbo"],"picked":"Sweeping Beam","floor":7.0},{"not_picked":["Hologram","Heatsinks","Recycle"],"picked":"SKIP","floor":10.0},{"not_picked":["Tempest","Gash","Hologram"],"picked":"SKIP","floor":12.0},{"not_picked":["Heatsinks","Sweeping Beam"],"picked":"Creative AI","floor":13.0},{"not_picked":["Rainbow","Amplify"],"picked":"Machine Learning","floor":16.0},{"not_picked":["Gash","Skim"],"picked":"Reinforced Body","floor":18.0},{"not_picked":["Static Discharge","Aggregate+1"],"picked":"Conserve Battery+1","floor":22.0},{"not_picked":["Gash+1","Beam Cell+1"],"picked":"Leap","floor":24.0},{"not_picked":["Blizzard","Hologram"],"picked":"Chill","floor":25.0},{"not_picked":["Aggregate","Melter","Gash"],"picked":"SKIP","floor":29.0},{"not_picked":["Sweeping Beam","Stack","Blizzard"],"picked":"SKIP","floor":31.0},{"not_picked":["Amplify","Multi-Cast"],"picked":"Buffer","floor":33.0},{"not_picked":["Steam Power","Gash+1","Steam+1"],"picked":"SKIP","floor":35.0},{"not_picked":["Rip and Tear","Undo"],"picked":"Compile Driver+1","floor":38.0},{"not_picked":["Lockon+1","Leap"],"picked":"Streamline","floor":41.0},{"not_picked":["Barrage","Force Field+1"],"picked":"Go for the Eyes+1","floor":44},{"not_picked":["Redo","Sweeping Beam","Self Repair"],"picked":"Capacitor+1","floor":48}],"player_experience":328691,"relics_obtained":[{"floor":3.0,"key":"Old Coin"},{"floor":7.0,"key":"Bottled Lightning"},{"floor":9.0,"key":"Art of War"},{"floor":10.0,"key":"Smiling Mask"},{"floor":13.0,"key":"Juzu Bracelet"},{"floor":25.0,"key":"Ginger"},{"floor":25.0,"key":"Bottled Flame"},{"floor":26.0,"key":"Bag of Marbles"},{"floor":37.0,"key":"Nunchaku"},{"floor":43,"key":"Shuriken"},{"floor":44,"key":"Question Card"}],"event_choices":[{"damage_healed":0.0,"max_hp_gain":5.0,"max_hp_loss":0.0,"gold_gain":0.0,"event_name":"Big Fish","player_choice":"Donut","floor":2.0,"gold_loss":0.0,"damage_taken":0.0},{"damage_healed":0.0,"max_hp_gain":0.0,"max_hp_loss":0.0,"gold_gain":0.0,"event_name":"Wheel of Change","player_choice":"Relic","floor":3.0,"gold_loss":0.0,"damage_taken":0.0},{"damage_healed":0.0,"max_hp_gain":0.0,"max_hp_loss":0.0,"gold_gain":0.0,"event_name":"Golden Idol","player_choice":"Take Damage","floor":11.0,"gold_loss":0.0,"damage_taken":20.0,"relics_obtained":["Golden Idol"]},{"cards_removed":["Strike_B"],"damage_healed":0.0,"max_hp_gain":0.0,"max_hp_loss":0.0,"gold_gain":0.0,"event_name":"Golden Wing","player_choice":"Card Removal","floor":14.0,"gold_loss":0.0,"damage_taken":7.0},{"damage_healed":0.0,"max_hp_gain":0.0,"max_hp_loss":0.0,"gold_gain":0.0,"event_name":"The Mausoleum","player_choice":"Ignored","floor":19.0,"gold_loss":0.0,"damage_taken":0.0},{"damage_healed":0.0,"max_hp_gain":0.0,"max_hp_loss":0.0,"gold_gain":100.0,"event_name":"The Joust","player_choice":"Bet on Murderer","floor":20.0,"gold_loss":50.0,"damage_taken":0.0},{"damage_healed":0.0,"max_hp_gain":0.0,"max_hp_loss":0.0,"gold_gain":0.0,"event_name":"Forgotten Altar","player_choice":"Gave Idol","floor":21.0,"relics_lost":["Golden Idol"],"gold_loss":0.0,"damage_taken":0.0,"relics_obtained":["Bloody Idol"]},{"damage_healed":0.0,"max_hp_gain":0.0,"max_hp_loss":0.0,"gold_gain":0.0,"event_name":"Colosseum","player_choice":"Fight","floor":25.0,"gold_loss":0.0,"damage_taken":0.0},{"damage_healed":0.0,"max_hp_gain":0.0,"max_hp_loss":0.0,"gold_gain":0.0,"event_name":"Colosseum","player_choice":"Fought Nobs","floor":25.0,"gold_loss":0.0,"damage_taken":0.0},{"damage_healed":0.0,"max_hp_gain":0.0,"max_hp_loss":0.0,"gold_gain":100.0,"event_name":"Golden Shrine","player_choice":"Pray","floor":27.0,"gold_loss":0.0,"damage_taken":0.0},{"damage_healed":0.0,"max_hp_gain":0.0,"max_hp_loss":0.0,"gold_gain":0.0,"event_name":"Match and Keep!","player_choice":"1 cards matched","floor":28.0,"gold_loss":0.0,"damage_taken":0.0,"cards_obtained":["Reinforced Body"]},{"damage_healed":0.0,"max_hp_gain":0.0,"max_hp_loss":0.0,"gold_gain":100.0,"event_name":"Golden Shrine","player_choice":"Pray","floor":36.0,"gold_loss":0.0,"damage_taken":0.0},{"damage_healed":0.0,"max_hp_gain":0.0,"max_hp_loss":0.0,"gold_gain":0.0,"event_name":"MindBloom","player_choice":"Fight","floor":37.0,"gold_loss":0.0,"damage_taken":0.0},{"cards_removed":["Strike_B"],"damage_healed":0.0,"max_hp_gain":0.0,"max_hp_loss":0.0,"gold_gain":0.0,"event_name":"Bonfire Elementals","player_choice":"Offered Basic","floor":39.0,"gold_loss":0.0,"damage_taken":0.0},{"damage_healed":0,"gold_gain":0,"player_choice":"Ignored","damage_taken":0,"max_hp_gain":0,"max_hp_loss":0,"event_name":"The Moai Head","floor":46,"gold_loss":0}],"is_beta":false,"boss_relics":[{"not_picked":["Orrery","Runic Dome"],"picked":"Nuclear Battery"},{"not_picked":["Astrolabe","Empty Cage"],"picked":"Eternal Feather"}],"items_purged_floors":[5,45],"is_endless":false,"potions_floor_spawned":[1,10,13,16,18,25,25,31,33,35,41,44],"killed_by":"Donu and Deca","ascension_level":2}