{"gold_per_floor":[119,137,137,137,62,90,107,107,107,127,127,156,156,156,156,229,229,241,257,257,271,282,282,282,282],"floor_reached":25,"playtime":865,"items_purged":["Strike_R"],"score":425,"play_id":"45e1cd60-db37-4438-90e4-70a0969ddca0","local_time":"20190407172714","is_ascension_mode":true,"campfire_choices":[{"data":"Armaments","floor":8,"key":"SMITH"},{"data":"Bash","floor":11,"key":"SMITH"},{"data":"Body Slam","floor":13,"key":"SMITH"},{"data":"Shrug It Off","floor":15,"key":"SMITH"},{"floor":23,"key":"REST"}],"neow_cost":"NONE","seed_source_timestamp":17742330271206,"circlet_count":0,"master_deck":["AscendersBane","Strike_R","Strike_R","Defend_R","Defend_R","Defend_R","Defend_R","Bash+1","Cleave","Shrug It Off+1","Armaments+1","Shrug It Off","Body Slam+1","Barricade","Shrug It Off","Flame Barrier","Seeing Red","Juggernaut"],"relics":["Burning Blood","NeowsBlessing","Question Card","Blue Candle","Letter Opener","Sozu","Charon\u0027s Ashes"],"potions_floor_usage":[16,25],"damage_taken":[{"damage":0,"enemies":"Jaw Worm","floor":1,"turns":1},{"damage":0,"enemies":"2 Louse","floor":2,"turns":1},{"damage":0,"enemies":"3 Sentries","floor":6,"turns":1},{"damage":1,"enemies":"Small Slimes","floor":7,"turns":4},{"damage":3,"enemies":"2 Fungi Beasts","floor":10,"turns":4},{"damage":40,"enemies":"Lagavulin","floor":12,"turns":7},{"damage":12,"enemies":"The Guardian","floor":16,"turns":15},{"damage":0,"enemies":"Spheric Guardian","floor":18,"turns":5},{"damage":12,"enemies":"Shell Parasite","floor":19,"turns":5},{"damage":27,"enemies":"Centurion and Healer","floor":21,"turns":7},{"damage":37,"enemies":"3 Cultists","floor":22,"turns":7},{"damage":38,"enemies":"Book of Stabbing","floor":25,"turns":6}],"seed_played":"1837179550104672498","potions_obtained":[{"floor":6,"key":"Weak Potion"},{"floor":10,"key":"Block Potion"},{"floor":16,"key":"SpeedPotion"}],"is_trial":false,"path_per_floor":["M","M","?","?","$","E","M","R","T","M","R","E","R","?","R","B",null,"M","M","?","M","M","R","T","E"],"character_chosen":"IRONCLAD","items_purchased":[],"campfire_rested":1,"item_purchase_floors":[],"current_hp_per_floor":[74,75,75,75,75,75,75,75,75,75,75,41,41,41,41,35,65,71,65,65,44,13,35,35,0],"gold":282,"neow_bonus":"THREE_ENEMY_KILL","is_prod":false,"is_daily":false,"chose_seed":false,"campfire_upgraded":4,"win_rate":0,"timestamp":1554650834,"path_taken":["M","M","?","?","$","E","M","R","T","M","R","E","R","?","R","BOSS","M","M","?","M","?","R","?","E"],"build_version":"2019-01-23","purchased_purges":1,"victory":false,"max_hp_per_floor":[75,75,75,75,75,75,75,75,75,75,75,75,75,75,75,75,75,75,75,75,75,75,75,75,75],"card_choices":[{"not_picked":["Armaments","Thunderclap"],"picked":"Cleave","floor":1},{"not_picked":["Burning Pact","Flex","Iron Wave"],"picked":"SKIP","floor":2},{"not_picked":["Clothesline","Corruption"],"picked":"Shrug It Off","floor":6},{"not_picked":["Body Slam","Juggernaut","Blood for Blood"],"picked":"Armaments","floor":7},{"not_picked":["Wild Strike","Reckless Charge","Rage"],"picked":"Shrug It Off","floor":10},{"not_picked":["Cleave","Sword Boomerang","Entrench"],"picked":"Body Slam","floor":12},{"not_picked":["Exhume","Offering","Dark Embrace"],"picked":"Barricade","floor":16},{"not_picked":["Feel No Pain","Warcry","Sever Soul"],"picked":"Shrug It Off","floor":18},{"not_picked":["Sentinel","Wild Strike","Clothesline"],"picked":"Flame Barrier","floor":19},{"not_picked":["Flex","Combust","Clash","Headbutt"],"picked":"SKIP","floor":21},{"not_picked":["Reckless Charge","Twin Strike","Iron Wave"],"picked":"Juggernaut","floor":22}],"player_experience":476884,"relics_obtained":[{"floor":6,"key":"Question Card"},{"floor":9,"key":"Blue Candle"},{"floor":12,"key":"Letter Opener"},{"floor":24,"key":"Charon\u0027s Ashes"}],"event_choices":[{"cards_removed":["Strike_R"],"damage_healed":0,"gold_gain":0,"player_choice":"Forget","damage_taken":0,"max_hp_gain":0,"max_hp_loss":0,"event_name":"Living Wall","floor":3,"gold_loss":0},{"damage_healed":0,"gold_gain":0,"player_choice":"Ignored","damage_taken":0,"max_hp_gain":0,"max_hp_loss":0,"event_name":"Liars Game","floor":4,"gold_loss":0},{"damage_healed":0,"gold_gain":0,"player_choice":"Ignored","damage_taken":0,"max_hp_gain":0,"max_hp_loss":0,"event_name":"Golden Idol","floor":14,"gold_loss":0},{"damage_healed":0,"gold_gain":0,"cards_transformed":["Strike_R"],"player_choice":"Transformed","damage_taken":0,"max_hp_gain":0,"max_hp_loss":0,"event_name":"Transmorgrifier","floor":20,"gold_loss":0,"cards_obtained":["Seeing Red"]}],"is_beta":false,"boss_relics":[{"not_picked":["White Beast Statue","Busted Crown"],"picked":"Sozu"}],"items_purged_floors":[5],"is_endless":false,"potions_floor_spawned":[6,10,16,18],"killed_by":"Book of Stabbing","ascension_level":16}