{"gold_per_floor":[111,111,111,127,127,127,160,160,160,160,179,51,1,14,14,89,89,104,0,19,19,30,30,60,60,87,116,116,66,86,106,106,183,183,198,215,165,184,201,201,218,218,265,280,280,295,295,324,324,324,324],"floor_reached":51,"playtime":2083,"items_purged":["Pain","Strike_G","Strike_G","Terror"],"score":1534,"play_id":"4b139917-e5a8-4751-8f11-c900b3a9f341","local_time":"20190506142953","is_ascension_mode":true,"campfire_choices":[{"data":"Deadly Poison","floor":6.0,"key":"SMITH"},{"data":"Noxious Fumes","floor":8.0,"key":"SMITH"},{"data":"Neutralize","floor":10.0,"key":"SMITH"},{"data":"Footwork","floor":15.0,"key":"SMITH"},{"floor":23.0,"key":"REST"},{"floor":28.0,"key":"REST"},{"floor":32,"key":"REST"},{"floor":40,"key":"RECALL"},{"floor":42,"key":"REST"},{"data":"Crippling Poison","floor":45,"key":"SMITH"},{"data":"Corpse Explosion","floor":47,"key":"SMITH"},{"data":"Skewer","floor":49,"key":"SMITH"}],"neow_cost":"NONE","seed_source_timestamp":453458195469750,"circlet_count":0,"master_deck":["AscendersBane","Defend_G","Defend_G+1","Defend_G","Defend_G","Defend_G+1","Strike_G+1","Survivor","Neutralize+1","Deadly Poison+1","Dagger Spray+1","Noxious Fumes+1","Cloak And Dagger","Footwork+1","Dodge and Roll","Crippling Poison+1","PiercingWail","Dodge and Roll","Deflect","Adrenaline","After Image","Escape Plan","Backflip","Corpse Explosion+1","Cloak And Dagger+1","Skewer+1"],"special_seed":0,"relics":["Ring of the Snake","NeowsBlessing","WarpedTongs","Whetstone","Smiling Mask","Runic Pyramid","Ice Cream","Snake Skull","Gremlin Horn","Philosopher\u0027s Stone","Dead Branch"],"potions_floor_usage":[44,50],"damage_taken":[{"damage":0.0,"enemies":"Jaw Worm","floor":1.0,"turns":1.0},{"damage":1.0,"enemies":"Small Slimes","floor":4.0,"turns":1.0},{"damage":1.0,"enemies":"3 Sentries","floor":7.0,"turns":1.0},{"damage":4.0,"enemies":"Cultist","floor":11.0,"turns":3.0},{"damage":0.0,"enemies":"Blue Slaver","floor":14.0,"turns":4.0},{"damage":32.0,"enemies":"Slime Boss","floor":16.0,"turns":9.0},{"damage":12.0,"enemies":"3 Byrds","floor":18.0,"turns":5.0},{"damage":3.0,"enemies":"Chosen","floor":20.0,"turns":6.0},{"damage":18.0,"enemies":"3 Cultists","floor":22.0,"turns":5.0},{"damage":21.0,"enemies":"Slavers","floor":24.0,"turns":6.0},{"damage":0.0,"enemies":"Book of Stabbing","floor":27.0,"turns":7.0},{"damage":8.0,"enemies":"Centurion and Healer","floor":30.0,"turns":8.0},{"damage":6,"enemies":"Cultist and Chosen","floor":31,"turns":8},{"damage":5,"enemies":"Champ","floor":33,"turns":16},{"damage":1,"enemies":"3 Shapes","floor":35,"turns":6},{"damage":0,"enemies":"Orb Walker","floor":36,"turns":5},{"damage":0,"enemies":"4 Shapes","floor":38,"turns":7},{"damage":17,"enemies":"Jaw Worm Horde","floor":39,"turns":5},{"damage":3,"enemies":"Writhing Mass","floor":41,"turns":8},{"damage":0,"enemies":"4 Shapes","floor":44,"turns":4},{"damage":0,"enemies":"Maw","floor":46,"turns":8},{"damage":0,"enemies":"Giant Head","floor":48,"turns":9},{"damage":22,"enemies":"Donu and Deca","floor":50,"turns":10},{"damage":50,"enemies":"Time Eater","floor":51,"turns":8}],"seed_played":"3230729696632653581","potions_obtained":[{"floor":7.0,"key":"SkillPotion"},{"floor":14.0,"key":"Swift Potion"},{"floor":16.0,"key":"Swift Potion"},{"floor":22.0,"key":"SteroidPotion"},{"floor":24.0,"key":"Energy Potion"},{"floor":30.0,"key":"Swift Potion"},{"floor":38,"key":"GhostInAJar"},{"floor":44,"key":"EssenceOfSteel"}],"is_trial":false,"path_per_floor":["M","?","?","M","?","R","E","R","T","R","M","$","$","M","R","B",null,"M","?","M","?","M","R","E","?","T","E","R","$","M","M","R","B",null,"M","M","$","M","M","R","M","R","T","M","R","M","R","E","R","B","B"],"character_chosen":"THE_SILENT","items_purchased":["Footwork"],"campfire_rested":4,"item_purchase_floors":[12],"current_hp_per_floor":[59,59,59,58,38,38,37,37,37,37,33,33,33,33,33,1,50,38,38,35,35,17,36,15,15,15,15,34,34,26,20,39,34,58,57,57,57,57,40,40,37,56,56,56,56,56,56,56,56,34,0],"gold":324,"neow_bonus":"THREE_ENEMY_KILL","is_prod":false,"is_daily":false,"chose_seed":false,"campfire_upgraded":7,"win_rate":0,"timestamp":1557178193,"path_taken":["M","?","?","?","?","R","E","R","T","R","M","?","$","M","R","BOSS","M","?","M","?","?","R","E","?","T","E","R","?","M","M","R","BOSS","M","M","$","?","M","R","M","R","T","M","R","M","R","E","R","BOSS","BOSS"],"build_version":"2019-04-23","purchased_purges":4,"victory":false,"max_hp_per_floor":[66,66,66,66,66,66,66,66,66,66,66,66,66,66,66,66,66,66,66,66,66,66,66,66,66,66,66,66,66,66,66,66,66,66,66,66,66,66,66,66,66,66,66,66,66,66,66,66,66,66,66],"card_choices":[{"not_picked":["Quick Slash","Dodge and Roll"],"picked":"Deadly Poison","floor":1.0},{"not_picked":["Flying Knee","Escape Plan"],"picked":"Dagger Spray","floor":4.0},{"not_picked":["All Out Attack","PiercingWail"],"picked":"Noxious Fumes","floor":7.0},{"not_picked":["Underhanded Strike","Dagger Throw"],"picked":"Cloak And Dagger","floor":11.0},{"not_picked":["Dagger Throw","Poisoned Stab"],"picked":"Terror","floor":14.0},{"not_picked":["All Out Attack","Outmaneuver+1"],"picked":"Dodge and Roll","floor":18.0},{"not_picked":["Bane","Infinite Blades+1"],"picked":"Crippling Poison","floor":20.0},{"not_picked":["Underhanded Strike","Dodge and Roll"],"picked":"PiercingWail","floor":22.0},{"not_picked":["Venomology","Deadly Poison","Acrobatics"],"picked":"SKIP","floor":24.0},{"not_picked":["PiercingWail","Infinite Blades"],"picked":"Dodge and Roll","floor":27.0},{"not_picked":["Crippling Poison","Prepared"],"picked":"Deflect","floor":30.0},{"not_picked":["Cloak And Dagger","Underhanded Strike"],"picked":"Adrenaline","floor":31},{"not_picked":["Adrenaline","Wraith Form v2"],"picked":"After Image","floor":33},{"not_picked":["Sucker Punch","Slice"],"picked":"Escape Plan","floor":35},{"not_picked":["Deflect","Dodge and Roll","Terror"],"picked":"SKIP","floor":36},{"not_picked":["Underhanded Strike","Deadly Poison+1"],"picked":"Backflip","floor":38},{"not_picked":["Outmaneuver","Blade Dance","Poisoned Stab"],"picked":"SKIP","floor":39},{"not_picked":["Dagger Throw","Slice"],"picked":"Corpse Explosion","floor":41},{"not_picked":["PiercingWail","Underhanded Strike"],"picked":"Cloak And Dagger+1","floor":44},{"not_picked":["Blade Dance+1","Slice","Dagger Throw+1"],"picked":"SKIP","floor":46},{"not_picked":["Underhanded Strike","Poisoned Stab"],"picked":"Skewer","floor":48}],"player_experience":1227709,"relics_obtained":[{"floor":7.0,"key":"Whetstone"},{"floor":9.0,"key":"Smiling Mask"},{"floor":24.0,"key":"Ice Cream"},{"floor":26.0,"key":"Snake Skull"},{"floor":27.0,"key":"Gremlin Horn"},{"floor":48,"key":"Dead Branch"}],"event_choices":[{"cards_removed":["Strike_G"],"damage_healed":0.0,"max_hp_gain":0.0,"max_hp_loss":0.0,"gold_gain":0.0,"event_name":"Living Wall","player_choice":"Forget","floor":2.0,"gold_loss":0.0,"damage_taken":0.0},{"damage_healed":0.0,"max_hp_gain":0.0,"max_hp_loss":0.0,"gold_gain":0.0,"event_name":"Accursed Blacksmith","player_choice":"Rummage","floor":3.0,"gold_loss":0.0,"damage_taken":0.0,"relics_obtained":["WarpedTongs"],"cards_obtained":["Pain"]},{"damage_healed":0.0,"max_hp_gain":0.0,"max_hp_loss":0.0,"gold_gain":0.0,"event_name":"Shining Light","player_choice":"Entered Light","floor":5.0,"gold_loss":0.0,"damage_taken":20.0,"cards_upgraded":["Defend_G","Defend_G"]},{"damage_healed":0.0,"max_hp_gain":0.0,"max_hp_loss":0.0,"gold_gain":0.0,"event_name":"Masked Bandits","player_choice":"Paid Fearfully","floor":19.0,"gold_loss":104.0,"damage_taken":0.0},{"cards_removed":["Strike_G"],"damage_healed":0.0,"max_hp_gain":0.0,"max_hp_loss":0.0,"gold_gain":0.0,"event_name":"Purifier","player_choice":"Purged","floor":21.0,"gold_loss":0.0,"damage_taken":0.0},{"damage_healed":0.0,"max_hp_gain":0.0,"max_hp_loss":0.0,"gold_gain":0.0,"event_name":"Cursed Tome","player_choice":"Ignored","floor":25.0,"gold_loss":0.0,"damage_taken":0.0}],"is_beta":true,"boss_relics":[{"not_picked":["Lizard Tail","Black Star"],"picked":"Runic Pyramid"},{"not_picked":["WristBlade","Snecko Eye"],"picked":"Philosopher\u0027s Stone"}],"items_purged_floors":[12,13,29,37],"is_endless":false,"potions_floor_spawned":[7,14,16,22,24,30,38,39,44],"killed_by":"Time Eater","ascension_level":20}