{"gold_per_floor":[214,229,229,35,55,82,97,97,97,97,97,117,147,16,16,88,88,107,107,120,135,50,50,62,62,89,108,108,125,125,175,175,246,246,262,262,276,276],"floor_reached":38,"playtime":2412,"items_purged":["Strike_B"],"score":753,"play_id":"f9d381e2-673d-4690-b931-452f6f9545f2","local_time":"20190512155923","is_ascension_mode":true,"campfire_choices":[{"data":"Zap","floor":8.0,"key":"SMITH"},{"floor":11.0,"key":"REST"},{"floor":15.0,"key":"REST"},{"floor":23,"key":"REST"},{"data":"Leap","floor":25,"key":"SMITH"},{"data":"Doom and Gloom","floor":28,"key":"SMITH"},{"floor":30,"key":"REST"},{"data":"Sweeping Beam","floor":32,"key":"SMITH"}],"neow_cost":"NONE","seed_source_timestamp":2658022765061902,"circlet_count":0,"master_deck":["AscendersBane","Strike_B","Defend_B","Defend_B","Defend_B","Defend_B","Zap+1","Dualcast","Auto Shields","Ball Lightning","Streamline","Undo","Gash","Steam","Glacier","Leap+1","Creative AI","Sweeping Beam+1","Doom and Gloom+1","Buffer","Conserve Battery","Streamline"],"special_seed":0,"relics":["Cracked Core","Juzu Bracelet","StoneCalendar","Dead Branch","Turnip","Snecko Eye","Happy Flower","Strawberry","Philosopher\u0027s Stone"],"potions_floor_usage":[33,38],"damage_taken":[{"damage":1.0,"enemies":"Cultist","floor":1.0,"turns":3.0},{"damage":0.0,"enemies":"Small Slimes","floor":2.0,"turns":4.0},{"damage":2.0,"enemies":"Jaw Worm","floor":5.0,"turns":3.0},{"damage":29.0,"enemies":"Lagavulin","floor":6.0,"turns":4.0},{"damage":0.0,"enemies":"2 Fungi Beasts","floor":7.0,"turns":3.0},{"damage":0.0,"enemies":"Red Slaver","floor":12.0,"turns":3.0},{"damage":20.0,"enemies":"3 Sentries","floor":13.0,"turns":6.0},{"damage":20.0,"enemies":"The Guardian","floor":16.0,"turns":13.0},{"damage":17,"enemies":"3 Byrds","floor":18,"turns":7},{"damage":2,"enemies":"Shell Parasite","floor":20,"turns":8},{"damage":2,"enemies":"Sentry and Sphere","floor":21,"turns":6},{"damage":8,"enemies":"Centurion and Healer","floor":24,"turns":7},{"damage":3,"enemies":"3 Cultists","floor":27,"turns":5},{"damage":1,"enemies":"Sentry and Sphere","floor":29,"turns":7},{"damage":76,"enemies":"Automaton","floor":33,"turns":12},{"damage":28,"enemies":"Orb Walker","floor":35,"turns":6},{"damage":16,"enemies":"3 Shapes","floor":37,"turns":7},{"damage":26,"enemies":"Jaw Worm Horde","floor":38,"turns":1}],"seed_played":"4127106971428682897","potions_obtained":[{"floor":1.0,"key":"SkillPotion"},{"floor":2.0,"key":"PowerPotion"},{"floor":13.0,"key":"EntropicBrew"},{"floor":18,"key":"Explosive Potion"},{"floor":19,"key":"Strength Potion"},{"floor":33,"key":"Energy Potion"}],"is_trial":false,"path_per_floor":["M","M","?","$","M","E","M","R","T","?","R","M","E","$","R","B",null,"M","?","M","M","?","R","M","R","T","M","R","M","R","?","R","B",null,"M","?","M","M"],"character_chosen":"DEFECT","items_purchased":["Ball Lightning","Juzu Bracelet","Leap"],"campfire_rested":4,"item_purchase_floors":[4,4,14],"current_hp_per_floor":[63,63,56,56,54,25,25,25,25,25,46,46,26,26,47,27,60,43,43,41,39,39,60,52,52,59,56,56,55,78,78,78,2,59,31,31,15,0],"gold":276,"neow_bonus":"HUNDRED_GOLD","is_prod":false,"is_daily":false,"chose_seed":false,"campfire_upgraded":4,"win_rate":0,"timestamp":1557669563,"path_taken":["M","M","?","$","M","E","M","R","T","?","R","M","E","?","R","BOSS","M","?","M","M","?","R","M","R","T","M","R","M","R","?","R","BOSS","M","?","M","M"],"build_version":"2019-01-23","purchased_purges":1,"victory":false,"max_hp_per_floor":[71,71,71,71,71,71,71,71,71,71,71,71,71,71,71,71,71,71,71,71,71,71,71,71,71,78,78,78,78,78,78,78,78,78,78,74,74,74],"card_choices":[{"not_picked":["Static Discharge","Barrage"],"picked":"Auto Shields","floor":1.0},{"not_picked":["Barrage","Recycle","Steam"],"picked":"SKIP","floor":2.0},{"not_picked":["Rebound","Chill"],"picked":"Streamline","floor":5.0},{"not_picked":["Go for the Eyes","Turbo"],"picked":"Undo","floor":6.0},{"not_picked":["All For One","Rebound"],"picked":"Gash","floor":7.0},{"not_picked":["Ball Lightning","Redo"],"picked":"Steam","floor":12.0},{"not_picked":["Ball Lightning","Melter"],"picked":"Glacier","floor":13.0},{"not_picked":["Multi-Cast","Seek"],"picked":"Creative AI","floor":16.0},{"not_picked":["Streamline","Melter+1"],"picked":"Sweeping Beam","floor":18},{"not_picked":["Gash","Doom and Gloom","Coolheaded"],"picked":"SKIP","floor":20},{"not_picked":["Gash","Coolheaded"],"picked":"Doom and Gloom","floor":20},{"not_picked":["Beam Cell+1","Steam Power","Loop"],"picked":"SKIP","floor":21},{"not_picked":["Compile Driver","Turbo+1","Blizzard"],"picked":"SKIP","floor":24},{"not_picked":["BootSequence","Sunder","Auto Shields"],"picked":"SKIP","floor":27},{"not_picked":["Conserve Battery","Turbo","Hyperbeam"],"picked":"SKIP","floor":29},{"not_picked":["Thunder Strike","Amplify"],"picked":"Buffer","floor":33},{"not_picked":["Turbo","Rebound+1"],"picked":"Conserve Battery","floor":35},{"not_picked":["Barrage","Beam Cell+1"],"picked":"Streamline","floor":37}],"player_experience":565294,"relics_obtained":[{"floor":6.0,"key":"StoneCalendar"},{"floor":9.0,"key":"Dead Branch"},{"floor":13.0,"key":"Turnip"},{"floor":26,"key":"Strawberry"}],"event_choices":[{"cards_removed":["Strike_B"],"damage_healed":0.0,"max_hp_gain":0.0,"max_hp_loss":0.0,"gold_gain":0.0,"event_name":"Golden Wing","player_choice":"Card Removal","floor":3.0,"gold_loss":0.0,"damage_taken":7.0},{"cards_removed":["Strike_B"],"damage_healed":0.0,"max_hp_gain":0.0,"max_hp_loss":0.0,"gold_gain":0.0,"event_name":"Living Wall","player_choice":"Forget","floor":10.0,"gold_loss":0.0,"damage_taken":0.0},{"damage_healed":0,"gold_gain":0,"player_choice":"Got Potions","damage_taken":0,"max_hp_gain":0,"max_hp_loss":0,"event_name":"Lab","floor":19,"gold_loss":0},{"damage_healed":0,"gold_gain":0,"player_choice":"Obtained Relic","damage_taken":0,"relics_obtained":["Happy Flower"],"max_hp_gain":0,"max_hp_loss":0,"event_name":"Addict","floor":22,"gold_loss":85},{"damage_healed":0,"gold_gain":100,"player_choice":"Bet on Murderer","damage_taken":0,"max_hp_gain":0,"max_hp_loss":0,"event_name":"The Joust","floor":31,"gold_loss":50},{"damage_healed":0,"gold_gain":0,"player_choice":"Max HP","damage_taken":0,"max_hp_gain":0,"max_hp_loss":4,"event_name":"Winding Halls","floor":36,"gold_loss":0}],"is_beta":false,"boss_relics":[{"not_picked":["Orrery","Nuclear Battery"],"picked":"Snecko Eye"},{"not_picked":["Inserter","Astrolabe"],"picked":"Philosopher\u0027s Stone"}],"items_purged_floors":[14],"is_endless":false,"potions_floor_spawned":[1,2,13,16,18,24,33,37],"killed_by":"Jaw Worm Horde","ascension_level":19}