{"path_per_floor":["M","M","M","$","M","M","E","R","T","R","$","M","M","M","R","B",null,"M","?","?","$","M","R","E","R","T","M","$","M","R","M","R","B",null,"M","$","?","M","?","R","M","R","T","M","M","$","M","M","R","B"],"character_chosen":"THE_SILENT","items_purchased":["Infinite Blades","Caltrops","Ornamental Fan","Bronze Scales","Accuracy","Dexterity Potion","Dexterity Potion"],"gold_per_floor":[114,126,141,66,84,103,134,134,134,134,0,18,28,42,42,143,143,160,160,160,87,105,105,140,140,440,451,36,51,51,67,67,163,163,183,65,165,176,176,176,192,192,237,256,268,93,113,128,128,128],"floor_reached":51,"campfire_rested":2,"playtime":5208,"current_hp_per_floor":[60,60,58,58,58,47,49,49,49,49,49,49,49,46,46,40,63,48,48,48,48,42,42,17,46,46,49,49,49,49,47,47,14,40,46,46,46,49,49,49,40,40,40,46,44,44,25,35,49,49],"items_purged":["Strike_G","Strike_G","Cloak And Dagger"],"gold":128,"score":760,"play_id":"97bec094-49e5-42a1-9518-def502a63396","is_prod":false,"is_daily":false,"is_ascension_mode":true,"campfire_upgraded":8,"path_taken":["M","M","?","$","?","M","E","R","T","R","?","M","M","M","R","BOSS","M","?","?","$","M","R","E","R","T","M","?","M","R","M","R","BOSS","M","$","?","M","?","R","M","R","T","M","M","?","?","M","R","BOSS"],"build_version":"2018-02-22-PROD2","purchased_purges":4,"victory":true,"master_deck":["Defend_G+1","Defend_G+1","Defend_G+1","Defend_G+1","Defend_G+1","Survivor","Neutralize+1","Blur+1","Sucker Punch+1","Infinite Blades","After Image+1","Infinite Blades","Well Laid Plans","Quick Slash","Heel Hook","Caltrops+1","Dash","Backflip+1","Backstab+1","Bite","Bite","Bite","Bite","Caltrops","Adrenaline","Footwork+1","Cloak And Dagger+1","Dodge and Roll+1","Burst","Accuracy+1","Accuracy","Quick Slash+1","Crippling Poison+1","Backflip"],"max_hp_per_floor":[70,70,70,70,70,70,70,70,70,70,70,70,70,70,70,70,70,70,49,49,49,49,49,49,49,49,49,49,49,49,49,49,49,49,49,49,49,49,49,49,49,49,49,49,49,49,49,49,49,49],"relics":["Ring of the Snake","Lantern","Regal Pillow","Ice Cream","Orrery","Bag of Preparation","Old Coin","Ornamental Fan","Bronze Scales","Velvet Choker","Vajra"],"card_choices":[{"not_picked":["Reflex","PiercingWail"],"picked":"Blur"},{"not_picked":["Poisoned Stab","Tools of the Trade"],"picked":"Sucker Punch"},{"not_picked":["Poisoned Stab","PiercingWail"],"picked":"Infinite Blades"},{"not_picked":["Flying Knee","Riddle With Holes"],"picked":"Cloak And Dagger"},{"not_picked":["Dodge and Roll","Riddle With Holes"],"picked":"After Image"},{"not_picked":["Flechettes","Endless Agony"],"picked":"Well Laid Plans"},{"not_picked":["Predator","Backflip"],"picked":"Quick Slash"},{"not_picked":["Riddle With Holes","Bouncing Flask"],"picked":"Heel Hook"},{"not_picked":["Cloak And Dagger","Bane"],"picked":"Caltrops"},{"not_picked":["Calculated Gamble","Dagger Spray"],"picked":"Dash"},{"not_picked":["Dash","Flying Knee"],"picked":"Backflip"},{"not_picked":["Bouncing Flask","Dagger Throw"],"picked":"Backstab"},{"not_picked":["Bouncing Flask","All Out Attack"],"picked":"Adrenaline"},{"not_picked":["Endless Agony","Flechettes"],"picked":"Footwork"},{"not_picked":["Backstab","Backflip"],"picked":"Cloak And Dagger"},{"not_picked":["Well Laid Plans","Backflip"],"picked":"Dodge and Roll"},{"not_picked":["A Thousand Cuts","Tactician"],"picked":"Burst"},{"not_picked":["Flechettes","Backflip"],"picked":"Accuracy"},{"not_picked":["Poisoned Stab","Slice"],"picked":"Quick Slash"},{"not_picked":["Concentrate","Quick Slash"],"picked":"Crippling Poison"},{"not_picked":["Dagger Spray","Crippling Poison"],"picked":"Backflip"}],"player_experience":171705,"potions_floor_usage":[7,16,24,29,31,33,38,44,50,50,50],"damage_taken":[{"damage":3,"enemies":"Cultist","floor":1,"turns":5},{"damage":0,"enemies":"2 Louse","floor":2,"turns":4},{"damage":2,"enemies":"Jaw Worm","floor":3,"turns":4},{"damage":0,"enemies":"Red Slaver","floor":5,"turns":6},{"damage":11,"enemies":"Large Slime","floor":6,"turns":9},{"damage":13,"enemies":"3 Sentries","floor":7,"turns":9},{"damage":0,"enemies":"Blue Slaver","floor":12,"turns":4},{"damage":0,"enemies":"2 Fungi Beasts","floor":13,"turns":4},{"damage":3,"enemies":"Exordium Wildlife","floor":14,"turns":6},{"damage":6,"enemies":"Hexaghost","floor":16,"turns":10},{"damage":15,"enemies":"Spheric Guardian","floor":18,"turns":7},{"damage":9,"enemies":"Shell Parasite","floor":22,"turns":7},{"damage":35,"enemies":"Slavers","floor":24,"turns":9},{"damage":1,"enemies":"3 Cultists","floor":27,"turns":9},{"damage":0,"enemies":"Cultist and Chosen","floor":29,"turns":7},{"damage":4,"enemies":"Chosen and Byrds","floor":31,"turns":7},{"damage":57,"enemies":"Automaton","floor":33,"turns":15},{"damage":0,"enemies":"Orb Walker","floor":35,"turns":4},{"damage":7,"enemies":"3 Shapes","floor":38,"turns":8},{"damage":13,"enemies":"Sphere and 2 Shapes","floor":41,"turns":7},{"damage":0,"enemies":"4 Shapes","floor":44,"turns":7},{"damage":9,"enemies":"Maw","floor":45,"turns":8},{"damage":21,"enemies":"Sphere and 2 Shapes","floor":47,"turns":7},{"damage":4,"enemies":"4 Shapes","floor":48,"turns":9},{"damage":0,"enemies":"Donu and Deca","floor":50,"turns":13}],"event_choices":[{"event_name":"Vampires","player_choice":"Became a vampire","floor":19,"damage_taken":0},{"event_name":"Back to Basics","player_choice":"Simplicity","floor":20,"damage_taken":0},{"event_name":"Golden Shrine","player_choice":"Pray","floor":37,"damage_taken":0}],"boss_relics":[{"not_picked":["Question Card","Runic Pyramid"],"picked":"Orrery"},{"not_picked":["Lizard Tail","Eternal Feather"],"picked":"Velvet Choker"}],"potions_floor_spawned":[1,5,6,12,22,24,29,31,35,44,45,47,48],"seed_played":"4743759843562574926","ascension_level":7,"is_trial":false}