{"path_per_floor":["M","?","?","?","?","M","R","E","T","M","M","M","T","M","R","B",null,"M","$","M","$","?","E","M","?","T","?","R","M","E","?","R","B",null,"M","?","?","T","M","R","M","R","T","M","R","?","?","$","R"],"character_chosen":"IRONCLAD","items_purchased":["Apotheosis","Infernal Blade"],"gold_per_floor":[118,218,218,168,168,187,187,223,223,239,252,271,322,345,345,465,465,484,203,197,97,97,140,158,158,183,108,108,121,152,152,152,252,252,265,0,0,0,16,16,33,33,79,98,98,98,98,61,61],"floor_reached":50,"campfire_rested":1,"playtime":3536,"current_hp_per_floor":[76,76,56,56,56,61,61,29,29,35,33,39,39,38,38,10,80,78,78,61,61,61,59,60,60,60,60,80,74,56,56,56,26,56,56,56,56,56,56,56,56,56,63,63,63,63,63,63,63],"items_purged":["Strike_R","Strike_R"],"gold":61,"score":497,"play_id":"ddddd535-5131-427c-b313-37c92e100344","is_prod":false,"is_daily":false,"is_ascension_mode":true,"campfire_upgraded":7,"path_taken":["M","?","?","?","?","M","R","E","T","M","M","M","?","M","R","BOSS","M","$","M","$","?","E","M","?","T","?","R","M","E","?","R","BOSS","M","?","?","?","M","R","M","R","T","M","R","?","?","$","R","BOSS"],"build_version":"2018-02-08-PROD1","purchased_purges":2,"victory":false,"master_deck":["Defend_R","Defend_R","Defend_R","Defend_R","Bash","Heavy Blade","Metallicize+1","Disarm","Demon Form+1","Clash","Apotheosis+1","Fire Breathing","Metallicize+1","Metallicize+1","Bite","Bite","Bite","Bite","Bite","Impervious","Clumsy","Parasite","Intimidate","Infernal Blade+1"],"max_hp_per_floor":[80,80,80,80,80,80,80,80,80,80,80,80,80,80,80,80,80,80,80,80,80,80,80,80,80,80,80,80,80,80,56,56,56,56,56,56,56,56,56,56,56,56,63,63,63,63,63,63,63],"relics":["Burning Blood","Ancient Tea Set","Calipers","Juzu Bracelet","Velvet Choker","Sundial","Nloth\u0027s Gift","Vajra","Frozen Eye","Cursed Key","Red Mask","Unceasing Top","Strawberry"],"card_choices":[{"not_picked":["Perfected Strike","Rupture"],"picked":"Heavy Blade"},{"not_picked":["Dual Wield","Armaments"],"picked":"Clash"},{"not_picked":["Dropkick","Clothesline"],"picked":"Metallicize"},{"not_picked":["Wild Strike","Thunderclap"],"picked":"Disarm"},{"not_picked":["Offering","Dark Embrace"],"picked":"Demon Form"},{"not_picked":["Uppercut","Anger"],"picked":"Clash"},{"not_picked":["Body Slam","Intimidate"],"picked":"Metallicize"},{"not_picked":["Uppercut","Twin Strike"],"picked":"Metallicize"},{"not_picked":["Fiend Fire","Immolate"],"picked":"Impervious"}],"player_experience":54286,"potions_floor_usage":[16,16,20,24,30,50,50,50],"damage_taken":[{"damage":10,"enemies":"Small Slimes","floor":1,"turns":4},{"damage":1,"enemies":"Cultist","floor":6,"turns":3},{"damage":38,"enemies":"Lagavulin","floor":8,"turns":7},{"damage":0,"enemies":"Jaw Worm","floor":10,"turns":4},{"damage":8,"enemies":"3 Louse","floor":11,"turns":4},{"damage":0,"enemies":"Large Slime","floor":12,"turns":5},{"damage":7,"enemies":"2 Fungi Beasts","floor":14,"turns":5},{"damage":34,"enemies":"Hexaghost","floor":16,"turns":14},{"damage":8,"enemies":"Shell Parasite","floor":18,"turns":6},{"damage":23,"enemies":"2 Thieves","floor":20,"turns":4},{"damage":8,"enemies":"Book of Stabbing","floor":23,"turns":7},{"damage":5,"enemies":"Snake Plant","floor":24,"turns":4},{"damage":12,"enemies":"Sentry and Sphere","floor":29,"turns":4},{"damage":24,"enemies":"Slavers","floor":30,"turns":9},{"damage":56,"enemies":"Collector","floor":33,"turns":7},{"damage":18,"enemies":"3 Shapes","floor":35,"turns":7},{"damage":7,"enemies":"Orb Walker","floor":39,"turns":4},{"damage":11,"enemies":"3 Darklings","floor":41,"turns":8},{"damage":0,"enemies":"Sphere and 2 Shapes","floor":44,"turns":6},{"damage":98,"enemies":"Donu and Deca","floor":50,"turns":8}],"event_choices":[{"event_name":"Golden Shrine","player_choice":"Pray","floor":2,"damage_taken":0},{"event_name":"Golden Idol","player_choice":"Take Damage","floor":3,"damage_taken":0},{"event_name":"The Cleric","player_choice":"Card Removal","floor":4,"damage_taken":0},{"event_name":"Living Wall","player_choice":"Change","floor":5,"damage_taken":0},{"event_name":"Match and Keep!","player_choice":"1 cards matched","floor":22,"damage_taken":0},{"event_name":"N\u0027loth","player_choice":"Traded a Golden Idol","floor":25,"damage_taken":0},{"event_name":"Beggar","player_choice":"Gave Gold","floor":27,"damage_taken":0},{"event_name":"Vampires","player_choice":"Became a vampire","floor":31,"damage_taken":0},{"event_name":"Tomb of Lord Red Mask","player_choice":"Paid","floor":36,"damage_taken":0},{"event_name":"The Lab","player_choice":"Got Potions","floor":37,"damage_taken":0},{"event_name":"Transmorgrifier","player_choice":"Transform","floor":47,"damage_taken":0}],"boss_relics":[{"not_picked":["White Beast Statue","Orrery"],"picked":"Velvet Choker"},{"not_picked":["Eternal Feather","Astrolabe"],"picked":"Cursed Key"}],"potions_floor_spawned":[8,10,16,20,29,33,39,44],"seed_played":"-5642796428357070077","killed_by":"Donu and Deca","ascension_level":2,"is_trial":false}