{"path_per_floor":["M","?","M","M","?","R","$","?","T","R","$","?","R","?","R","B",null,"M","M","M","T","M","R","M","R","T","M","R","?","?","$","R","B",null,"M","?","M","?","T","?","R","$","T","$","M","R","M","M","R","B"],"character_chosen":"THE_SILENT","items_purchased":["Well Laid Plans","Noxious Fumes","Snake Skull"],"gold_per_floor":[109,109,129,145,145,145,3,78,102,102,2,2,2,2,2,106,106,120,138,153,177,191,191,202,202,202,215,215,215,215,1,1,102,102,120,120,134,0,0,0,0,0,0,0,11,11,26,37,37,37],"floor_reached":51,"campfire_rested":3,"playtime":3600,"current_hp_per_floor":[70,70,68,68,68,68,68,57,57,57,57,57,57,62,62,44,75,75,67,60,60,60,60,45,67,67,60,60,44,30,30,54,20,80,80,80,77,77,77,67,67,67,67,67,67,67,67,59,80,80],"items_purged":["Defend_G","Strike_G"],"gold":37,"score":580,"play_id":"11301911-266d-4a0b-a045-3e207c8c4536","is_prod":false,"is_daily":false,"is_ascension_mode":true,"campfire_upgraded":8,"path_taken":["M","?","M","M","?","R","$","?","T","R","$","?","R","?","R","BOSS","M","M","?","?","M","R","M","R","T","M","R","?","?","$","R","BOSS","M","?","M","?","?","?","R","$","T","$","?","R","M","M","R","BOSS"],"build_version":"2018-02-15-PROD1","purchased_purges":2,"victory":true,"master_deck":["Defend_G","Defend_G","Defend_G+1","Defend_G+1","Survivor+1","Neutralize+1","Mind Blast","Neutralize+1","Quick Slash+1","Backflip+1","Well Laid Plans+1","Footwork+1","Caltrops+1","Clumsy","Flying Knee+1","Malaise+1","Noxious Fumes+1","After Image+1","Blade Dance+1","Terror+1","Madness","Madness"],"max_hp_per_floor":[70,70,70,70,70,70,70,70,70,70,70,70,70,75,75,75,75,75,75,75,75,75,75,75,75,75,75,75,75,80,80,80,80,80,80,80,80,80,80,80,80,80,80,80,80,80,80,80,80,80],"relics":["Ring of the Snake","Anchor","Cursed Key","Orichalcum","Enchiridion","Snake Skull","Astrolabe","Red Mask"],"card_choices":[{"not_picked":["Escape Plan","Acrobatics"],"picked":"Quick Slash"},{"not_picked":["Poisoned Stab","Expertise"],"picked":"Backflip"},{"not_picked":["Finisher","Noxious Fumes"],"picked":"Footwork"},{"not_picked":["Dagger Spray","Deadly Poison"],"picked":"Caltrops"},{"not_picked":["All Out Attack","Dodge and Roll"],"picked":"Flying Knee"},{"not_picked":["Backstab","Bane"],"picked":"Malaise"},{"not_picked":["Doppelganger","Night Terror"],"picked":"Die Die Die"}],"player_experience":124757,"potions_floor_usage":[27,33,50,50,50],"damage_taken":[{"damage":0,"enemies":"2 Louse","floor":1,"turns":3},{"damage":2,"enemies":"Cultist","floor":3,"turns":4},{"damage":0,"enemies":"Small Slimes","floor":4,"turns":2},{"damage":18,"enemies":"Slime Boss","floor":16,"turns":12},{"damage":0,"enemies":"2 Thieves","floor":18,"turns":4},{"damage":8,"enemies":"Shell Parasite","floor":19,"turns":7},{"damage":7,"enemies":"Sentry and Sphere","floor":20,"turns":8},{"damage":0,"enemies":"Snake Plant","floor":22,"turns":5},{"damage":15,"enemies":"Centurion and Healer","floor":24,"turns":6},{"damage":7,"enemies":"Cultist and Chosen","floor":27,"turns":6},{"damage":34,"enemies":"Collector","floor":33,"turns":10},{"damage":0,"enemies":"3 Shapes","floor":35,"turns":5},{"damage":3,"enemies":"Orb Walker","floor":37,"turns":3},{"damage":0,"enemies":"Maw","floor":45,"turns":8},{"damage":0,"enemies":"4 Shapes","floor":47,"turns":7},{"damage":8,"enemies":"3 Darklings","floor":48,"turns":5},{"damage":0,"enemies":"Time Eater","floor":50,"turns":14}],"event_choices":[{"event_name":"Match and Keep!","player_choice":"2 cards matched","floor":2,"damage_taken":0},{"event_name":"Purifier","player_choice":"One Purge","floor":5,"damage_taken":0},{"event_name":"World of Goop","player_choice":"Gather Gold","floor":8,"damage_taken":0},{"event_name":"Upgrade Shrine","player_choice":"Upgraded","floor":12,"damage_taken":0},{"event_name":"Big Fish","player_choice":"Donut","floor":14,"damage_taken":0},{"event_name":"Cursed Tome","player_choice":"Obtained Book","floor":29,"damage_taken":0},{"event_name":"Forgotten Altar","player_choice":"Shed Blood","floor":30,"damage_taken":0},{"event_name":"Tomb of Lord Red Mask","player_choice":"Paid","floor":38,"damage_taken":0},{"event_name":"Winding Halls","player_choice":"Embrace Madness","floor":40,"damage_taken":0}],"boss_relics":[{"not_picked":["Question Card","Black Star"],"picked":"Cursed Key"},{"not_picked":["Calling Bell","Tiny House"],"picked":"Astrolabe"}],"potions_floor_spawned":[1,18,19,27,35,48],"seed_played":"-5840234144537822155","ascension_level":3,"is_trial":false}