{"gold_per_floor":[115,2,13,13,13,47,59,111,149,185,197,209,221,272,284,392,404,434,446,373,385,0,12,45,57,69,97,130,142,154,179,191,277,289,318,330,342,52,68,68,68],"floor_reached":41,"playtime":1353,"items_purged":["Bite"],"score":790,"play_id":"e754b3fa-f8eb-4b42-acf0-b9222818a262","local_time":"20190526200559","is_ascension_mode":true,"campfire_choices":[{"data":"True Grit","floor":7,"key":"SMITH"},{"floor":12,"key":"REST"},{"data":"Demon Form","floor":15,"key":"SMITH"},{"data":"Flame Barrier","floor":23,"key":"SMITH"},{"data":"Heavy Blade","floor":25,"key":"SMITH"},{"data":"Whirlwind","floor":29,"key":"SMITH"},{"data":"Pommel Strike","floor":32,"key":"SMITH"},{"data":"Evolve","floor":40,"key":"SMITH"}],"neow_cost":"NONE","seed_source_timestamp":691940929565996,"circlet_count":0,"master_deck":["AscendersBane","Defend_R","Defend_R","Defend_R","Defend_R+1","Bash+1","Whirlwind+1","Twin Strike","True Grit+1","Heavy Blade+1","Demon Form+1","Pommel Strike+1","Flame Barrier+1","Bite","Bite","Bite","Evolve+1","Battle Trance","Reaper","Flame Barrier+1"],"relics":["Burning Blood","Omamori","Bloody Idol","MawBank","Vajra","Dream Catcher","Meat on the Bone","Dodecahedron","Coffee Dripper","Mercury Hourglass","Incense Burner","Mark of Pain","DollysMirror"],"potions_floor_usage":[6,8,33,41],"damage_taken":[{"damage":2,"enemies":"Cultist","floor":1,"turns":4},{"damage":0,"enemies":"2 Louse","floor":3,"turns":2},{"damage":17,"enemies":"3 Sentries","floor":6,"turns":6},{"damage":32,"enemies":"Gremlin Nob","floor":8,"turns":4},{"damage":14,"enemies":"Jaw Worm","floor":10,"turns":4},{"damage":40,"enemies":"Lagavulin","floor":14,"turns":6},{"damage":16,"enemies":"Hexaghost","floor":16,"turns":7},{"damage":33,"enemies":"2 Thieves","floor":18,"turns":4},{"damage":15,"enemies":"Colosseum Slavers","floor":21,"turns":3},{"damage":0,"enemies":"Chosen","floor":24,"turns":3},{"damage":13,"enemies":"Sentry and Sphere","floor":27,"turns":5},{"damage":15,"enemies":"Shelled Parasite and Fungi","floor":28,"turns":5},{"damage":19,"enemies":"Snake Plant","floor":31,"turns":4},{"damage":36,"enemies":"Champ","floor":33,"turns":9},{"damage":0,"enemies":"3 Shapes","floor":35,"turns":9},{"damage":14,"enemies":"Orb Walker","floor":39,"turns":3},{"damage":71,"enemies":"Giant Head","floor":41,"turns":5}],"seed_played":"4077534616637802343","potions_obtained":[{"floor":1,"key":"AttackPotion"},{"floor":3,"key":"Energy Potion"},{"floor":8,"key":"Strength Potion"},{"floor":16,"key":"BloodPotion"},{"floor":33,"key":"SneckoOil"},{"floor":35,"key":"Fire Potion"}],"is_trial":false,"path_per_floor":["M","$","M","?","?","E","R","E","T","M","T","R","?","E","R","B",null,"M","?","?","?","?","R","M","R","T","M","M","R","?","M","R","B",null,"M","$","?","$","M","R","E"],"character_chosen":"IRONCLAD","items_purchased":["Twin Strike","True Grit","DollysMirror"],"campfire_rested":1,"item_purchase_floors":[2,2,38],"current_hp_per_floor":[72,72,75,75,52,41,41,15,15,7,7,29,54,32,32,34,65,50,50,50,47,47,47,52,52,52,47,42,42,42,43,48,45,52,52,52,52,52,52,52,0],"gold":68,"neow_bonus":"RANDOM_COMMON_RELIC","is_prod":false,"is_daily":false,"chose_seed":false,"campfire_upgraded":7,"win_rate":0,"timestamp":1558893959,"path_taken":["M","$","?","?","?","E","R","E","T","M","?","R","?","E","R","BOSS","M","?","?","?","?","R","M","R","T","M","M","R","?","M","R","BOSS","M","$","?","$","M","R","E"],"build_version":"2019-01-23","purchased_purges":1,"victory":false,"max_hp_per_floor":[75,75,75,75,75,75,75,75,75,75,75,75,75,75,75,75,75,75,52,52,52,52,52,52,52,52,52,52,52,52,52,52,52,52,52,52,52,52,52,52,52],"card_choices":[{"not_picked":["Dropkick","Thunderclap"],"picked":"Whirlwind","floor":1},{"not_picked":["Searing Blow","Clash"],"picked":"Heavy Blade","floor":3},{"not_picked":["Searing Blow","Juggernaut"],"picked":"Demon Form","floor":6},{"not_picked":["Perfected Strike","Flex","Body Slam"],"picked":"SKIP","floor":8},{"not_picked":["Wild Strike","Shockwave"],"picked":"Pommel Strike","floor":10},{"not_picked":["Headbutt","Wild Strike"],"picked":"Flame Barrier","floor":14},{"not_picked":["Clash","Fire Breathing","Cleave"],"picked":"SKIP","floor":18},{"not_picked":["Sever Soul","Hemokinesis"],"picked":"Evolve","floor":24},{"not_picked":["Blood for Blood","Sword Boomerang","Flex"],"picked":"SKIP","floor":27},{"not_picked":["Spot Weakness","Headbutt"],"picked":"Battle Trance","floor":28},{"not_picked":["Battle Trance","Iron Wave","Wild Strike"],"picked":"SKIP","floor":31},{"not_picked":["Offering","Immolate"],"picked":"Reaper","floor":33},{"not_picked":["Heavy Blade","Evolve","Clash+1"],"picked":"SKIP","floor":35},{"not_picked":["Spot Weakness","Perfected Strike","Wild Strike"],"picked":"SKIP","floor":39}],"player_experience":584161,"relics_obtained":[{"floor":6,"key":"MawBank"},{"floor":8,"key":"Vajra"},{"floor":9,"key":"Dream Catcher"},{"floor":11,"key":"Meat on the Bone"},{"floor":14,"key":"Dodecahedron"},{"floor":26,"key":"Incense Burner"}],"event_choices":[{"damage_healed":0,"gold_gain":0,"player_choice":"Take Wound","damage_taken":0,"relics_obtained":["Golden Idol"],"max_hp_gain":0,"max_hp_loss":0,"event_name":"Golden Idol","floor":4,"gold_loss":0,"cards_obtained":["Injury"]},{"damage_healed":0,"gold_gain":0,"player_choice":"Entered Light","damage_taken":23,"max_hp_gain":0,"max_hp_loss":0,"event_name":"Shining Light","floor":5,"gold_loss":0,"cards_upgraded":["Bash","Defend_R"]},{"damage_healed":25,"gold_gain":0,"player_choice":"Banana","damage_taken":0,"max_hp_gain":0,"max_hp_loss":0,"event_name":"Big Fish","floor":13,"gold_loss":0},{"damage_healed":0,"gold_gain":0,"player_choice":"Became a vampire","damage_taken":0,"max_hp_gain":0,"max_hp_loss":23,"event_name":"Vampires","floor":19,"gold_loss":0,"cards_obtained":["Bite","Bite","Bite","Bite","Bite"]},{"damage_healed":0,"gold_gain":0,"player_choice":"Obtained Relic","damage_taken":0,"relics_obtained":["Mercury Hourglass"],"max_hp_gain":0,"max_hp_loss":0,"event_name":"Addict","floor":20,"gold_loss":85},{"damage_healed":0,"gold_gain":0,"player_choice":"Fight","damage_taken":0,"max_hp_gain":0,"max_hp_loss":0,"event_name":"Colosseum","floor":21,"gold_loss":0},{"damage_healed":0,"gold_gain":0,"player_choice":"Fled From Nobs","damage_taken":0,"max_hp_gain":0,"max_hp_loss":0,"event_name":"Colosseum","floor":21,"gold_loss":0},{"damage_healed":0,"gold_gain":0,"player_choice":"Paid Fearfully","damage_taken":0,"max_hp_gain":0,"max_hp_loss":0,"event_name":"Masked Bandits","floor":22,"gold_loss":397},{"damage_healed":0,"gold_gain":0,"player_choice":"Gave Idol","damage_taken":0,"relics_obtained":["Bloody Idol"],"max_hp_gain":0,"max_hp_loss":0,"event_name":"Forgotten Altar","floor":30,"relics_lost":["Golden Idol"],"gold_loss":0},{"cards_removed":["Bite"],"damage_healed":0,"gold_gain":0,"player_choice":"Purged","damage_taken":0,"max_hp_gain":0,"max_hp_loss":0,"event_name":"Purifier","floor":37,"gold_loss":0}],"is_beta":false,"boss_relics":[{"not_picked":["White Beast Statue","Calling Bell"],"picked":"Coffee Dripper"},{"not_picked":["Empty Cage","Velvet Choker"],"picked":"Mark of Pain"}],"items_purged_floors":[38],"is_endless":false,"potions_floor_spawned":[1,3,8,16,21,31,33,35,39],"killed_by":"Giant Head","ascension_level":19}