{"gold_per_floor":[113,113,188,113,113,113,147,147,224,3,21,21,38,54,54,54],"floor_reached":16,"playtime":323,"items_purged":[],"score":196,"play_id":"5f147bf7-c04c-41fe-bd44-7e36e0f9ffd0","local_time":"20190505160203","is_ascension_mode":true,"campfire_choices":[{"data":"Zap","floor":6,"key":"SMITH"},{"data":"Loop","floor":8,"key":"SMITH"},{"data":"Fission","floor":12,"key":"SMITH"},{"floor":15,"key":"REST"}],"neow_cost":"NONE","seed_source_timestamp":374421380084720,"circlet_count":0,"master_deck":["AscendersBane","Strike_B","Strike_B","Defend_B","Defend_B","Defend_B","Defend_B","Zap+1","Dualcast","Loop+1","Coolheaded","Streamline","Fission+1","Capacitor","Go for the Eyes"],"relics":["Eternal Feather","Bronze Scales","Tiny Chest","Oddly Smooth Stone"],"potions_floor_usage":[7,14,16],"damage_taken":[{"damage":0,"enemies":"2 Louse","floor":1,"turns":2},{"damage":55,"enemies":"3 Sentries","floor":7,"turns":9},{"damage":6,"enemies":"Small Slimes","floor":11,"turns":3},{"damage":0,"enemies":"Cultist","floor":13,"turns":3},{"damage":4,"enemies":"Exordium Wildlife","floor":14,"turns":4},{"damage":42,"enemies":"Hexaghost","floor":16,"turns":10}],"seed_played":"-2733211617860041806","potions_obtained":[{"floor":1,"key":"Explosive Potion"},{"floor":7,"key":"Energy Potion"},{"floor":13,"key":"GamblersBrew"}],"is_trial":false,"path_per_floor":["M","?","?","?","?","R","E","R","T","$","M","R","M","M","R","B"],"character_chosen":"DEFECT","items_purchased":["Oddly Smooth Stone","Streamline"],"campfire_rested":1,"item_purchase_floors":[10,10],"current_hp_per_floor":[64,69,58,58,58,64,9,15,15,15,9,15,15,11,42,0],"gold":54,"neow_bonus":"BOSS_RELIC","is_prod":false,"is_daily":false,"chose_seed":false,"campfire_upgraded":3,"win_rate":0,"timestamp":1557097323,"path_taken":["M","?","?","?","?","R","E","R","T","$","M","R","?","M","R","BOSS"],"build_version":"2019-04-23","purchased_purges":0,"victory":false,"max_hp_per_floor":[71,76,76,76,76,76,76,76,76,76,76,76,76,76,76,76],"card_choices":[{"not_picked":["Barrage","Redo"],"picked":"Loop","floor":1},{"not_picked":["Static Discharge","Turbo"],"picked":"Coolheaded","floor":7},{"not_picked":["Genetic Algorithm","Steam"],"picked":"Fission","floor":11},{"not_picked":["Gash","Steam"],"picked":"Capacitor","floor":13},{"not_picked":["Hologram","Steam Power"],"picked":"Go for the Eyes","floor":14}],"player_experience":1219497,"relics_obtained":[{"floor":7,"key":"Bronze Scales"},{"floor":9,"key":"Tiny Chest"}],"event_choices":[{"damage_healed":0,"gold_gain":0,"player_choice":"Donut","damage_taken":0,"max_hp_gain":5,"max_hp_loss":0,"event_name":"Big Fish","floor":2,"gold_loss":0},{"damage_healed":0,"gold_gain":75,"player_choice":"Gather Gold","damage_taken":11,"max_hp_gain":0,"max_hp_loss":0,"event_name":"World of Goop","floor":3,"gold_loss":0},{"cards_removed":["Strike_B"],"damage_healed":0,"gold_gain":0,"player_choice":"Card Removal","damage_taken":0,"max_hp_gain":0,"max_hp_loss":0,"event_name":"The Cleric","floor":4,"gold_loss":75},{"cards_removed":["Strike_B"],"damage_healed":0,"gold_gain":0,"player_choice":"Purged","damage_taken":0,"max_hp_gain":0,"max_hp_loss":0,"event_name":"Purifier","floor":5,"gold_loss":0}],"is_beta":true,"boss_relics":[],"items_purged_floors":[],"is_endless":false,"potions_floor_spawned":[1,7,13],"killed_by":"Hexaghost","ascension_level":20}