{"gold_per_floor":[17,37,52,65,65,65,77,87,113,128,128],"floor_reached":11,"playtime":606,"items_purged":[],"score":121,"play_id":"ee554abf-e69a-483a-8f31-f0c4cee61d54","local_time":"20190315235640","is_ascension_mode":true,"campfire_choices":[{"data":"Zap","floor":6,"key":"SMITH"}],"neow_cost":"NO_GOLD","seed_source_timestamp":23776514163877136,"circlet_count":0,"master_deck":["AscendersBane","Strike_B","Strike_B","Defend_B","Defend_B","Defend_B","Defend_B","Zap+1","Dualcast","Go for the Eyes","Go for the Eyes","Decay","Compile Driver","Coolheaded","Chaos"],"relics":["Cracked Core","Ancient Tea Set"],"potions_floor_usage":[11,11],"damage_taken":[{"damage":0,"enemies":"2 Louse","floor":1,"turns":2},{"damage":1,"enemies":"Cultist","floor":2,"turns":4},{"damage":0,"enemies":"Jaw Worm","floor":3,"turns":3},{"damage":1,"enemies":"Blue Slaver","floor":4,"turns":4},{"damage":8,"enemies":"3 Louse","floor":7,"turns":4},{"damage":6,"enemies":"Looter","floor":8,"turns":3},{"damage":31,"enemies":"Gremlin Gang","floor":10,"turns":6},{"damage":17,"enemies":"3 Sentries","floor":11,"turns":3}],"seed_played":"-2903364769222393083","potions_obtained":[{"floor":1,"key":"FearPotion"},{"floor":3,"key":"Strength Potion"},{"floor":10,"key":"AttackPotion"}],"is_trial":false,"path_per_floor":["M","M","M","M","?","R","M","M","T","M","E"],"character_chosen":"DEFECT","items_purchased":[],"campfire_rested":0,"item_purchase_floors":[],"current_hp_per_floor":[64,63,63,62,62,62,54,48,48,17,0],"gold":128,"neow_bonus":"REMOVE_TWO","is_prod":false,"is_daily":false,"chose_seed":false,"campfire_upgraded":1,"win_rate":0,"timestamp":1552690600,"path_taken":["M","M","M","M","?","R","M","?","T","M","E"],"build_version":"2019-01-23","purchased_purges":0,"victory":false,"max_hp_per_floor":[71,71,71,71,71,71,71,71,71,71,71],"card_choices":[{"not_picked":["Double Energy","Stack","Beam Cell"],"picked":"SKIP","floor":1},{"not_picked":["Aggregate","Conserve Battery"],"picked":"Go for the Eyes","floor":2},{"not_picked":["Barrage","Tempest","Steam Power"],"picked":"SKIP","floor":3},{"not_picked":["Hologram","Turbo"],"picked":"Go for the Eyes","floor":4},{"not_picked":["White Noise","Multi-Cast"],"picked":"Compile Driver","floor":7},{"not_picked":["Steam","Go for the Eyes"],"picked":"Coolheaded","floor":8},{"not_picked":["Reprogram","Heatsinks"],"picked":"Chaos","floor":10}],"player_experience":425142,"relics_obtained":[{"floor":9,"key":"Ancient Tea Set"}],"event_choices":[{"damage_healed":0,"gold_gain":0,"player_choice":"Cursed","damage_taken":0,"max_hp_gain":0,"max_hp_loss":0,"event_name":"Wheel of Change","floor":5,"gold_loss":0,"cards_obtained":["Decay"]}],"is_beta":false,"boss_relics":[],"items_purged_floors":[],"is_endless":false,"potions_floor_spawned":[1,3,10],"killed_by":"3 Sentries","ascension_level":15}