{"gold_per_floor":[115,115,40,59,9,49,49,63,63,63,10,60,74,114,114,114],"floor_reached":16,"playtime":341,"items_purged":["Strike_B"],"score":216,"play_id":"29f86303-f4a8-490f-b103-948295367b6f","local_time":"20190512153116","is_ascension_mode":true,"campfire_choices":[{"data":"Zap","floor":7,"key":"SMITH"},{"data":"Hologram","floor":10,"key":"SMITH"},{"floor":15,"key":"REST"}],"neow_cost":"NONE","seed_source_timestamp":977389821754591,"circlet_count":0,"master_deck":["AscendersBane","Strike_B","Strike_B","Defend_B","Defend_B","Defend_B","Defend_B","Zap+1","Dualcast","Ball Lightning","Darkness","Hologram+1","Melter","Leap","Self Repair+1","Static Discharge+1"],"relics":["Cracked Core","Smiling Mask","Golden Idol","Frozen Egg 2","Blue Candle","Bronze Scales"],"potions_floor_usage":[14,16],"damage_taken":[{"damage":1,"enemies":"Cultist","floor":1,"turns":3},{"damage":2,"enemies":"Jaw Worm","floor":4,"turns":3},{"damage":20,"enemies":"Lagavulin","floor":6,"turns":5},{"damage":0,"enemies":"Small Slimes","floor":8,"turns":3},{"damage":4,"enemies":"Red Slaver","floor":13,"turns":3},{"damage":36,"enemies":"Gremlin Nob","floor":14,"turns":4},{"damage":59,"enemies":"Slime Boss","floor":16,"turns":6}],"seed_played":"-392224449241776289","potions_obtained":[{"floor":4,"key":"SneckoOil"},{"floor":6,"key":"Regen Potion"}],"is_trial":false,"path_per_floor":["M","?","?","M","$","E","R","M","T","R","$","?","M","E","R","B"],"character_chosen":"DEFECT","items_purchased":["Leap"],"campfire_rested":1,"item_purchase_floors":[11],"current_hp_per_floor":[63,63,63,61,61,41,41,41,41,41,41,41,37,11,30,0],"gold":114,"neow_bonus":"RANDOM_COMMON_RELIC","is_prod":false,"is_daily":false,"chose_seed":false,"campfire_upgraded":2,"win_rate":0,"timestamp":1557700276,"path_taken":["M","?","?","M","?","E","R","?","T","R","$","?","?","E","R","BOSS"],"build_version":"2019-05-07","purchased_purges":1,"victory":false,"max_hp_per_floor":[71,64,64,64,64,64,64,64,64,64,64,64,64,64,64,64],"card_choices":[{"not_picked":["Steam","Conserve Battery"],"picked":"Ball Lightning","floor":1},{"not_picked":["Sweeping Beam","Compile Driver"],"picked":"Darkness","floor":4},{"not_picked":["Barrage","Rebound"],"picked":"Hologram","floor":6},{"not_picked":["Multi-Cast","Go for the Eyes"],"picked":"Melter","floor":8},{"not_picked":["Force Field","Redo"],"picked":"Self Repair+1","floor":13},{"not_picked":["Stack","Recycle"],"picked":"Static Discharge+1","floor":14}],"player_experience":1255309,"relics_obtained":[{"floor":6,"key":"Frozen Egg 2"},{"floor":9,"key":"Blue Candle"},{"floor":14,"key":"Bronze Scales"}],"event_choices":[{"damage_healed":0,"gold_gain":0,"player_choice":"Lose Max HP","damage_taken":0,"relics_obtained":["Golden Idol"],"max_hp_gain":0,"max_hp_loss":7,"event_name":"Golden Idol","floor":2,"gold_loss":0},{"cards_removed":["Strike_B"],"damage_healed":0,"gold_gain":0,"player_choice":"Card Removal","damage_taken":0,"max_hp_gain":0,"max_hp_loss":0,"event_name":"The Cleric","floor":3,"gold_loss":75},{"damage_healed":0,"gold_gain":50,"player_choice":"Pray","damage_taken":0,"max_hp_gain":0,"max_hp_loss":0,"event_name":"Golden Shrine","floor":12,"gold_loss":0}],"is_beta":true,"boss_relics":[],"items_purged_floors":[5],"is_endless":false,"potions_floor_spawned":[4,6],"killed_by":"Slime Boss","ascension_level":20}