{"gold_per_floor":[118,129,147,165,181,181,211,211,237,45,56,107,107,29,29,128,128,142,107,117,22,39,39,56,56,56,56,56,73,101,116,116,116],"floor_reached":33,"playtime":4214,"items_purged":[],"score":269,"play_id":"d1d675c8-8d37-4cad-adb8-8596cb5e0e51","local_time":"20190612222349","is_ascension_mode":false,"campfire_choices":[{"data":"Zap","floor":6,"key":"SMITH"},{"floor":13,"key":"REST"},{"data":"Echo Form","floor":15,"key":"SMITH"},{"floor":23,"key":"REST"},{"floor":27,"key":"REST"},{"floor":32,"key":"REST"}],"neow_cost":"NONE","seed_source_timestamp":4120243414700,"circlet_count":0,"master_deck":["Strike_B","Strike_B","Strike_B","Strike_B","Defend_B","Defend_B","Defend_B","Defend_B","Zap+1","Dualcast","All For One","Cold Snap","Steam","Doom and Gloom","Go for the Eyes","Tempest","Echo Form+1","Parasite","Apotheosis","Chill","Double Energy","Biased Cognition","Loop","Capacitor","Tempest","Forethought","Redo","FTL+1","Thunder Strike","Redo","Redo"],"relics":["Cracked Core","Pocketwatch","Bag of Preparation","Velvet Choker","Bottled Lightning","Bag of Marbles"],"potions_floor_usage":[22,24,31],"damage_taken":[{"damage":1,"enemies":"Jaw Worm","floor":1,"turns":3},{"damage":1,"enemies":"Cultist","floor":2,"turns":4},{"damage":0,"enemies":"2 Louse","floor":3,"turns":2},{"damage":0,"enemies":"Exordium Thugs","floor":4,"turns":5},{"damage":10,"enemies":"Large Slime","floor":5,"turns":6},{"damage":11,"enemies":"Lagavulin","floor":7,"turns":5},{"damage":13,"enemies":"3 Louse","floor":11,"turns":2},{"damage":38,"enemies":"The Guardian","floor":16,"turns":9},{"damage":0,"enemies":"3 Byrds","floor":18,"turns":4},{"damage":7,"enemies":"Spheric Guardian","floor":20,"turns":4},{"damage":2,"enemies":"Centurion and Healer","floor":22,"turns":6},{"damage":19,"enemies":"Cultist and Chosen","floor":24,"turns":5},{"damage":22,"enemies":"Shelled Parasite and Fungi","floor":29,"turns":4},{"damage":39,"enemies":"Gremlin Leader","floor":30,"turns":5},{"damage":2,"enemies":"3 Cultists","floor":31,"turns":4},{"damage":41,"enemies":"Automaton","floor":33,"turns":6}],"seed_played":"4297963925298658234","potions_obtained":[{"floor":1,"key":"GamblersBrew"},{"floor":5,"key":"SpeedPotion"},{"floor":7,"key":"Block Potion"},{"floor":22,"key":"Regen Potion"},{"floor":31,"key":"Dexterity Potion"}],"is_trial":false,"path_per_floor":["M","M","M","M","M","R","E","?","T","$","M","?","R","$","R","B",null,"M","$","M","$","M","R","M","$","T","R","?","M","E","M","R","B"],"character_chosen":"DEFECT","items_purchased":["Apotheosis","Double Energy","Capacitor","Forethought"],"campfire_rested":4,"item_purchase_floors":[10,14,19,21],"current_hp_per_floor":[74,73,73,73,63,63,52,70,70,70,57,57,75,75,75,37,75,75,75,68,68,66,75,65,65,65,75,75,53,14,12,34,0],"gold":116,"neow_bonus":"ONE_RANDOM_RARE_CARD","is_prod":false,"is_daily":false,"chose_seed":false,"campfire_upgraded":2,"win_rate":0.0,"timestamp":1560403429,"path_taken":["M","M","M","M","M","R","E","?","T","$","M","?","R","?","R","BOSS","M","?","M","$","M","R","?","$","T","R","?","M","E","M","R","BOSS"],"build_version":"2019-01-23","purchased_purges":0,"victory":false,"max_hp_per_floor":[75,75,75,75,75,75,75,75,75,75,75,75,75,75,75,75,75,75,75,75,75,75,75,75,75,75,75,75,75,75,75,75,75],"card_choices":[{"not_picked":["Coolheaded","Beam Cell"],"picked":"Cold Snap","floor":1},{"not_picked":["Blizzard","Go for the Eyes"],"picked":"Steam","floor":2},{"not_picked":["Scrape","Aggregate"],"picked":"Doom and Gloom","floor":3},{"not_picked":["Leap","Stack"],"picked":"Go for the Eyes","floor":4},{"not_picked":["Steam","FTL"],"picked":"Tempest","floor":5},{"not_picked":["Chill","Auto Shields"],"picked":"Echo Form","floor":7},{"not_picked":["White Noise","Barrage"],"picked":"Chill","floor":11},{"not_picked":["Amplify","Machine Learning"],"picked":"Biased Cognition","floor":16},{"not_picked":["Go for the Eyes","White Noise"],"picked":"Loop","floor":18},{"not_picked":["Barrage","Cold Snap"],"picked":"Tempest","floor":20},{"not_picked":["Rebound","Beam Cell"],"picked":"Redo","floor":22},{"not_picked":["Gash","Chaos"],"picked":"FTL+1","floor":24},{"not_picked":["Coolheaded","Gash+1"],"picked":"Thunder Strike","floor":29},{"not_picked":["Undo","Beam Cell+1"],"picked":"Redo","floor":30},{"not_picked":["Stack+1","Echo Form"],"picked":"Redo","floor":31}],"player_experience":11289,"relics_obtained":[{"floor":7,"key":"Pocketwatch"},{"floor":9,"key":"Bag of Preparation"},{"floor":26,"key":"Bottled Lightning"},{"floor":30,"key":"Bag of Marbles"}],"event_choices":[{"damage_healed":18,"gold_gain":0,"player_choice":"Healed and dodged fight","damage_taken":0,"max_hp_gain":0,"max_hp_loss":0,"event_name":"Mushrooms","floor":8,"gold_loss":0,"cards_obtained":["Parasite"]},{"damage_healed":0,"gold_gain":51,"player_choice":"Gained Gold","damage_taken":0,"max_hp_gain":0,"max_hp_loss":0,"event_name":"Golden Wing","floor":12,"gold_loss":0}],"is_beta":false,"boss_relics":[{"not_picked":["Ectoplasm","Nuclear Battery"],"picked":"Velvet Choker"}],"items_purged_floors":[],"is_endless":false,"potions_floor_spawned":[1,5,7,11,18,22,31],"killed_by":"Automaton","ascension_level":0}