{"gold_per_floor":[111,61,61,74,43,76,76,108,156,187,187,201,220,220,220,316,316,333,345,131,131,143,169,169,197,197,209,209],"floor_reached":28,"playtime":2814,"items_purged":["Strike_G"],"score":331,"play_id":"de617363-9a1c-4dcb-996c-4bbe91aa2b2d","local_time":"20190613104303","is_ascension_mode":true,"campfire_choices":[{"floor":7.0,"key":"REST"},{"data":"Neutralize","floor":11.0,"key":"SMITH"},{"data":"Bane","floor":15.0,"key":"SMITH"},{"floor":24,"key":"REST"}],"neow_cost":"NONE","seed_source_timestamp":0,"circlet_count":0,"master_deck":["Defend_G","Defend_G+1","Defend_G","Defend_G+1","Defend_G","Strike_G","Strike_G","Strike_G","Strike_G","Survivor","Neutralize+1","Noxious Fumes","Sucker Punch","Leg Sweep","Poisoned Stab","Noxious Fumes","Heel Hook","Bane+1","Tools of the Trade","Well Laid Plans","Dagger Throw","Sadistic Nature","Writhe","Dodge and Roll","Tactician+1","Reflex","Footwork+1"],"special_seed":0,"relics":["Ring of the Snake","War Paint","Letter Opener","The Courier","Ginger","Pen Nib","Sozu","Blood Vial","Vajra","Meat on the Bone","Oddly Smooth Stone"],"potions_floor_usage":[28],"damage_taken":[{"damage":0.0,"enemies":"2 Louse","floor":1.0,"turns":4.0},{"damage":0.0,"enemies":"Jaw Worm","floor":4.0,"turns":4.0},{"damage":15.0,"enemies":"3 Sentries","floor":6.0,"turns":8.0},{"damage":7.0,"enemies":"Gremlin Nob","floor":8.0,"turns":4.0},{"damage":12.0,"enemies":"Lagavulin","floor":10.0,"turns":9.0},{"damage":0.0,"enemies":"Small Slimes","floor":12.0,"turns":5.0},{"damage":0.0,"enemies":"Looter","floor":13.0,"turns":3.0},{"damage":26.0,"enemies":"Slime Boss","floor":16.0,"turns":8.0},{"damage":3.0,"enemies":"3 Byrds","floor":18.0,"turns":5.0},{"damage":1.0,"enemies":"Chosen","floor":19.0,"turns":4.0},{"damage":13.0,"enemies":"3 Cultists","floor":22.0,"turns":6.0},{"damage":20.0,"enemies":"Slavers","floor":23.0,"turns":7.0},{"damage":39,"enemies":"Book of Stabbing","floor":25,"turns":7},{"damage":10,"enemies":"Shelled Parasite and Fungi","floor":27,"turns":7},{"damage":29,"enemies":"Slavers","floor":28,"turns":3}],"seed_played":"7680119570079584644","potions_obtained":[{"floor":0.0,"key":"FearPotion"},{"floor":0.0,"key":"Fire Potion"},{"floor":0.0,"key":"Weak Potion"},{"floor":6.0,"key":"Energy Potion"},{"floor":10.0,"key":"Energy Potion"},{"floor":16.0,"key":"GhostInAJar"}],"is_trial":false,"path_per_floor":["M","$","?","M","?","E","R","E","T","E","R","M","M","?","R","B",null,"M","M","$","?","M","E","R","E","T","M","E"],"character_chosen":"THE_SILENT","items_purchased":["Sucker Punch","Sadistic Nature"],"campfire_rested":2,"item_purchase_floors":[2,20],"current_hp_per_floor":[70,70,52,52,52,37,58,51,51,39,39,39,39,39,39,13,70,67,66,66,66,55,37,58,21,21,25,0],"gold":209,"neow_bonus":"THREE_SMALL_POTIONS","is_prod":false,"is_daily":false,"chose_seed":false,"campfire_upgraded":2,"win_rate":1,"timestamp":1560436983,"path_taken":["M","$","?","M","?","E","R","E","T","E","R","M","M","?","R","BOSS","M","M","$","?","M","E","R","E","T","M","E"],"build_version":"2019-01-23","purchased_purges":1,"victory":false,"max_hp_per_floor":[70,70,70,70,70,70,70,70,70,70,70,70,70,70,70,70,70,70,70,70,70,70,70,70,70,70,70,70],"card_choices":[{"not_picked":["Bouncing Flask","Quick Slash"],"picked":"Noxious Fumes","floor":1.0},{"not_picked":["PiercingWail","Deflect"],"picked":"Leg Sweep","floor":4.0},{"not_picked":["Sucker Punch","Acrobatics"],"picked":"Poisoned Stab","floor":6.0},{"not_picked":["Slice","Flying Knee"],"picked":"Noxious Fumes","floor":8.0},{"not_picked":["Dagger Spray","Flying Knee","Riddle With Holes"],"picked":"SKIP","floor":10.0},{"not_picked":["Bane","Dodge and Roll"],"picked":"Heel Hook","floor":12.0},{"not_picked":["Acrobatics","Tactician"],"picked":"Bane","floor":13.0},{"not_picked":["Night Terror","Envenom"],"picked":"Tools of the Trade","floor":16.0},{"not_picked":["Sucker Punch","Distraction+1"],"picked":"Well Laid Plans","floor":18.0},{"not_picked":["Deadly Poison","Dodge and Roll"],"picked":"Dagger Throw","floor":19.0},{"not_picked":["Deadly Poison","Dodge and Roll","Prepared"],"picked":"SKIP","floor":22.0},{"not_picked":["Deadly Poison","Prepared"],"picked":"Dodge and Roll","floor":22.0},{"not_picked":["Slice","Escape Plan"],"picked":"Tactician+1","floor":23},{"not_picked":["Calculated Gamble","All Out Attack"],"picked":"Reflex","floor":25},{"not_picked":["Dash+1","Endless Agony"],"picked":"Footwork+1","floor":27}],"player_experience":31750,"relics_obtained":[{"floor":6.0,"key":"Letter Opener"},{"floor":8.0,"key":"The Courier"},{"floor":10.0,"key":"Ginger"},{"floor":23,"key":"Vajra"},{"floor":25,"key":"Meat on the Bone"},{"floor":26,"key":"Oddly Smooth Stone"}],"event_choices":[{"damage_healed":0.0,"max_hp_gain":0.0,"max_hp_loss":0.0,"gold_gain":0.0,"event_name":"Scrap Ooze","player_choice":"Success","floor":3.0,"gold_loss":0.0,"damage_taken":18.0,"relics_obtained":["War Paint"]},{"damage_healed":0.0,"max_hp_gain":0.0,"max_hp_loss":0.0,"gold_gain":0.0,"event_name":"World of Goop","player_choice":"Left Gold","floor":5.0,"gold_loss":31.0,"damage_taken":0.0},{"damage_healed":0.0,"max_hp_gain":0.0,"max_hp_loss":0.0,"gold_gain":0.0,"event_name":"Dead Adventurer","player_choice":"Searched \u00271\u0027 times","floor":14.0,"gold_loss":0.0,"damage_taken":0.0,"relics_obtained":["Pen Nib"]},{"damage_healed":0.0,"max_hp_gain":0.0,"max_hp_loss":0.0,"gold_gain":0.0,"event_name":"The Mausoleum","player_choice":"Opened","floor":21.0,"gold_loss":0.0,"damage_taken":0.0,"relics_obtained":["Blood Vial"],"cards_obtained":["Writhe"]}],"is_beta":false,"boss_relics":[{"not_picked":["Black Star","Velvet Choker"],"picked":"Sozu"}],"items_purged_floors":[20],"is_endless":false,"potions_floor_spawned":[6,10,16,22],"killed_by":"Slavers","ascension_level":4}