{"gold_per_floor":[359,359,359,380,221,221,221,264,264,308,326,326,326,350,350,440,440,456,470,470],"floor_reached":20,"playtime":493,"items_purged":["Strike_G"],"score":364,"play_id":"c5aa29b3-4a51-4d67-8ed1-3265156d89ac","local_time":"20190522185010","is_ascension_mode":true,"campfire_choices":[{"data":"Neutralize","floor":6,"key":"SMITH"},{"data":"Skewer","floor":12,"key":"SMITH"},{"data":"Noxious Fumes","floor":15,"key":"SMITH"}],"neow_cost":"TEN_PERCENT_HP_LOSS","seed_source_timestamp":503671308640684,"circlet_count":0,"master_deck":["AscendersBane","Defend_G+1","Defend_G","Defend_G","Defend_G","Defend_G+1","Strike_G","Strike_G","Survivor","Neutralize+1","Dagger Throw","Dagger Spray","Masterful Stab","Noxious Fumes+1","Skewer+1","PiercingWail","Cloak And Dagger","Noxious Fumes","Corpse Explosion","Dodge and Roll"],"relics":["Ring of the Snake","Golden Idol","War Paint","Question Card","Tingsha","Philosopher\u0027s Stone"],"potions_floor_usage":[8,16,18],"damage_taken":[{"damage":1,"enemies":"Cultist","floor":1,"turns":4},{"damage":0,"enemies":"2 Louse","floor":4,"turns":4},{"damage":3,"enemies":"Gremlin Nob","floor":8,"turns":3},{"damage":21,"enemies":"3 Sentries","floor":10,"turns":9},{"damage":0,"enemies":"Small Slimes","floor":11,"turns":2},{"damage":3,"enemies":"Exordium Thugs","floor":14,"turns":4},{"damage":10,"enemies":"Hexaghost","floor":16,"turns":10},{"damage":10,"enemies":"3 Byrds","floor":18,"turns":3},{"damage":15,"enemies":"Spheric Guardian","floor":19,"turns":5},{"damage":23,"enemies":"Shelled Parasite and Fungi","floor":20,"turns":2}],"seed_played":"589211852893833498","potions_obtained":[{"floor":4,"key":"FearPotion"},{"floor":11,"key":"SpeedPotion"},{"floor":14,"key":"Block Potion"},{"floor":16,"key":"GhostInAJar"},{"floor":18,"key":"GamblersBrew"}],"is_trial":false,"path_per_floor":["M","?","?","M","$","R","?","E","T","E","M","R","?","M","R","B",null,"M","M","M"],"character_chosen":"THE_SILENT","items_purchased":["Masterful Stab"],"campfire_rested":0,"item_purchase_floors":[5],"current_hp_per_floor":[58,54,59,59,59,59,52,49,49,28,28,28,28,25,25,15,48,38,23,0],"gold":470,"neow_bonus":"TWO_FIFTY_GOLD","is_prod":false,"is_daily":false,"chose_seed":false,"campfire_upgraded":3,"win_rate":0,"timestamp":1558576210,"path_taken":["M","?","?","M","$","R","?","E","T","E","?","R","?","M","R","BOSS","M","M","M"],"build_version":"2019-05-07","purchased_purges":1,"victory":false,"max_hp_per_floor":[60,54,59,59,59,59,59,59,59,59,59,59,59,59,59,59,59,59,59,59],"card_choices":[{"not_picked":["Underhanded Strike","Accuracy"],"picked":"Dagger Throw","floor":1},{"not_picked":["Acrobatics","Underhanded Strike"],"picked":"Dagger Spray","floor":4},{"not_picked":["Poisoned Stab","Bullet Time"],"picked":"Noxious Fumes","floor":8},{"not_picked":["Eviscerate","Terror","Tactician"],"picked":"Skewer","floor":10},{"not_picked":["Dagger Throw","Dodge and Roll","Underhanded Strike"],"picked":"PiercingWail","floor":11},{"not_picked":["Blade Dance","Masterful Stab","Underhanded Strike"],"picked":"Noxious Fumes","floor":14},{"not_picked":["Venomology","Adrenaline","Tools of the Trade"],"picked":"Corpse Explosion","floor":16},{"not_picked":["Flechettes","Sucker Punch","Expertise"],"picked":"Dodge and Roll","floor":18},{"not_picked":["Flying Knee","Dodge and Roll","Acrobatics","Distraction"],"picked":"SKIP","floor":19}],"player_experience":1271555,"relics_obtained":[{"floor":8,"key":"War Paint"},{"floor":9,"key":"Question Card"},{"floor":10,"key":"Tingsha"}],"event_choices":[{"damage_healed":0,"gold_gain":0,"player_choice":"Lose Max HP","damage_taken":0,"relics_obtained":["Golden Idol"],"max_hp_gain":0,"max_hp_loss":6,"event_name":"Golden Idol","floor":2,"gold_loss":0},{"damage_healed":0,"gold_gain":0,"player_choice":"Donut","damage_taken":0,"max_hp_gain":5,"max_hp_loss":0,"event_name":"Big Fish","floor":3,"gold_loss":0},{"cards_removed":["Strike_G"],"damage_healed":0,"gold_gain":0,"player_choice":"Card Removal","damage_taken":7,"max_hp_gain":0,"max_hp_loss":0,"event_name":"Golden Wing","floor":7,"gold_loss":0},{"damage_healed":0,"gold_gain":0,"cards_transformed":["Strike_G"],"player_choice":"Transformed","damage_taken":0,"max_hp_gain":0,"max_hp_loss":0,"event_name":"Transmorgrifier","floor":13,"gold_loss":0,"cards_obtained":["Cloak And Dagger"]}],"is_beta":true,"boss_relics":[{"not_picked":["Coffee Dripper","Sozu"],"picked":"Philosopher\u0027s Stone"}],"items_purged_floors":[5],"is_endless":false,"potions_floor_spawned":[4,11,14,16,18,19],"killed_by":"Shelled Parasite and Fungi","ascension_level":20}