{"gold_per_floor":[111,126,137,137,212,212,110,145,145,157,157,189,206,48,48,146,146,161,161,161,27,27],"floor_reached":22,"playtime":2315,"items_purged":[],"score":192,"play_id":"fb2dec60-967b-4810-b18e-0b1502d46a97","local_time":"20190610000925","is_ascension_mode":false,"campfire_choices":[{"floor":6,"key":"REST"},{"floor":11,"key":"REST"},{"floor":15,"key":"REST"}],"neow_cost":"","seed_source_timestamp":4085570861400,"circlet_count":0,"master_deck":["Strike_R","Strike_R","Strike_R","Strike_R","Strike_R","Defend_R","Defend_R","Defend_R","Defend_R","Bash+1","Body Slam","Cleave","Inflame+1","Clothesline","Infernal Blade","Impervious","Perfected Strike","Bludgeon","Feed","Flame Barrier","Metallicize","Cleave","Flame Barrier","Metallicize","Headbutt","PanicButton","Armaments"],"relics":["Burning Blood","Pantograph","Bag of Preparation","Red Skull","Ginger","Orrery"],"potions_floor_usage":[12,16],"damage_taken":[{"damage":14,"enemies":"2 Louse","floor":1,"turns":3},{"damage":5,"enemies":"Small Slimes","floor":2,"turns":4},{"damage":12,"enemies":"Cultist","floor":3,"turns":5},{"damage":40,"enemies":"Lagavulin","floor":8,"turns":6},{"damage":17,"enemies":"Exordium Thugs","floor":10,"turns":4},{"damage":23,"enemies":"3 Sentries","floor":12,"turns":5},{"damage":9,"enemies":"Blue Slaver","floor":13,"turns":3},{"damage":59,"enemies":"The Guardian","floor":16,"turns":11},{"damage":23,"enemies":"Chosen","floor":18,"turns":6},{"damage":65,"enemies":"3 Byrds","floor":22,"turns":5}],"seed_played":"4768734295803850387","potions_obtained":[{"floor":3,"key":"SkillPotion"},{"floor":10,"key":"GamblersBrew"},{"floor":12,"key":"Poison Potion"},{"floor":16,"key":"SpeedPotion"}],"is_trial":false,"path_per_floor":["M","M","M","?","?","R","?","E","T","M","R","E","M","$","R","B",null,"M","?","?","$","M"],"character_chosen":"IRONCLAD","items_purchased":["Bludgeon","PanicButton","Armaments"],"campfire_rested":3,"item_purchase_floors":[14,21,21],"current_hp_per_floor":[72,73,67,67,56,80,80,46,46,35,59,42,39,39,63,27,80,63,63,63,63,0],"gold":27,"neow_bonus":"","is_prod":false,"is_daily":false,"chose_seed":false,"campfire_upgraded":0,"win_rate":0.0,"timestamp":1560150565,"path_taken":["M","M","M","?","?","R","?","E","T","M","R","E","?","$","R","BOSS","M","?","?","$","?"],"build_version":"2019-01-23","purchased_purges":0,"victory":false,"max_hp_per_floor":[80,80,80,80,80,80,80,80,80,80,80,80,80,80,80,80,80,80,80,80,80,80],"card_choices":[{"not_picked":["Clash","Blood for Blood"],"picked":"Body Slam","floor":1},{"not_picked":["Disarm","Sever Soul"],"picked":"Cleave","floor":2},{"not_picked":["Sword Boomerang","Feel No Pain"],"picked":"Inflame","floor":3},{"not_picked":["Twin Strike","Shrug It Off"],"picked":"Clothesline","floor":8},{"not_picked":["Battle Trance","Brutality"],"picked":"Infernal Blade","floor":10},{"not_picked":["Dual Wield","Headbutt"],"picked":"Impervious","floor":12},{"not_picked":["Power Through","Warcry"],"picked":"Perfected Strike","floor":13},{"not_picked":["Juggernaut","Fiend Fire"],"picked":"Feed","floor":16},{"not_picked":["Warcry","Perfected Strike"],"picked":"Flame Barrier","floor":17},{"not_picked":["Hemokinesis","Clothesline"],"picked":"Metallicize","floor":17},{"not_picked":["Ghostly Armor","Battle Trance"],"picked":"Cleave","floor":17},{"not_picked":["Body Slam","Perfected Strike"],"picked":"Flame Barrier","floor":17},{"not_picked":["Clash","True Grit"],"picked":"Metallicize","floor":17},{"not_picked":["Clothesline+1","Warcry"],"picked":"Headbutt","floor":18}],"player_experience":0,"relics_obtained":[{"floor":8,"key":"Bag of Preparation"},{"floor":9,"key":"Red Skull"},{"floor":12,"key":"Ginger"}],"event_choices":[{"damage_healed":0,"gold_gain":0,"player_choice":"Grow","damage_taken":0,"max_hp_gain":0,"max_hp_loss":0,"event_name":"Living Wall","floor":4,"gold_loss":0,"cards_upgraded":["Inflame"]},{"damage_healed":0,"gold_gain":75,"player_choice":"Gather Gold","damage_taken":11,"max_hp_gain":0,"max_hp_loss":0,"event_name":"World of Goop","floor":5,"gold_loss":0},{"damage_healed":0,"gold_gain":0,"player_choice":"Paid Gold","damage_taken":0,"relics_obtained":["Pantograph"],"max_hp_gain":0,"max_hp_loss":0,"event_name":"WeMeetAgain","floor":7,"gold_loss":102},{"damage_healed":0,"gold_gain":0,"player_choice":"Ignored","damage_taken":0,"max_hp_gain":0,"max_hp_loss":0,"event_name":"Beggar","floor":19,"gold_loss":0},{"damage_healed":0,"gold_gain":0,"player_choice":"Forge","damage_taken":0,"max_hp_gain":0,"max_hp_loss":0,"event_name":"Accursed Blacksmith","floor":20,"gold_loss":0,"cards_upgraded":["Bash"]}],"is_beta":false,"boss_relics":[{"not_picked":["Sozu","Runic Cube"],"picked":"Orrery"}],"items_purged_floors":[],"is_endless":false,"potions_floor_spawned":[3,10,12,16],"killed_by":"3 Byrds","ascension_level":0}