{"gold_per_floor":[219,144,144,160,33,33,61,61,61,61],"floor_reached":10,"playtime":227,"items_purged":[],"score":128,"play_id":"1b19e0d4-09a9-4ddb-bcb5-bb87488f7257","local_time":"20190525210204","is_ascension_mode":true,"campfire_choices":[{"data":"Deadly Poison","floor":6,"key":"SMITH"},{"data":"Leg Sweep","floor":8,"key":"SMITH"}],"neow_cost":"NONE","seed_source_timestamp":771069494700585,"circlet_count":0,"master_deck":["AscendersBane","Strike_G","Strike_G","Strike_G","Strike_G","Defend_G","Defend_G","Defend_G","Defend_G","Defend_G","Survivor","Neutralize","Dagger Throw","Backflip","Noxious Fumes","Deadly Poison+1","Leg Sweep+1"],"relics":["Ring of the Snake","Happy Flower","Potion Belt"],"potions_floor_usage":[7],"damage_taken":[{"damage":3,"enemies":"Small Slimes","floor":1,"turns":4},{"damage":0,"enemies":"Cultist","floor":4,"turns":4},{"damage":34,"enemies":"Gremlin Nob","floor":7,"turns":4},{"damage":27,"enemies":"3 Sentries","floor":10,"turns":8}],"seed_played":"8405425639034097844","potions_obtained":[{"floor":1,"key":"Energy Potion"},{"floor":4,"key":"Energy Potion"}],"is_trial":false,"path_per_floor":["M","?","?","M","$","R","E","R","T","E"],"character_chosen":"THE_SILENT","items_purchased":["Noxious Fumes","Deadly Poison"],"campfire_rested":0,"item_purchase_floors":[5,5],"current_hp_per_floor":[56,56,56,56,56,56,22,22,22,0],"gold":61,"neow_bonus":"HUNDRED_GOLD","is_prod":false,"is_daily":false,"chose_seed":false,"campfire_upgraded":2,"win_rate":0,"timestamp":1558843324,"path_taken":["M","?","?","?","$","R","E","R","T","E"],"build_version":"2019-05-24v2","purchased_purges":0,"victory":false,"max_hp_per_floor":[66,66,66,66,66,66,66,66,66,66],"card_choices":[{"not_picked":["Accuracy","Backflip"],"picked":"Dagger Throw","floor":1},{"not_picked":["Deflect","Heel Hook"],"picked":"Backflip","floor":4},{"not_picked":["Underhanded Strike","Tactician"],"picked":"Leg Sweep","floor":7}],"player_experience":1277789,"relics_obtained":[{"floor":7,"key":"Happy Flower"},{"floor":9,"key":"Potion Belt"}],"event_choices":[{"cards_removed":["Strike_G"],"damage_healed":0,"gold_gain":0,"player_choice":"Card Removal","damage_taken":0,"max_hp_gain":0,"max_hp_loss":0,"event_name":"The Cleric","floor":2,"gold_loss":75},{"damage_healed":0,"gold_gain":0,"player_choice":"0 cards matched","damage_taken":0,"max_hp_gain":0,"max_hp_loss":0,"event_name":"Match and Keep!","floor":3,"gold_loss":0,"cards_obtained":[]}],"is_beta":true,"boss_relics":[],"items_purged_floors":[],"is_endless":false,"potions_floor_spawned":[1,4],"killed_by":"3 Sentries","ascension_level":20}