{"gold_per_floor":[365,365,385,385,22,22,32,50,50,50,76,76,76,103,103,177,177,197,197,33,33,33,33,52,84,159,177,177,212,212,10,10,88,88,98,98,114,114,114,139,139,98,98,116,116,127,139,113,113,113,113,113,113,54,81,81],"floor_reached":57,"playtime":1988,"items_purged":["Strike_R"],"score":2698,"play_id":"a8a5aef8-54cc-4e5f-85c2-a40b14aad08d","local_time":"20190602134143","is_ascension_mode":true,"campfire_choices":[{"data":"Shockwave","floor":6,"key":"SMITH"},{"floor":10,"key":"REST"},{"floor":12,"key":"REST"},{"data":"Bash","floor":15,"key":"SMITH"},{"data":"Whirlwind","floor":23,"key":"SMITH"},{"data":"Inflame","floor":28,"key":"SMITH"},{"data":"Corruption","floor":30,"key":"SMITH"},{"data":"Mayhem","floor":32,"key":"SMITH"},{"data":"Juggernaut","floor":41,"key":"SMITH"},{"data":"Feel No Pain","floor":45,"key":"SMITH"},{"floor":49,"key":"RECALL"},{"floor":53,"key":"REST"}],"neow_cost":"PERCENT_DAMAGE","seed_source_timestamp":1434121833100102,"circlet_count":0,"master_deck":["AscendersBane","Defend_R","Defend_R+1","Defend_R","Defend_R","Bash+1","Shockwave+1","Cleave","Corruption+1","Dropkick","Anger","Shrug It Off","Offering+1","Inflame+1","Whirlwind+1","Armaments+1","Mayhem+1","Juggernaut+1","Battle Trance+1","Offering+1","Fire Breathing+1","Havoc+1","Impervious","Feel No Pain+1","True Grit","Shrug It Off","Shrug It Off"],"relics":["Burning Blood","Pantograph","Pen Nib","Self Forming Clay","Paper Frog","Busted Crown","Nilry\u0027s Codex","MutagenicStrength","Bag of Preparation","Gremlin Horn","Question Card","Astrolabe","War Paint","Blood Vial"],"potions_floor_usage":[11,11,16,25,33,44,56,56],"damage_taken":[{"damage":11,"enemies":"Jaw Worm","floor":1,"turns":5},{"damage":23,"enemies":"Small Slimes","floor":3,"turns":6},{"damage":0,"enemies":"Cultist","floor":7,"turns":3},{"damage":15,"enemies":"Red Slaver","floor":8,"turns":5},{"damage":29,"enemies":"Gremlin Nob","floor":11,"turns":4},{"damage":30,"enemies":"3 Sentries","floor":14,"turns":7},{"damage":50,"enemies":"Slime Boss","floor":16,"turns":7},{"damage":12,"enemies":"Chosen","floor":18,"turns":5},{"damage":0,"enemies":"3 Byrds","floor":24,"turns":3},{"damage":0,"enemies":"Gremlin Leader","floor":25,"turns":4},{"damage":6,"enemies":"Centurion and Healer","floor":27,"turns":2},{"damage":16,"enemies":"Book of Stabbing","floor":29,"turns":4},{"damage":57,"enemies":"Automaton","floor":33,"turns":8},{"damage":31,"enemies":"3 Darklings","floor":35,"turns":3},{"damage":8,"enemies":"3 Shapes","floor":37,"turns":5},{"damage":16,"enemies":"Giant Head","floor":40,"turns":3},{"damage":6,"enemies":"Spire Growth","floor":44,"turns":3},{"damage":13,"enemies":"4 Shapes","floor":46,"turns":7},{"damage":6,"enemies":"Jaw Worm Horde","floor":47,"turns":1},{"damage":33,"enemies":"Time Eater","floor":50,"turns":7},{"damage":42,"enemies":"Donu and Deca","floor":51,"turns":7},{"damage":14,"enemies":"Shield and Spear","floor":55,"turns":5},{"damage":61,"enemies":"The Heart","floor":56,"turns":8}],"seed_played":"489354401120706411","potions_obtained":[{"floor":7,"key":"Poison Potion"},{"floor":8,"key":"Swift Potion"},{"floor":14,"key":"Swift Potion"},{"floor":24,"key":"Explosive Potion"},{"floor":27,"key":"Strength Potion"},{"floor":35,"key":"GamblersBrew"},{"floor":46,"key":"Ancient Potion"},{"floor":55,"key":"EssenceOfSteel"}],"is_trial":false,"path_per_floor":["M","?","M","?","$","R","M","M","T","R","E","R","?","E","R","B",null,"M","?","$","?","?","R","M","E","T","M","R","E","R","$","R","B",null,"M","?","M","?","?","E","R","$","T","M","R","M","M","$","R","B","B",null,"R","$","E","B",null],"character_chosen":"IRONCLAD","items_purchased":["Pantograph","Inflame","Whirlwind","Mayhem","Feel No Pain","True Grit","Shrug It Off"],"campfire_rested":3,"item_purchase_floors":[5,20,20,31,42,48,54],"current_hp_per_floor":[45,50,33,33,33,33,39,30,30,54,31,55,55,31,31,12,63,57,36,36,36,36,36,42,48,48,48,48,38,38,38,38,12,63,38,38,36,36,66,56,56,56,56,56,56,49,49,49,49,39,28,57,66,66,58,11],"gold":81,"neow_bonus":"TWO_FIFTY_GOLD","is_prod":false,"is_daily":false,"chose_seed":false,"campfire_upgraded":8,"win_rate":0,"timestamp":1559508103,"path_taken":["M","?","M","?","$","R","M","M","T","R","E","R","?","E","R","BOSS","M","?","$","?","?","R","M","E","T","?","R","E","R","?","R","BOSS","M","?","M","?","?","E","R","?","T","?","R","M","M","$","R","BOSS","BOSS","R","$","E","BOSS"],"build_version":"2019-06-01v2","purchased_purges":1,"victory":true,"max_hp_per_floor":[75,80,80,80,80,80,80,80,80,80,80,80,80,80,80,80,80,80,80,80,80,80,80,80,80,80,80,80,80,80,80,80,80,80,80,80,80,80,66,66,66,66,66,66,66,66,66,66,66,66,66,66,66,66,66,66],"card_choices":[{"not_picked":["Headbutt","Dual Wield"],"picked":"Shockwave","floor":1},{"not_picked":["Anger","Reckless Charge"],"picked":"Cleave","floor":3},{"not_picked":["Dropkick","Rupture"],"picked":"Corruption","floor":7},{"not_picked":["Warcry","Thunderclap","Dropkick"],"picked":"SKIP","floor":8},{"not_picked":["Warcry","Thunderclap"],"picked":"Dropkick","floor":8},{"not_picked":["Double Tap","Reckless Charge"],"picked":"Anger","floor":11},{"not_picked":["Heavy Blade","Shockwave"],"picked":"Shrug It Off","floor":14},{"not_picked":["Bludgeon","Limit Break"],"picked":"Offering","floor":16},{"not_picked":["Reckless Charge"],"picked":"SKIP","floor":18},{"not_picked":[],"picked":"Armaments+1","floor":24},{"not_picked":["Anger"],"picked":"SKIP","floor":25},{"not_picked":["Flex"],"picked":"SKIP","floor":27},{"not_picked":["Sentinel"],"picked":"SKIP","floor":29},{"not_picked":["Immolate"],"picked":"Juggernaut","floor":33},{"not_picked":["Twin Strike+1"],"picked":"Intimidate","floor":35},{"not_picked":["Hemokinesis+1"],"picked":"Havoc+1","floor":37},{"not_picked":["Shrug It Off"],"picked":"Impervious","floor":40},{"not_picked":["Clothesline","Whirlwind"],"picked":"SKIP","floor":44},{"not_picked":["Heavy Blade+1","Headbutt"],"picked":"SKIP","floor":46},{"not_picked":["Havoc","Pommel Strike"],"picked":"SKIP","floor":47},{"not_picked":["Corruption"],"picked":"Shrug It Off","floor":55}],"player_experience":1297442,"relics_obtained":[{"floor":9,"key":"Pen Nib"},{"floor":11,"key":"Self Forming Clay"},{"floor":14,"key":"Paper Frog"},{"floor":19,"key":"Nilry\u0027s Codex"},{"floor":25,"key":"Bag of Preparation"},{"floor":26,"key":"Gremlin Horn"},{"floor":29,"key":"Question Card"},{"floor":40,"key":"War Paint"},{"floor":55,"key":"Blood Vial"}],"event_choices":[{"damage_healed":0,"gold_gain":0,"player_choice":"Donut","damage_taken":0,"max_hp_gain":5,"max_hp_loss":0,"event_name":"Big Fish","floor":2,"gold_loss":0},{"cards_removed":["Strike_R"],"damage_healed":0,"gold_gain":0,"player_choice":"Forget","damage_taken":0,"max_hp_gain":0,"max_hp_loss":0,"event_name":"Living Wall","floor":4,"gold_loss":0},{"damage_healed":0,"gold_gain":0,"player_choice":"Ignored","damage_taken":0,"max_hp_gain":0,"max_hp_loss":0,"event_name":"Liars Game","floor":13,"gold_loss":0},{"damage_healed":0,"gold_gain":0,"player_choice":"Obtained Book","damage_taken":21,"max_hp_gain":0,"max_hp_loss":0,"event_name":"Cursed Tome","floor":19,"gold_loss":0},{"damage_healed":0,"gold_gain":0,"player_choice":"Inject Mutagens","damage_taken":0,"relics_obtained":["MutagenicStrength"],"max_hp_gain":0,"max_hp_loss":0,"event_name":"Drug Dealer","floor":21,"gold_loss":0},{"damage_healed":0,"gold_gain":0,"player_choice":"Ignored","damage_taken":0,"max_hp_gain":0,"max_hp_loss":0,"event_name":"N\u0027loth","floor":22,"gold_loss":0},{"cards_removed":["Intimidate"],"damage_healed":0,"gold_gain":0,"player_choice":"Removed Skill","damage_taken":0,"max_hp_gain":0,"max_hp_loss":0,"event_name":"Falling","floor":36,"gold_loss":0},{"damage_healed":0,"gold_gain":0,"player_choice":"Ignored","damage_taken":0,"max_hp_gain":0,"max_hp_loss":0,"event_name":"Tomb of Lord Red Mask","floor":38,"gold_loss":0},{"damage_healed":66,"gold_gain":0,"player_choice":"Heal","damage_taken":0,"max_hp_gain":0,"max_hp_loss":14,"event_name":"The Moai Head","floor":39,"gold_loss":0}],"is_beta":true,"boss_relics":[{"not_picked":["Lizard Tail","Orrery"],"picked":"Busted Crown"},{"not_picked":["Mark of Pain","Black Star"],"picked":"Astrolabe"}],"items_purged_floors":[5],"is_endless":false,"potions_floor_spawned":[7,8,14,24,27,35,46,55],"ascension_level":20}