{"gold_per_floor":[116,128,128,128,28,28,62,62,109,109,121,134,145,145,145,145],"floor_reached":16,"playtime":630,"items_purged":["Strike_G"],"score":200,"play_id":"9058b4b2-1c43-427a-b18e-f89d44f8b838","local_time":"20190507222643","is_ascension_mode":true,"campfire_choices":[{"data":"Neutralize","floor":6,"key":"SMITH"},{"data":"Quick Slash","floor":8,"key":"SMITH"},{"floor":10,"key":"REST"},{"data":"Flying Knee","floor":15,"key":"SMITH"}],"neow_cost":"TEN_PERCENT_HP_LOSS","seed_source_timestamp":2251037364752411,"circlet_count":0,"master_deck":["AscendersBane","Defend_G","Defend_G","Defend_G","Defend_G","Defend_G","Survivor","Neutralize+1","Terror","Quick Slash+1","Expertise","Cloak And Dagger","Deadly Poison","Flying Knee+1","Choke","Venomology"],"relics":["Ring of the Snake","Bird Faced Urn","Bag of Marbles"],"potions_floor_usage":[16,16,16],"damage_taken":[{"damage":0,"enemies":"2 Louse","floor":1,"turns":6},{"damage":2,"enemies":"Small Slimes","floor":2,"turns":6},{"damage":39,"enemies":"Lagavulin","floor":7,"turns":7},{"damage":0,"enemies":"Cultist","floor":11,"turns":2},{"damage":0,"enemies":"Lots of Slimes","floor":12,"turns":6},{"damage":0,"enemies":"Large Slime","floor":13,"turns":5},{"damage":37,"enemies":"Hexaghost","floor":16,"turns":10}],"seed_played":"-2894984251311473712","potions_obtained":[{"floor":1,"key":"SteroidPotion"},{"floor":7,"key":"Dexterity Potion"}],"is_trial":false,"path_per_floor":["M","M","?","?","$","R","E","R","T","R","M","M","M","?","R","B"],"character_chosen":"THE_SILENT","items_purchased":["Deadly Poison"],"campfire_rested":1,"item_purchase_floors":[5],"current_hp_per_floor":[59,57,57,57,57,57,18,18,18,36,36,36,36,36,36,0],"gold":145,"neow_bonus":"REMOVE_TWO","is_prod":false,"is_daily":false,"chose_seed":false,"campfire_upgraded":3,"win_rate":0,"timestamp":1557260803,"path_taken":["M","M","?","?","$","R","E","R","T","R","?","?","M","?","R","BOSS"],"build_version":"2019-01-23","purchased_purges":1,"victory":false,"max_hp_per_floor":[60,60,60,60,60,60,60,60,60,60,60,60,60,60,60,60],"card_choices":[{"not_picked":["Catalyst","Underhanded Strike"],"picked":"Terror","floor":1},{"not_picked":["Acrobatics","Concentrate"],"picked":"Quick Slash","floor":2},{"not_picked":["Slice","Escape Plan"],"picked":"Flying Knee","floor":7},{"not_picked":["Deflect","Blade Dance","Dagger Throw"],"picked":"SKIP","floor":11},{"not_picked":["PiercingWail","Dagger Throw"],"picked":"Choke","floor":12},{"not_picked":["Underhanded Strike","Flying Knee"],"picked":"Venomology","floor":13}],"player_experience":550242,"relics_obtained":[{"floor":7,"key":"Bird Faced Urn"},{"floor":9,"key":"Bag of Marbles"}],"event_choices":[{"damage_healed":0,"gold_gain":0,"cards_transformed":["Strike_G"],"player_choice":"Change","damage_taken":0,"max_hp_gain":0,"max_hp_loss":0,"event_name":"Living Wall","floor":3,"gold_loss":0,"cards_obtained":["Expertise"]},{"damage_healed":0,"gold_gain":0,"player_choice":"1 cards matched","damage_taken":0,"max_hp_gain":0,"max_hp_loss":0,"event_name":"Match and Keep!","floor":4,"gold_loss":0,"cards_obtained":["Cloak And Dagger"]},{"cards_removed":["Strike_G"],"damage_healed":0,"gold_gain":0,"player_choice":"Purged","damage_taken":0,"max_hp_gain":0,"max_hp_loss":0,"event_name":"Purifier","floor":14,"gold_loss":0}],"is_beta":false,"boss_relics":[],"items_purged_floors":[5],"is_endless":false,"potions_floor_spawned":[1,7,12],"killed_by":"Hexaghost","ascension_level":20}