{"path_per_floor":["M","M","$","M","M","R","E","$","T","R","M","?","?","M","R","B",null,"M","?","?","M","?","R","$","R","T","M","M","?","R","M","R"],"character_chosen":"IRONCLAD","items_purchased":["Shrug It Off","Lantern","Body Slam"],"gold_per_floor":[214,226,101,111,131,131,162,62,117,117,136,136,236,246,246,343,373,358,358,358,370,370,370,173,173,503,523,541,541,541,556,556],"floor_reached":33,"campfire_rested":2,"playtime":1524,"current_hp_per_floor":[72,67,67,71,66,66,40,40,40,40,46,34,34,40,40,11,66,52,36,36,36,36,36,36,36,36,29,12,12,30,27,45],"items_purged":["Parasite","Strike_R"],"gold":556,"score":421,"play_id":"4ae2a8ac-85bd-4559-8f76-4d93ab011cc0","local_time":"20180314224504","is_prod":false,"is_daily":false,"is_ascension_mode":true,"campfire_upgraded":5,"timestamp":1521063904,"path_taken":["M","M","$","M","M","R","E","$","T","R","M","?","?","M","R","BOSS","M","?","?","M","?","R","?","R","T","M","M","?","R","M","R","BOSS"],"build_version":"2018-03-09","purchased_purges":3,"victory":false,"master_deck":["Defend_R","Defend_R+1","Defend_R+1","Defend_R","Bash","Heavy Blade+1","Whirlwind+1","Shrug It Off+1","Flex","Metallicize+1","Juggernaut+1","Flex","Shrug It Off","Fiend Fire","Inflame","Intimidate","Bite","Bite","Bite","Bite","Disarm","Body Slam+1","Shrug It Off+1","Disarm"],"max_hp_per_floor":[80,80,77,77,77,77,77,77,77,77,77,77,77,77,77,77,82,82,87,60,60,60,60,60,60,60,60,60,60,60,60,60],"relics":["Burning Blood","Matryoshka","Mercury Hourglass","Juzu Bracelet","War Paint","Tiny House","Pen Nib","Lantern","Tiny Chest","Old Coin"],"card_choices":[{"not_picked":["Havoc","Ghostly Armor"],"picked":"Heavy Blade"},{"not_picked":["Perfected Strike","True Grit"],"picked":"Whirlwind"},{"not_picked":["Sever Soul","Cleave"],"picked":"Flex"},{"not_picked":["Intimidate","Wild Strike"],"picked":"Metallicize"},{"not_picked":["Clash","Clothesline"],"picked":"Juggernaut"},{"not_picked":["Clash","Disarm"],"picked":"Flex"},{"not_picked":["Perfected Strike","Twin Strike"],"picked":"Shrug It Off"},{"not_picked":["Immolate","Brutality"],"picked":"Fiend Fire"},{"not_picked":["True Grit","Clash"],"picked":"Inflame"},{"not_picked":["Heavy Blade","Anger"],"picked":"Intimidate"},{"not_picked":["Twin Strike","Havoc"],"picked":"Disarm"},{"not_picked":["Evolve","Twin Strike"],"picked":"Shrug It Off"},{"not_picked":["Perfected Strike","Sword Boomerang"],"picked":"Disarm"}],"player_experience":258005,"potions_floor_usage":[7,7,16],"damage_taken":[{"damage":6,"enemies":"Cultist","floor":1,"turns":4},{"damage":11,"enemies":"Jaw Worm","floor":2,"turns":4},{"damage":2,"enemies":"Small Slimes","floor":4,"turns":4},{"damage":11,"enemies":"Looter","floor":5,"turns":2},{"damage":32,"enemies":"Gremlin Nob","floor":7,"turns":4},{"damage":0,"enemies":"Gremlin Gang","floor":11,"turns":1},{"damage":0,"enemies":"2 Fungi Beasts","floor":14,"turns":2},{"damage":35,"enemies":"Slime Boss","floor":16,"turns":8},{"damage":20,"enemies":"2 Thieves","floor":18,"turns":4},{"damage":20,"enemies":"3 Byrds","floor":21,"turns":5},{"damage":17,"enemies":"Snecko","floor":27,"turns":5},{"damage":29,"enemies":"Centurion and Healer","floor":28,"turns":4},{"damage":13,"enemies":"3 Cultists","floor":31,"turns":4},{"damage":67,"enemies":"Collector","floor":33,"turns":6}],"event_choices":[{"event_name":"Scrap Ooze","player_choice":"success","floor":12,"damage_taken":12},{"event_name":"Golden Shrine","player_choice":"Pray","floor":13,"damage_taken":0},{"event_name":"Forgotten Altar","player_choice":"Shed Blood","floor":19,"damage_taken":0},{"event_name":"Vampires","player_choice":"Became a vampire","floor":20,"damage_taken":0},{"event_name":"Wheel of Change","player_choice":"Relic","floor":22,"damage_taken":0},{"event_name":"Back to Basics","player_choice":"Elegance","floor":29,"damage_taken":0}],"boss_relics":[{"not_picked":["Question Card","Black Star"],"picked":"Tiny House"}],"potions_floor_spawned":[2,4,7,11,16,18,28],"seed_played":"-5252118378633606336","killed_by":"Collector","ascension_level":12,"is_trial":false}