{"gold_per_floor":[118,24,36,36,50,50,84,84,84,155,181,195,224,234,234,306,306,322,334,334,354,371,371,402,419,419,419,344,344,344,35,35,106,106,124,136,61,107,66,93,93,93,146,146,146],"floor_reached":45,"playtime":1816,"items_purged":["Strike_G"],"score":1113,"play_id":"68e3ec8f-0586-4865-b729-1ace7a8abba1","local_time":"20190525141035","is_ascension_mode":true,"campfire_choices":[{"data":"Footwork","floor":6,"key":"SMITH"},{"data":"Leg Sweep","floor":8,"key":"SMITH"},{"data":"Noxious Fumes","floor":15,"key":"SMITH"},{"floor":23,"key":"REST"},{"floor":27,"key":"REST"},{"data":"Footwork","floor":30,"key":"SMITH"},{"data":"Adrenaline","floor":32,"key":"SMITH"},{"floor":41,"key":"RECALL"}],"neow_cost":"TEN_PERCENT_HP_LOSS","seed_source_timestamp":744785704379085,"circlet_count":0,"master_deck":["AscendersBane","Strike_G","Defend_G","Defend_G","Defend_G","Defend_G","Defend_G","Survivor","Neutralize","Adrenaline+1","Footwork+1","Backflip","Noxious Fumes+1","Quick Slash","Dagger Spray","Leg Sweep+1","Dash","PiercingWail","Backflip","Corpse Explosion","Heel Hook+1","Backflip","Backflip","Leg Sweep","Dodge and Roll","Footwork+1","Noxious Fumes","Burst+1","Backflip+1","Dodge and Roll+1","Leg Sweep+1","Apotheosis+1"],"relics":["Ring of the Snake","Gremlin Horn","Blue Candle","Mercury Hourglass","Du-Vu Doll","Odd Mushroom","Philosopher\u0027s Stone","Nilry\u0027s Codex","Ancient Tea Set","Toxic Egg 2","Medical Kit","Snecko Eye","Mango","Shovel","Regal Pillow"],"potions_floor_usage":[16,22,33,38,38,45],"damage_taken":[{"damage":0,"enemies":"2 Louse","floor":1,"turns":5},{"damage":0,"enemies":"Jaw Worm","floor":3,"turns":6},{"damage":0,"enemies":"Cultist","floor":5,"turns":5},{"damage":32,"enemies":"3 Sentries","floor":7,"turns":8},{"damage":0,"enemies":"Lagavulin","floor":11,"turns":9},{"damage":0,"enemies":"Large Slime","floor":12,"turns":5},{"damage":0,"enemies":"The Mushroom Lair","floor":13,"turns":3},{"damage":0,"enemies":"Blue Slaver","floor":14,"turns":4},{"damage":11,"enemies":"Slime Boss","floor":16,"turns":12},{"damage":7,"enemies":"2 Thieves","floor":18,"turns":3},{"damage":0,"enemies":"Chosen","floor":19,"turns":5},{"damage":0,"enemies":"Snake Plant","floor":21,"turns":5},{"damage":7,"enemies":"Shelled Parasite and Fungi","floor":22,"turns":7},{"damage":14,"enemies":"Slavers","floor":24,"turns":4},{"damage":0,"enemies":"Centurion and Healer","floor":25,"turns":4},{"damage":24,"enemies":"Automaton","floor":33,"turns":13},{"damage":0,"enemies":"3 Darklings","floor":35,"turns":3},{"damage":0,"enemies":"3 Shapes","floor":36,"turns":3},{"damage":16,"enemies":"2 Orb Walkers","floor":38,"turns":6},{"damage":0,"enemies":"Nemesis","floor":40,"turns":12},{"damage":46,"enemies":"Transient","floor":45,"turns":5}],"seed_played":"-5742923764636437628","potions_obtained":[{"floor":1,"key":"Block Potion"},{"floor":7,"key":"Strength Potion"},{"floor":12,"key":"GhostInAJar"},{"floor":16,"key":"Energy Potion"},{"floor":24,"key":"SkillPotion"},{"floor":25,"key":"GhostInAJar"},{"floor":36,"key":"Energy Potion"},{"floor":38,"key":"Swift Potion"},{"floor":40,"key":"LiquidBronze"}],"is_trial":false,"path_per_floor":["M","$","M","?","M","R","E","R","T","T","E","M","?","M","R","B",null,"M","M","?","M","M","R","E","M","T","R","?","?","R","$","R","B",null,"M","M","$","?","$","E","R","T","T","?","M"],"character_chosen":"THE_SILENT","items_purchased":["Noxious Fumes","Quick Slash","Medical Kit","Noxious Fumes","Leg Sweep+1"],"campfire_rested":2,"item_purchase_floors":[2,2,31,31,39],"current_hp_per_floor":[59,59,59,64,64,64,32,32,32,32,32,32,32,32,32,21,54,47,47,26,26,19,38,24,24,24,43,43,43,43,43,43,19,54,54,54,54,52,52,52,52,52,52,42,0],"gold":146,"neow_bonus":"TRANSFORM_TWO_CARDS","is_prod":false,"is_daily":false,"chose_seed":false,"campfire_upgraded":5,"win_rate":0,"timestamp":1558818635,"path_taken":["M","$","M","?","M","R","E","R","T","?","E","?","?","M","R","BOSS","M","M","?","M","M","R","E","M","T","R","?","?","R","$","R","BOSS","M","M","$","?","?","E","R","?","T","?","M"],"build_version":"2019-05-24v2","purchased_purges":1,"victory":false,"max_hp_per_floor":[60,60,60,65,65,65,65,65,65,65,65,65,65,65,65,65,65,65,65,65,65,65,65,65,65,65,65,65,65,65,65,65,65,65,65,65,65,79,79,79,79,79,79,79,79],"card_choices":[{"not_picked":["Bouncing Flask","Dodge and Roll"],"picked":"Backflip","floor":1},{"not_picked":["Bane","Sucker Punch"],"picked":"Dagger Spray","floor":3},{"not_picked":["Quick Slash","Dagger Throw","Choke"],"picked":"SKIP","floor":5},{"not_picked":["Acrobatics","Accuracy"],"picked":"Leg Sweep","floor":7},{"not_picked":["Setup","Backflip"],"picked":"Dash","floor":11},{"not_picked":["Blade Dance","Dagger Throw"],"picked":"PiercingWail","floor":12},{"not_picked":["PiercingWail","Bullet Time"],"picked":"Backflip","floor":13},{"not_picked":["Sucker Punch","Flying Knee","Prepared"],"picked":"SKIP","floor":14},{"not_picked":["Phantasmal Killer","Night Terror"],"picked":"Corpse Explosion","floor":16},{"not_picked":["Flying Knee","Quick Slash"],"picked":"Heel Hook+1","floor":18},{"not_picked":["Noxious Fumes","Poisoned Stab"],"picked":"Backflip","floor":19},{"not_picked":["Prepared","Dodge and Roll"],"picked":"Backflip","floor":21},{"not_picked":["Quick Slash","Skewer+1"],"picked":"Leg Sweep","floor":22},{"not_picked":["A Thousand Cuts","Quick Slash"],"picked":"Dodge and Roll","floor":24},{"not_picked":["Bouncing Flask","Deflect","Expertise+1"],"picked":"SKIP","floor":25},{"not_picked":["Bullet Time+1","Doppelganger+1"],"picked":"Burst+1","floor":33},{"not_picked":["Deadly Poison+1","Quick Slash"],"picked":"Backflip+1","floor":35},{"not_picked":["Escape Plan+1","Deflect+1","Masterful Stab"],"picked":"SKIP","floor":36},{"not_picked":["Dagger Spray","Heel Hook"],"picked":"Dodge and Roll+1","floor":38},{"not_picked":["Poisoned Stab+1","Prepared+1","Deflect+1"],"picked":"SKIP","floor":40},{"not_picked":["Master of Strategy+1","Enlightenment+1"],"picked":"Apotheosis+1","floor":44}],"player_experience":1273434,"relics_obtained":[{"floor":7,"key":"Gremlin Horn"},{"floor":9,"key":"Blue Candle"},{"floor":10,"key":"Mercury Hourglass"},{"floor":11,"key":"Du-Vu Doll"},{"floor":13,"key":"Odd Mushroom"},{"floor":20,"key":"Nilry\u0027s Codex"},{"floor":24,"key":"Ancient Tea Set"},{"floor":26,"key":"Toxic Egg 2"},{"floor":38,"key":"Mango"},{"floor":40,"key":"Shovel"},{"floor":43,"key":"Regal Pillow"}],"event_choices":[{"damage_healed":0,"gold_gain":0,"player_choice":"Donut","damage_taken":0,"max_hp_gain":5,"max_hp_loss":0,"event_name":"Big Fish","floor":4,"gold_loss":0},{"damage_healed":0,"gold_gain":0,"player_choice":"Fought Mushrooms","damage_taken":0,"max_hp_gain":0,"max_hp_loss":0,"event_name":"Mushrooms","floor":13,"gold_loss":0},{"damage_healed":0,"gold_gain":0,"player_choice":"Obtained Book","damage_taken":21,"max_hp_gain":0,"max_hp_loss":0,"event_name":"Cursed Tome","floor":20,"gold_loss":0},{"cards_removed":["Strike_G"],"damage_healed":0,"gold_gain":0,"player_choice":"Gave Gold","damage_taken":0,"max_hp_gain":0,"max_hp_loss":0,"event_name":"Beggar","floor":28,"gold_loss":75},{"damage_healed":0,"gold_gain":0,"player_choice":"Read","damage_taken":0,"max_hp_gain":0,"max_hp_loss":0,"event_name":"The Library","floor":29,"gold_loss":0,"cards_obtained":["Footwork"]},{"damage_healed":0,"gold_gain":0,"player_choice":"Fight","damage_taken":0,"max_hp_gain":0,"max_hp_loss":0,"event_name":"Mysterious Sphere","floor":38,"gold_loss":0},{"damage_healed":0,"gold_gain":0,"player_choice":"Memory 3","damage_taken":10,"max_hp_gain":0,"max_hp_loss":0,"event_name":"SensoryStone","floor":44,"gold_loss":0}],"is_beta":true,"boss_relics":[{"not_picked":["Black Star","Lizard Tail"],"picked":"Philosopher\u0027s Stone"},{"not_picked":["Busted Crown","Coffee Dripper"],"picked":"Snecko Eye"}],"items_purged_floors":[37],"is_endless":false,"potions_floor_spawned":[1,7,12,16,24,25,36,38,40],"killed_by":"Transient","ascension_level":20}