{"gold_per_floor":[109,109,121,44,62,62,72,72,72,91,91,110,110,35,35,35],"floor_reached":16,"playtime":424,"items_purged":["Strike_B"],"score":179,"play_id":"ef12acfd-8171-43d6-8aa8-d8861d57d59d","local_time":"20190422004159","is_ascension_mode":true,"campfire_choices":[{"data":"Sunder","floor":6,"key":"SMITH"},{"floor":8,"key":"REST"},{"data":"Defragment","floor":11,"key":"SMITH"},{"data":"Conserve Battery","floor":15,"key":"SMITH"}],"neow_cost":"NONE","seed_source_timestamp":876886805962183,"circlet_count":0,"master_deck":["AscendersBane","Strike_B","Strike_B","Defend_B","Defend_B","Defend_B","Defend_B","Zap+1","Dualcast","Heatsinks","Sunder+1","Defragment+1","Sweeping Beam","Sweeping Beam","Conserve Battery+1"],"relics":["Cracked Core","Pocketwatch","Ornamental Fan"],"potions_floor_usage":[7,12,16],"damage_taken":[{"damage":4,"enemies":"Jaw Worm","floor":1,"turns":4},{"damage":0,"enemies":"Cultist","floor":3,"turns":2},{"damage":8,"enemies":"Small Slimes","floor":5,"turns":3},{"damage":23,"enemies":"Exordium Thugs","floor":7,"turns":3},{"damage":4,"enemies":"Large Slime","floor":10,"turns":5},{"damage":7,"enemies":"Red Slaver","floor":12,"turns":3},{"damage":26,"enemies":"Hexaghost","floor":16,"turns":7}],"seed_played":"-6352368370517473028","potions_obtained":[{"floor":1,"key":"Strength Potion"},{"floor":3,"key":"PowerPotion"},{"floor":12,"key":"Fruit Juice"}],"is_trial":false,"path_per_floor":["M","?","M","$","M","R","M","R","T","M","R","M","?","$","R","B"],"character_chosen":"DEFECT","items_purchased":["Defragment"],"campfire_rested":1,"item_purchase_floors":[4],"current_hp_per_floor":[60,34,34,34,26,26,3,24,24,20,20,18,18,18,18,0],"gold":35,"neow_bonus":"TRANSFORM_CARD","is_prod":false,"is_daily":false,"chose_seed":false,"campfire_upgraded":3,"win_rate":0,"timestamp":1555886519,"path_taken":["M","?","M","?","M","R","M","R","T","M","R","?","?","?","R","BOSS"],"build_version":"2019-01-23","purchased_purges":1,"victory":false,"max_hp_per_floor":[71,71,71,71,71,71,71,71,71,71,71,76,76,76,76,76],"card_choices":[{"not_picked":["Blizzard","Tempest"],"picked":"Sunder","floor":1},{"not_picked":["Redo","Barrage","Hello World"],"picked":"SKIP","floor":3},{"not_picked":["Beam Cell","Compile Driver"],"picked":"Sweeping Beam","floor":5},{"not_picked":["Storm","Streamline"],"picked":"Sweeping Beam","floor":7},{"not_picked":["Genetic Algorithm","Rebound"],"picked":"Conserve Battery","floor":10},{"not_picked":["Scrape","Barrage","Streamline"],"picked":"SKIP","floor":12}],"player_experience":511647,"relics_obtained":[{"floor":9,"key":"Ornamental Fan"}],"event_choices":[{"damage_healed":0,"gold_gain":0,"player_choice":"Success","damage_taken":26,"relics_obtained":["Pocketwatch"],"max_hp_gain":0,"max_hp_loss":0,"event_name":"Scrap Ooze","floor":2,"gold_loss":0},{"damage_healed":0,"gold_gain":0,"player_choice":"Upgraded","damage_taken":0,"max_hp_gain":0,"max_hp_loss":0,"event_name":"Upgrade Shrine","floor":13,"gold_loss":0,"cards_upgraded":["Zap"]}],"is_beta":false,"boss_relics":[],"items_purged_floors":[14],"is_endless":false,"potions_floor_spawned":[1,3,12],"killed_by":"Hexaghost","ascension_level":19}