{"gold_per_floor":[111,122,3,15,26,26,39,102,170,170,170,182,14,39,39,111,111,130,45,45,56,67,101,101,126,207,207,226,226,244,261,261,338,338,357,368,368,368],"floor_reached":39,"playtime":2479,"items_purged":["Strike_G"],"score":1215,"play_id":"8daa73da-30e3-456f-8846-1fc780d65d03","local_time":"20190414162729","is_ascension_mode":true,"campfire_choices":[{"data":"Footwork","floor":6,"key":"SMITH"},{"floor":10,"key":"REST"},{"floor":15,"key":"REST"},{"floor":24,"key":"REST"},{"floor":27,"key":"REST"},{"floor":29,"key":"REST"},{"floor":32,"key":"REST"}],"neow_cost":"NONE","seed_source_timestamp":240322985347578,"circlet_count":0,"master_deck":["AscendersBane","Defend_G","Defend_G","Defend_G","Defend_G","Defend_G","Strike_G+1","Survivor","Neutralize+1","Dash","Backflip","Noxious Fumes","Footwork+1","Footwork","Terror","Predator","Malaise+1","Sucker Punch+1","Heel Hook+1","Venomology+1","Bane+1","Backflip+1","After Image","Backflip+1","Dodge and Roll+1"],"relics":["Ring of the Snake","Turnip","Toxic Egg 2","Whetstone","Odd Mushroom","Fusion Hammer","PreservedInsect","Regal Pillow","Paper Crane","Shuriken","Velvet Choker"],"potions_floor_usage":[8,14,28,30,33,35,38,38],"damage_taken":[{"damage":1,"enemies":"Small Slimes","floor":1,"turns":3},{"damage":0,"enemies":"2 Louse","floor":2,"turns":4},{"damage":1,"enemies":"Cultist","floor":4,"turns":4},{"damage":1,"enemies":"Large Slime","floor":5,"turns":9},{"damage":31,"enemies":"Gremlin Gang","floor":7,"turns":6},{"damage":15,"enemies":"Lagavulin Event","floor":8,"turns":11},{"damage":16,"enemies":"Exordium Thugs","floor":12,"turns":7},{"damage":11,"enemies":"The Mushroom Lair","floor":14,"turns":5},{"damage":0,"enemies":"Hexaghost","floor":16,"turns":13},{"damage":0,"enemies":"Spheric Guardian","floor":18,"turns":6},{"damage":3,"enemies":"3 Byrds","floor":21,"turns":7},{"damage":2,"enemies":"Cultist and Chosen","floor":22,"turns":9},{"damage":9,"enemies":"Book of Stabbing","floor":23,"turns":6},{"damage":54,"enemies":"Slavers","floor":25,"turns":8},{"damage":0,"enemies":"Centurion and Healer","floor":28,"turns":6},{"damage":6,"enemies":"Snake Plant","floor":30,"turns":4},{"damage":0,"enemies":"Sentry and Sphere","floor":31,"turns":7},{"damage":11,"enemies":"Automaton","floor":33,"turns":11},{"damage":2,"enemies":"3 Darklings","floor":35,"turns":9},{"damage":0,"enemies":"3 Shapes","floor":36,"turns":6},{"damage":27,"enemies":"Awakened One","floor":38,"turns":20}],"seed_played":"-4022045437917045688","potions_obtained":[{"floor":4,"key":"GamblersBrew"},{"floor":5,"key":"GhostInAJar"},{"floor":8,"key":"SteroidPotion"},{"floor":18,"key":"SteroidPotion"},{"floor":21,"key":"Energy Potion"},{"floor":36,"key":"SteroidPotion"}],"is_trial":false,"path_per_floor":["M","M","$","M","M","R","M","?","T","R","?","M","$","?","R","B",null,"M","?","?","M","M","E","R","E","T","R","M","R","M","M","R","B",null,"M","M","?","B",null],"character_chosen":"THE_SILENT","items_purchased":["Footwork","Whetstone"],"campfire_rested":6,"item_purchase_floors":[3,13],"current_hp_per_floor":[58,58,58,57,56,56,25,10,10,29,29,13,13,2,21,21,55,55,55,55,52,50,41,66,12,12,46,46,66,60,60,66,55,63,61,61,61,34],"gold":368,"neow_bonus":"TRANSFORM_CARD","is_prod":false,"is_daily":false,"chose_seed":false,"campfire_upgraded":1,"win_rate":0,"timestamp":1555252049,"path_taken":["M","M","$","M","M","R","M","?","T","R","?","M","$","?","R","BOSS","M","?","?","M","M","E","R","E","T","R","?","R","M","M","R","BOSS","M","M","?","BOSS"],"build_version":"2019-01-23","purchased_purges":1,"victory":true,"max_hp_per_floor":[66,66,66,66,66,66,66,66,66,66,66,66,66,66,66,66,66,66,66,66,66,66,66,66,66,66,66,66,66,66,66,66,66,66,66,66,66,66],"card_choices":[{"not_picked":["Cloak And Dagger","Dagger Throw"],"picked":"Backflip","floor":1},{"not_picked":["Dodge and Roll","Prepared"],"picked":"Noxious Fumes","floor":2},{"not_picked":["Distraction","Underhanded Strike"],"picked":"Footwork","floor":4},{"not_picked":["Prepared","Poisoned Stab"],"picked":"Terror","floor":5},{"not_picked":["Burst","Outmaneuver","Terror"],"picked":"SKIP","floor":7},{"not_picked":["Bane","Finisher"],"picked":"Predator","floor":8},{"not_picked":["Dagger Spray","Predator","Eviscerate"],"picked":"SKIP","floor":12},{"not_picked":["Wraith Form v2","A Thousand Cuts"],"picked":"Malaise+1","floor":16},{"not_picked":["Acrobatics+1","Eviscerate","Calculated Gamble+1"],"picked":"SKIP","floor":18},{"not_picked":["Finisher","Blade Dance+1","Underhanded Strike"],"picked":"SKIP","floor":21},{"not_picked":["Accuracy","Prepared+1"],"picked":"Sucker Punch+1","floor":22},{"not_picked":["Burst+1","Finisher"],"picked":"Heel Hook+1","floor":23},{"not_picked":["Sucker Punch","Calculated Gamble+1"],"picked":"Venomology+1","floor":25},{"not_picked":["Bane","Reflex+1","Underhanded Strike+1"],"picked":"SKIP","floor":28},{"not_picked":["Leg Sweep+1","Deadly Poison+1"],"picked":"Bane+1","floor":30},{"not_picked":["Setup+1","Acrobatics+1"],"picked":"Backflip+1","floor":31},{"not_picked":["Malaise+1","Glass Knife"],"picked":"After Image","floor":33},{"not_picked":["Outmaneuver+1","Cloak And Dagger+1"],"picked":"Backflip+1","floor":35},{"not_picked":["Acrobatics+1","Tactician+1"],"picked":"Dodge and Roll+1","floor":36}],"player_experience":495956,"relics_obtained":[{"floor":8,"key":"Turnip"},{"floor":9,"key":"Toxic Egg 2"},{"floor":14,"key":"Odd Mushroom"},{"floor":23,"key":"Regal Pillow"},{"floor":25,"key":"Paper Crane"},{"floor":26,"key":"Shuriken"}],"event_choices":[{"damage_healed":0,"gold_gain":0,"player_choice":"Searched \u00271\u0027 times","damage_taken":0,"max_hp_gain":0,"max_hp_loss":0,"event_name":"Dead Adventurer","floor":8,"gold_loss":0},{"cards_removed":["Strike_G"],"damage_healed":0,"gold_gain":0,"player_choice":"Forget","damage_taken":0,"max_hp_gain":0,"max_hp_loss":0,"event_name":"Living Wall","floor":11,"gold_loss":0},{"damage_healed":0,"gold_gain":0,"player_choice":"Fought Mushrooms","damage_taken":0,"max_hp_gain":0,"max_hp_loss":0,"event_name":"Mushrooms","floor":14,"gold_loss":0},{"damage_healed":0,"gold_gain":0,"player_choice":"Obtained Relic","damage_taken":0,"relics_obtained":["PreservedInsect"],"max_hp_gain":0,"max_hp_loss":0,"event_name":"Addict","floor":19,"gold_loss":85},{"cards_removed":["Strike_G"],"damage_healed":0,"gold_gain":0,"player_choice":"Offered Basic","damage_taken":0,"max_hp_gain":0,"max_hp_loss":0,"event_name":"Bonfire Elementals","floor":20,"gold_loss":0},{"damage_healed":0,"gold_gain":0,"player_choice":"Took Portal","damage_taken":0,"max_hp_gain":0,"max_hp_loss":0,"event_name":"SecretPortal","floor":37,"gold_loss":0}],"is_beta":false,"boss_relics":[{"not_picked":["Runic Dome","Snecko Eye"],"picked":"Fusion Hammer"},{"not_picked":["Cursed Key","Empty Cage"],"picked":"Velvet Choker"}],"items_purged_floors":[3],"is_endless":false,"potions_floor_spawned":[4,5,8,12,18,21,22,36],"ascension_level":18}