{"gold_per_floor":[115,133,143,154,171,199,199,212,237,237,253,253,265,284,284,355,355,372,372,13,23,23,23,41,41,41,41,12,12,22,36,36,36],"floor_reached":33,"playtime":942,"items_purged":["Strike_B"],"score":497,"play_id":"273a6d48-fb35-4197-a388-891c3364ee03","local_time":"20190501205236","is_ascension_mode":true,"campfire_choices":[{"data":"1","floor":7,"key":"LIFT"},{"data":"Sunder","floor":10,"key":"SMITH"},{"data":"2","floor":12,"key":"LIFT"},{"floor":15,"key":"REST"},{"floor":23,"key":"REST"},{"data":"3","floor":27,"key":"LIFT"},{"floor":29,"key":"REST"},{"floor":32,"key":"REST"}],"neow_cost":"NONE","seed_source_timestamp":1726651245059168,"circlet_count":0,"master_deck":["AscendersBane","Strike_B","Strike_B","Strike_B","Defend_B","Defend_B","Defend_B","Defend_B","Zap+1","Dualcast","Gash","Sunder+1","Sweeping Beam","Streamline","Leap","BootSequence","Ball Lightning","Hologram","Self Repair","Coolheaded","Gash+1","Go for the Eyes+1"],"relics":["Cracked Core","Girya","Oddly Smooth Stone","Velvet Choker","Letter Opener","Molten Egg 2","Pocketwatch"],"potions_floor_usage":[13,16,18,19],"damage_taken":[{"damage":1,"enemies":"Cultist","floor":1,"turns":4},{"damage":3,"enemies":"2 Louse","floor":2,"turns":3},{"damage":2,"enemies":"Jaw Worm","floor":3,"turns":3},{"damage":5,"enemies":"Gremlin Gang","floor":4,"turns":3},{"damage":6,"enemies":"2 Fungi Beasts","floor":5,"turns":4},{"damage":21,"enemies":"3 Sentries","floor":6,"turns":5},{"damage":3,"enemies":"Large Slime","floor":8,"turns":3},{"damage":0,"enemies":"Looter","floor":11,"turns":2},{"damage":0,"enemies":"Blue Slaver","floor":13,"turns":2},{"damage":0,"enemies":"3 Louse","floor":14,"turns":2},{"damage":22,"enemies":"Slime Boss","floor":16,"turns":8},{"damage":20,"enemies":"3 Byrds","floor":18,"turns":5},{"damage":0,"enemies":"2 Thieves","floor":19,"turns":1},{"damage":18,"enemies":"Cultist and Chosen","floor":21,"turns":5},{"damage":38,"enemies":"Shelled Parasite and Fungi","floor":24,"turns":5},{"damage":21,"enemies":"Snake Plant","floor":30,"turns":3},{"damage":9,"enemies":"Sentry and Sphere","floor":31,"turns":4},{"damage":75,"enemies":"Automaton","floor":33,"turns":6}],"seed_played":"-7139363043613338475","potions_obtained":[{"floor":3,"key":"Dexterity Potion"},{"floor":4,"key":"FearPotion"},{"floor":8,"key":"Regen Potion"},{"floor":13,"key":"Weak Potion"},{"floor":14,"key":"SmokeBomb"},{"floor":16,"key":"Swift Potion"},{"floor":18,"key":"Poison Potion"},{"floor":30,"key":"SpeedPotion"}],"is_trial":false,"path_per_floor":["M","M","M","M","M","E","R","M","T","R","M","R","M","M","R","B",null,"M","M","$","M","?","R","M","T","T","R","$","R","M","M","R","B"],"character_chosen":"DEFECT","items_purchased":["Letter Opener","Gash+1"],"campfire_rested":4,"item_purchase_floors":[20,28],"current_hp_per_floor":[63,60,58,53,47,26,26,23,23,23,23,23,28,28,49,27,60,40,40,40,29,29,50,19,19,19,19,19,40,26,24,45,0],"gold":36,"neow_bonus":"UPGRADE_CARD","is_prod":false,"is_daily":false,"chose_seed":false,"campfire_upgraded":1,"win_rate":0,"timestamp":1556736756,"path_taken":["M","M","M","?","M","E","R","M","T","R","M","R","M","M","R","BOSS","M","M","$","M","?","R","M","?","T","R","$","R","M","?","R","BOSS"],"build_version":"2019-01-23","purchased_purges":1,"victory":false,"max_hp_per_floor":[71,71,71,71,71,71,71,71,71,71,71,71,71,71,71,71,71,71,71,71,71,71,71,71,71,71,71,71,71,71,71,71,71],"card_choices":[{"not_picked":["Redo","Beam Cell"],"picked":"Gash","floor":1},{"not_picked":["Rebound","Ball Lightning"],"picked":"Sunder","floor":2},{"not_picked":["Redo","Beam Cell"],"picked":"Sweeping Beam","floor":3},{"not_picked":["Storm","Amplify"],"picked":"Streamline","floor":4},{"not_picked":["Stack","Consume"],"picked":"Leap","floor":5},{"not_picked":["Ball Lightning","Barrage"],"picked":"BootSequence","floor":6},{"not_picked":["Static Discharge","Compile Driver"],"picked":"Ball Lightning","floor":8},{"not_picked":["Static Discharge","Consume"],"picked":"Hologram","floor":11},{"not_picked":["Recycle","Beam Cell","Sweeping Beam"],"picked":"SKIP","floor":13},{"not_picked":["Rip and Tear","Rainbow","Chaos"],"picked":"SKIP","floor":14},{"not_picked":["Go for the Eyes","Lockon"],"picked":"Self Repair","floor":18},{"not_picked":["Scrape","Turbo","Rebound+1"],"picked":"SKIP","floor":21},{"not_picked":["Fusion","Chaos"],"picked":"Coolheaded","floor":24},{"not_picked":["Streamline+1","Aggregate","Chaos"],"picked":"SKIP","floor":30},{"not_picked":["Beam Cell+1","Consume"],"picked":"Go for the Eyes+1","floor":31}],"player_experience":537583,"relics_obtained":[{"floor":6,"key":"Girya"},{"floor":9,"key":"Oddly Smooth Stone"},{"floor":25,"key":"Molten Egg 2"},{"floor":26,"key":"Pocketwatch"}],"event_choices":[{"damage_healed":0,"gold_gain":0,"player_choice":"Ignored","damage_taken":0,"max_hp_gain":0,"max_hp_loss":0,"event_name":"Ghosts","floor":22,"gold_loss":0}],"is_beta":false,"boss_relics":[{"not_picked":["FrozenCore","Coffee Dripper"],"picked":"Velvet Choker"}],"items_purged_floors":[20],"is_endless":false,"potions_floor_spawned":[3,4,8,13,14,16,18,30],"killed_by":"Automaton","ascension_level":19}