{"gold_per_floor":[111,186,197,208,224,224,250,250,274,274,274,274,289,320,320,394,394,406,195,145,59,73,73,83,112,136,136,52,52,52,68,68,145,145,158,169,169,183,183,216,216,227,227,252,252,269,282,104,104,104],"floor_reached":50,"playtime":2307,"items_purged":["Outmaneuver"],"score":1060,"play_id":"64f03980-586d-4e0e-a1a8-52a47a0fb305","local_time":"20190510130419","is_ascension_mode":true,"campfire_choices":[{"data":"Leg Sweep","floor":6.0,"key":"SMITH"},{"floor":8.0,"key":"REST"},{"data":"Sucker Punch","floor":10.0,"key":"SMITH"},{"data":"Neutralize","floor":12.0,"key":"SMITH"},{"data":"Quick Slash","floor":15.0,"key":"SMITH"},{"data":"Footwork","floor":23.0,"key":"SMITH"},{"floor":27.0,"key":"REST"},{"data":"Footwork","floor":29.0,"key":"SMITH"},{"floor":32.0,"key":"REST"},{"floor":41.0,"key":"RECALL"},{"floor":45.0,"key":"REST"},{"floor":49,"key":"REST"}],"neow_cost":"NONE","seed_source_timestamp":793757538256339,"circlet_count":0,"master_deck":["AscendersBane","Survivor","Neutralize+1","Leg Sweep+1","Quick Slash+1","Sucker Punch+1","Well Laid Plans+1","All Out Attack+1","Adrenaline","Acrobatics","Corpse Explosion","Poisoned Stab","Die Die Die","Tools of the Trade","Flechettes","Malaise","Sucker Punch","Footwork","Backflip","Footwork+1","Footwork+1","A Thousand Cuts","Leg Sweep"],"special_seed":0,"relics":["Busted Crown","Bag of Marbles","Oddly Smooth Stone","Potion Belt","Pandora\u0027s Box","Blood Vial","Snake Skull","Runic Pyramid","The Courier","Blue Candle","Bag of Preparation"],"potions_floor_usage":[46],"damage_taken":[{"damage":0.0,"enemies":"2 Louse","floor":1.0,"turns":3.0},{"damage":0.0,"enemies":"Jaw Worm","floor":3.0,"turns":6.0},{"damage":0.0,"enemies":"Cultist","floor":4.0,"turns":5.0},{"damage":0.0,"enemies":"Exordium Thugs","floor":5.0,"turns":8.0},{"damage":37.0,"enemies":"Gremlin Nob","floor":7.0,"turns":6.0},{"damage":2.0,"enemies":"Looter","floor":13.0,"turns":4.0},{"damage":10.0,"enemies":"3 Sentries","floor":14.0,"turns":9.0},{"damage":29.0,"enemies":"Slime Boss","floor":16.0,"turns":15.0},{"damage":17.0,"enemies":"Shell Parasite","floor":18.0,"turns":6.0},{"damage":0.0,"enemies":"2 Thieves","floor":22.0,"turns":1.0},{"damage":15.0,"enemies":"Snecko","floor":24.0,"turns":6.0},{"damage":1.0,"enemies":"Gremlin Leader","floor":25.0,"turns":5.0},{"damage":0.0,"enemies":"3 Cultists","floor":31.0,"turns":2.0},{"damage":42.0,"enemies":"Champ","floor":33.0,"turns":18.0},{"damage":15.0,"enemies":"Orb Walker","floor":35.0,"turns":5.0},{"damage":14.0,"enemies":"3 Shapes","floor":36.0,"turns":3.0},{"damage":24.0,"enemies":"Spire Growth","floor":38.0,"turns":9.0},{"damage":6.0,"enemies":"Nemesis","floor":40.0,"turns":11.0},{"damage":0.0,"enemies":"Jaw Worm Horde","floor":42.0,"turns":2.0},{"damage":49.0,"enemies":"Reptomancer","floor":44.0,"turns":10.0},{"damage":0,"enemies":"3 Darklings","floor":46,"turns":1},{"damage":16,"enemies":"Spire Growth","floor":47,"turns":11},{"damage":31,"enemies":"Time Eater","floor":50,"turns":19}],"seed_played":"-2523940828468471714","potions_obtained":[{"floor":5.0,"key":"GhostInAJar"},{"floor":11.0,"key":"Regen Potion"},{"floor":14.0,"key":"Poison Potion"},{"floor":16.0,"key":"Explosive Potion"},{"floor":25.0,"key":"Explosive Potion"},{"floor":36.0,"key":"Poison Potion"},{"floor":40.0,"key":"SteroidPotion"},{"floor":46,"key":"Poison Potion"}],"is_trial":false,"path_per_floor":["M","?","M","M","M","R","E","R","T","R","?","R","M","E","R","B",null,"M","$","?","$","M","R","M","E","T","R","$","R","?","M","R","B",null,"M","M","?","M","?","E","R","M","T","E","R","M","M","$","R","B"],"character_chosen":"THE_SILENT","items_purchased":["Footwork","Backflip","Footwork","Footwork","Bag of Preparation","Dexterity Potion"],"campfire_rested":5,"item_purchase_floors":[19,19,21,28,48,48],"current_hp_per_floor":[59,48,48,48,48,48,11,30,30,30,30,30,28,33,33,4,51,34,34,34,34,34,34,19,18,18,37,37,37,37,39,58,18,54,41,29,29,7,54,48,48,50,50,3,19,21,7,7,23,0],"gold":104,"neow_bonus":"BOSS_RELIC","is_prod":false,"is_daily":false,"chose_seed":false,"campfire_upgraded":6,"win_rate":0,"timestamp":1557518659,"path_taken":["M","?","M","M","M","R","E","R","T","R","?","R","M","E","R","BOSS","M","$","?","$","M","R","M","E","T","R","?","R","?","M","R","BOSS","M","M","?","M","?","E","R","?","T","E","R","M","M","$","R","BOSS"],"build_version":"2019-05-07","purchased_purges":1,"victory":false,"max_hp_per_floor":[66,66,66,66,66,66,66,66,66,66,66,66,66,66,66,66,66,66,66,66,66,66,66,66,66,66,66,66,66,66,66,66,66,66,66,66,66,66,54,54,54,54,54,54,54,54,54,54,54,54],"card_choices":[{"not_picked":["Blade Dance"],"picked":"SKIP","floor":1.0},{"not_picked":[],"picked":"Leg Sweep","floor":3.0},{"not_picked":[],"picked":"Quick Slash","floor":4.0},{"not_picked":[],"picked":"Sucker Punch","floor":5.0},{"not_picked":[],"picked":"Well Laid Plans","floor":7.0},{"not_picked":[],"picked":"All Out Attack","floor":13.0},{"not_picked":["Slice"],"picked":"SKIP","floor":14.0},{"not_picked":[],"picked":"Adrenaline","floor":16.0},{"not_picked":["Bane"],"picked":"SKIP","floor":18.0},{"not_picked":["Infinite Blades+1"],"picked":"SKIP","floor":22.0},{"not_picked":["Flying Knee+1"],"picked":"SKIP","floor":24.0},{"not_picked":["Quick Slash"],"picked":"SKIP","floor":25.0},{"not_picked":["Accuracy"],"picked":"SKIP","floor":31.0},{"not_picked":[],"picked":"A Thousand Cuts","floor":33.0},{"not_picked":["Underhanded Strike"],"picked":"SKIP","floor":35.0},{"not_picked":["Deadly Poison"],"picked":"SKIP","floor":36.0},{"not_picked":["Flying Knee"],"picked":"SKIP","floor":38.0},{"not_picked":[],"picked":"Leg Sweep","floor":40.0},{"not_picked":["Deflect"],"picked":"SKIP","floor":42.0},{"not_picked":["Night Terror"],"picked":"SKIP","floor":44.0},{"not_picked":["Setup"],"picked":"SKIP","floor":46},{"not_picked":["Blade Dance+1"],"picked":"SKIP","floor":47}],"player_experience":1242740,"relics_obtained":[{"floor":7.0,"key":"Bag of Marbles"},{"floor":9.0,"key":"Oddly Smooth Stone"},{"floor":14.0,"key":"Potion Belt"},{"floor":25.0,"key":"Blood Vial"},{"floor":26.0,"key":"Snake Skull"},{"floor":40.0,"key":"The Courier"},{"floor":44.0,"key":"Blue Candle"}],"event_choices":[{"damage_healed":0.0,"max_hp_gain":0.0,"max_hp_loss":0.0,"gold_gain":75.0,"event_name":"World of Goop","player_choice":"Gather Gold","floor":2.0,"gold_loss":0.0,"damage_taken":11.0},{"damage_healed":0.0,"max_hp_gain":0.0,"max_hp_loss":0.0,"gold_gain":0.0,"event_name":"Lab","player_choice":"Got Potions","floor":11.0,"gold_loss":0.0,"damage_taken":0.0},{"damage_healed":0.0,"max_hp_gain":0.0,"max_hp_loss":0.0,"gold_gain":0.0,"event_name":"Designer","player_choice":"Upgraded Two","floor":20.0,"gold_loss":50.0,"damage_taken":0.0,"cards_upgraded":["Well Laid Plans","All Out Attack"]},{"cards_removed":["Phantasmal Killer"],"damage_healed":0.0,"max_hp_gain":0.0,"max_hp_loss":0.0,"gold_gain":0.0,"event_name":"Purifier","player_choice":"Purged","floor":30.0,"gold_loss":0.0,"damage_taken":0.0},{"damage_healed":0.0,"max_hp_gain":0.0,"max_hp_loss":0.0,"gold_gain":0.0,"event_name":"Tomb of Lord Red Mask","player_choice":"Ignored","floor":37.0,"gold_loss":0.0,"damage_taken":0.0},{"damage_healed":54.0,"max_hp_gain":0.0,"max_hp_loss":12.0,"gold_gain":0.0,"event_name":"The Moai Head","player_choice":"Heal","floor":39.0,"gold_loss":0.0,"damage_taken":0.0}],"is_beta":true,"boss_relics":[{"not_picked":["Orrery","Coffee Dripper"],"picked":"Pandora\u0027s Box"},{"not_picked":["Tiny House","Empty Cage"],"picked":"Runic Pyramid"}],"items_purged_floors":[19],"is_endless":false,"potions_floor_spawned":[5,13,14,16,25,36,40,46],"killed_by":"Time Eater","ascension_level":20}