{"path_per_floor":["M","?","M","?","M","R","E","R","T","R","M","R","$","?","R","B",null,"M","M","$","?","?","R","M","R","T","M","R","M","?","E","R","B",null,"M","?","M","M","?","R","M","R","T","M","R","M","M"],"character_chosen":"THE_SILENT","items_purchased":["Caltrops"],"gold_per_floor":[113,113,132,132,152,152,184,184,184,184,196,196,51,51,51,154,154,119,132,32,32,32,32,50,50,50,69,69,82,7,42,42,140,140,153,153,169,185,185,185,198,198,198,209,209,226,237],"floor_reached":48,"campfire_rested":5,"playtime":4542,"current_hp_per_floor":[60,65,64,64,60,60,53,53,53,53,50,50,50,35,57,52,75,45,19,19,19,19,41,38,38,38,34,56,53,53,25,50,27,85,82,82,82,82,71,71,39,64,64,60,60,39,11],"items_purged":["Strike_G","Strike_G"],"gold":237,"score":487,"play_id":"657df4c1-3d8f-4829-8e61-ecd9cf847a73","is_prod":false,"is_daily":false,"is_ascension_mode":true,"campfire_upgraded":7,"path_taken":["M","?","M","?","M","R","E","R","T","R","M","R","$","?","R","BOSS","M","M","$","?","?","R","?","R","T","M","R","M","?","E","R","BOSS","M","?","?","M","?","R","M","R","T","M","R","M","?","M"],"build_version":"2018-02-15-PROD1","purchased_purges":2,"victory":false,"master_deck":["Defend_G+1","Defend_G+1","Defend_G+1","Defend_G+1","Defend_G+1","Strike_G+1","Strike_G+1","Strike_G+1","Survivor+1","Neutralize+1","Dagger Throw","Dagger Throw","Malaise+1","Noxious Fumes+1","Caltrops+1","Burst+1","Backflip","PiercingWail+1","Expertise","Footwork+1","Flying Knee+1","Corpse Explosion","Leg Sweep+1","Dodge and Roll+1","Quick Slash+1","Madness","Madness","Noxious Fumes+1"],"max_hp_per_floor":[63,68,68,68,68,68,75,75,75,75,75,75,75,75,75,75,75,75,75,75,75,75,75,75,75,75,75,75,75,75,85,85,85,85,85,85,85,85,85,85,85,85,85,85,85,85,85],"relics":["Ring of the Snake","Ice Cream","Strawberry","Sundial","The Specimen","Snake Skull","Ginger","Pear","Cursed Key"],"card_choices":[{"not_picked":["Expertise","PiercingWail"],"picked":"Dagger Throw"},{"not_picked":["Outmaneuver","Dodge and Roll"],"picked":"Malaise"},{"not_picked":["Calculated Gamble","Flechettes"],"picked":"Noxious Fumes"},{"not_picked":["Bullet Time","After Image"],"picked":"Burst"},{"not_picked":["PiercingWail","Heel Hook"],"picked":"Backflip"},{"not_picked":["Slice","Heel Hook"],"picked":"PiercingWail"},{"not_picked":["Choke","Riddle With Holes"],"picked":"Expertise"},{"not_picked":["Dagger Throw","Quick Slash"],"picked":"Footwork"},{"not_picked":["Choke","Poisoned Stab"],"picked":"Flying Knee"},{"not_picked":["Die Die Die","Unload"],"picked":"Corpse Explosion"},{"not_picked":["Reflex","Dagger Throw"],"picked":"Leg Sweep"},{"not_picked":["Endless Agony","Acrobatics"],"picked":"Dodge and Roll"},{"not_picked":["Sucker Punch","Distraction"],"picked":"Quick Slash"},{"not_picked":["Deadly Poison","Poisoned Stab"],"picked":"Noxious Fumes"}],"player_experience":99274,"potions_floor_usage":[16,33,41,46],"damage_taken":[{"damage":3,"enemies":"Jaw Worm","floor":1,"turns":5},{"damage":1,"enemies":"2 Louse","floor":3,"turns":3},{"damage":4,"enemies":"Cultist","floor":5,"turns":3},{"damage":14,"enemies":"3 Sentries","floor":7,"turns":11},{"damage":3,"enemies":"Exordium Thugs","floor":11,"turns":4},{"damage":5,"enemies":"Slime Boss","floor":16,"turns":10},{"damage":30,"enemies":"2 Thieves","floor":18,"turns":5},{"damage":26,"enemies":"Spheric Guardian","floor":19,"turns":6},{"damage":3,"enemies":"Snake Plant","floor":24,"turns":7},{"damage":4,"enemies":"Snecko","floor":27,"turns":8},{"damage":3,"enemies":"Chosen and Byrds","floor":29,"turns":6},{"damage":38,"enemies":"Gremlin Leader","floor":31,"turns":8},{"damage":23,"enemies":"Collector","floor":33,"turns":9},{"damage":3,"enemies":"Orb Walker","floor":35,"turns":6},{"damage":0,"enemies":"3 Shapes","floor":37,"turns":7},{"damage":0,"enemies":"Maw","floor":38,"turns":11},{"damage":32,"enemies":"Sphere and 2 Shapes","floor":41,"turns":9},{"damage":4,"enemies":"3 Darklings","floor":44,"turns":6},{"damage":21,"enemies":"4 Shapes","floor":46,"turns":7},{"damage":28,"enemies":"Sphere and 2 Shapes","floor":47,"turns":6},{"damage":20,"enemies":"Maw","floor":48,"turns":4}],"event_choices":[{"event_name":"Big Fish","player_choice":"Donut","floor":2,"damage_taken":0},{"event_name":"Match and Keep!","player_choice":"1 cards matched","floor":4,"damage_taken":0},{"event_name":"Shining Light","player_choice":"Entered Light","floor":14,"damage_taken":0},{"event_name":"The Mausoleum","player_choice":"Yes","floor":21,"damage_taken":0},{"event_name":"Back to Basics","player_choice":"Simplicity","floor":22,"damage_taken":0},{"event_name":"Beggar","player_choice":"Gave Gold","floor":30,"damage_taken":0},{"event_name":"Mysterious Sphere","player_choice":"Ignore","floor":36,"damage_taken":0},{"event_name":"Winding Halls","player_choice":"Embrace Madness","floor":39,"damage_taken":0}],"boss_relics":[{"not_picked":["Lizard Tail","Velvet Choker"],"picked":"The Specimen"},{"not_picked":["Question Card","Runic Dome"],"picked":"Cursed Key"}],"potions_floor_spawned":[7,11,24,27,31,38,41,47],"seed_played":"-4158896709111364917","killed_by":"Maw","ascension_level":3,"is_trial":false}