{"gold_per_floor":[15,27,27,41,56,85,98,98,121,121,121,133,58,68,68,142,142,157,157,82,97,17,17,37,37,37,55,55,74,74,91,91,168,168,185,85,85,2,0,0,16,16,16,66,82,82,95,113,113,113],"floor_reached":51,"playtime":2425,"items_purged":["Strike_R","Strike_R"],"score":1239,"play_id":"b092251c-44ff-4eef-9393-c62933acde25","local_time":"20190507203554","is_ascension_mode":true,"campfire_choices":[{"data":"Body Slam","floor":8,"key":"SMITH"},{"floor":10,"key":"REST"},{"floor":15,"key":"REST"},{"data":"Body Slam","floor":23,"key":"SMITH"},{"data":"Barricade","floor":28,"key":"SMITH"},{"floor":30,"key":"REST"},{"floor":32,"key":"REST"},{"data":"Flame Barrier","floor":40,"key":"SMITH"},{"data":"Shrug It Off","floor":42,"key":"SMITH"},{"data":"True Grit","floor":46,"key":"SMITH"},{"data":"Shrug It Off","floor":49,"key":"SMITH"}],"neow_cost":"NO_GOLD","seed_source_timestamp":2242583555117345,"circlet_count":0,"master_deck":["AscendersBane","Strike_R","Defend_R","Defend_R","Defend_R","Defend_R","Bash","Impervious","Armaments+1","Shrug It Off+1","Body Slam+1","Shrug It Off+1","Thunderclap","Fiend Fire","Barricade+1","Intimidate+1","Necronomicurse","Body Slam+1","Flame Barrier+1","Battle Trance","Reaper","Disarm","True Grit+1","Shrug It Off"],"relics":["Black Blood","Potion Belt","Vajra","Sozu","Necronomicon","Dodecahedron","Red Mask","Mercury Hourglass"],"potions_floor_usage":[7,33,50],"damage_taken":[{"damage":1,"enemies":"Cultist","floor":1,"turns":3},{"damage":0,"enemies":"Jaw Worm","floor":2,"turns":5},{"damage":3,"enemies":"Small Slimes","floor":4,"turns":5},{"damage":0,"enemies":"2 Fungi Beasts","floor":5,"turns":5},{"damage":74,"enemies":"Lagavulin","floor":6,"turns":13},{"damage":1,"enemies":"Red Slaver","floor":7,"turns":3},{"damage":6,"enemies":"Looter","floor":12,"turns":3},{"damage":21,"enemies":"Gremlin Gang","floor":14,"turns":5},{"damage":15,"enemies":"Slime Boss","floor":16,"turns":11},{"damage":0,"enemies":"Chosen","floor":18,"turns":4},{"damage":5,"enemies":"3 Byrds","floor":21,"turns":6},{"damage":13,"enemies":"Centurion and Healer","floor":24,"turns":7},{"damage":8,"enemies":"Snake Plant","floor":27,"turns":5},{"damage":37,"enemies":"Snecko","floor":29,"turns":6},{"damage":0,"enemies":"Centurion and Healer","floor":31,"turns":7},{"damage":23,"enemies":"Champ","floor":33,"turns":14},{"damage":0,"enemies":"3 Shapes","floor":35,"turns":6},{"damage":4,"enemies":"3 Darklings","floor":41,"turns":7},{"damage":0,"enemies":"Sphere and 2 Shapes","floor":45,"turns":5},{"damage":26,"enemies":"Transient","floor":47,"turns":6},{"damage":24,"enemies":"Maw","floor":48,"turns":7},{"damage":16,"enemies":"Time Eater","floor":50,"turns":11}],"seed_played":"245143964235045515","potions_obtained":[{"floor":5,"key":"Regen Potion"},{"floor":6,"key":"Dexterity Potion"},{"floor":7,"key":"GamblersBrew"},{"floor":16,"key":"Swift Potion"}],"is_trial":false,"path_per_floor":["M","M","?","M","M","E","M","R","T","R","?","M","$","M","R","B",null,"M","?","?","M","$","R","M","$","T","M","R","M","R","M","R","B",null,"M","$","?","$","?","R","M","R","T","?","M","R","M","M","R","B",null],"character_chosen":"IRONCLAD","items_purchased":["Flame Barrier","Disarm"],"campfire_rested":4,"item_purchase_floors":[22,38],"current_hp_per_floor":[73,75,75,75,75,7,21,21,21,43,36,36,36,21,43,34,65,71,50,50,51,51,51,44,44,44,42,42,11,33,39,61,44,67,75,75,75,75,75,75,75,75,75,75,75,75,69,73,73,75],"gold":113,"neow_bonus":"THREE_RARE_CARDS","is_prod":false,"is_daily":false,"chose_seed":false,"campfire_upgraded":7,"win_rate":0,"timestamp":1557254154,"path_taken":["M","M","?","M","?","E","M","R","T","R","?","M","$","M","R","BOSS","M","?","?","M","$","R","M","$","T","M","R","M","R","M","R","BOSS","M","$","?","$","?","R","M","R","T","?","?","R","M","M","R","BOSS"],"build_version":"2019-01-23","purchased_purges":2,"victory":true,"max_hp_per_floor":[75,75,75,75,75,75,75,75,75,75,75,75,75,75,75,75,75,75,75,75,75,75,75,75,75,75,75,75,75,75,75,75,75,75,75,75,75,75,75,75,75,75,75,75,75,75,75,75,75,75],"card_choices":[{"not_picked":["Barricade","Reaper"],"picked":"Impervious","floor":0},{"not_picked":["Wild Strike","Clash"],"picked":"Armaments","floor":1},{"not_picked":["Sever Soul","Body Slam"],"picked":"Shrug It Off","floor":2},{"not_picked":["Clash","Seeing Red"],"picked":"Body Slam","floor":4},{"not_picked":["Wild Strike","Armaments"],"picked":"Shrug It Off","floor":5},{"not_picked":["Dark Embrace","Pummel","Armaments"],"picked":"SKIP","floor":6},{"not_picked":["Intimidate","Clash"],"picked":"Thunderclap","floor":7},{"not_picked":["Anger","Infernal Blade"],"picked":"Shrug It Off","floor":12},{"not_picked":["Heavy Blade","Iron Wave"],"picked":"Fiend Fire","floor":14},{"not_picked":["Exhume","Juggernaut"],"picked":"Barricade","floor":16},{"not_picked":["Wild Strike+1","Armaments","Intimidate+1"],"picked":"SKIP","floor":18},{"not_picked":["Wild Strike+1","Armaments"],"picked":"Intimidate+1","floor":18},{"not_picked":["Cleave","Intimidate"],"picked":"Body Slam","floor":21},{"not_picked":["Second Wind","Sentinel+1","Wild Strike"],"picked":"SKIP","floor":24},{"not_picked":["Headbutt","Clothesline"],"picked":"Battle Trance","floor":27},{"not_picked":["Infernal Blade","Sever Soul","Twin Strike"],"picked":"SKIP","floor":29},{"not_picked":["Headbutt+1","Demon Form","Dual Wield"],"picked":"SKIP","floor":31},{"not_picked":["Exhume","Dark Embrace"],"picked":"Reaper","floor":33},{"not_picked":["Battle Trance","Power Through","Cleave"],"picked":"SKIP","floor":35},{"not_picked":["Evolve","Flex","Infernal Blade+1"],"picked":"SKIP","floor":41},{"not_picked":["Wild Strike","Feel No Pain+1"],"picked":"True Grit","floor":45},{"not_picked":["Burning Pact","True Grit","Headbutt"],"picked":"SKIP","floor":47},{"not_picked":["Cleave","Uppercut"],"picked":"Shrug It Off","floor":48}],"player_experience":546070,"relics_obtained":[{"floor":6,"key":"Potion Belt"},{"floor":9,"key":"Vajra"},{"floor":19,"key":"Necronomicon"},{"floor":26,"key":"Dodecahedron"},{"floor":43,"key":"Mercury Hourglass"}],"event_choices":[{"damage_healed":0,"gold_gain":0,"player_choice":"Upgraded","damage_taken":0,"max_hp_gain":0,"max_hp_loss":0,"event_name":"Upgrade Shrine","floor":3,"gold_loss":0,"cards_upgraded":["Armaments"]},{"cards_removed":["Strike_R"],"damage_healed":0,"gold_gain":0,"player_choice":"Card Removal","damage_taken":7,"max_hp_gain":0,"max_hp_loss":0,"event_name":"Golden Wing","floor":11,"gold_loss":0},{"damage_healed":0,"gold_gain":0,"player_choice":"Obtained Book","damage_taken":21,"max_hp_gain":0,"max_hp_loss":0,"event_name":"Cursed Tome","floor":19,"gold_loss":0},{"cards_removed":["Strike_R"],"damage_healed":0,"gold_gain":0,"player_choice":"Single Remove","damage_taken":0,"max_hp_gain":0,"max_hp_loss":0,"event_name":"Designer","floor":20,"gold_loss":75},{"cards_removed":["Shrug It Off"],"damage_healed":0,"gold_gain":0,"player_choice":"Removed Skill","damage_taken":0,"max_hp_gain":0,"max_hp_loss":0,"event_name":"Falling","floor":37,"gold_loss":0},{"damage_healed":0,"gold_gain":0,"player_choice":"Paid","damage_taken":0,"relics_obtained":["Red Mask"],"max_hp_gain":0,"max_hp_loss":0,"event_name":"Tomb of Lord Red Mask","floor":39,"gold_loss":2},{"damage_healed":0,"gold_gain":50,"player_choice":"Pray","damage_taken":0,"max_hp_gain":0,"max_hp_loss":0,"event_name":"Golden Shrine","floor":44,"gold_loss":0}],"is_beta":false,"boss_relics":[{"not_picked":["Coffee Dripper","Orrery"],"picked":"Sozu"},{"not_picked":["Eternal Feather","Lizard Tail"],"picked":"Black Blood"}],"items_purged_floors":[13,36],"is_endless":false,"potions_floor_spawned":[5,6,7,16,24,29,31,41,45,48],"ascension_level":18}