{"gold_per_floor":[216,32,44,44,44,44,59,59,111,150,180,9,21,77,77,77],"floor_reached":16,"playtime":483,"items_purged":["Strike_B","Strike_B"],"score":215,"play_id":"fb3ade42-be58-4237-bc1d-1de46e697666","local_time":"20190509214559","is_ascension_mode":true,"campfire_choices":[{"data":"Zap","floor":6,"key":"SMITH"},{"floor":8,"key":"REST"},{"data":"Creative AI","floor":15,"key":"SMITH"}],"neow_cost":"NONE","seed_source_timestamp":2421553332880461,"circlet_count":0,"master_deck":["AscendersBane","Strike_B+1","Defend_B","Defend_B","Defend_B+1","Defend_B","Zap+1","Dualcast","Leap","Streamline","Gash","Gash","Gash","Creative AI+1","Leap","Doom and Gloom","Steam","Leap"],"relics":["Cracked Core","MawBank","Gremlin Horn","Tiny Chest"],"potions_floor_usage":[7,16],"damage_taken":[{"damage":0,"enemies":"2 Louse","floor":1,"turns":1},{"damage":2,"enemies":"Jaw Worm","floor":3,"turns":3},{"damage":0,"enemies":"Cultist","floor":7,"turns":3},{"damage":31,"enemies":"Lagavulin","floor":10,"turns":5},{"damage":0,"enemies":"3 Louse","floor":11,"turns":2},{"damage":1,"enemies":"Large Slime","floor":13,"turns":5},{"damage":20,"enemies":"3 Sentries","floor":14,"turns":5},{"damage":14,"enemies":"Hexaghost","floor":16,"turns":9}],"seed_played":"-3478081383422618788","potions_obtained":[{"floor":1,"key":"Regen Potion"},{"floor":3,"key":"SpeedPotion"},{"floor":11,"key":"Strength Potion"},{"floor":14,"key":"Fire Potion"}],"is_trial":false,"path_per_floor":["M","$","M","?","?","R","M","R","T","E","M","$","M","E","R","B"],"character_chosen":"DEFECT","items_purchased":["Streamline","Gash","Doom and Gloom"],"campfire_rested":1,"item_purchase_floors":[2,2,12],"current_hp_per_floor":[64,64,62,55,34,34,43,64,64,33,33,33,32,12,12,0],"gold":77,"neow_bonus":"HUNDRED_GOLD","is_prod":false,"is_daily":false,"chose_seed":false,"campfire_upgraded":2,"win_rate":0,"timestamp":1557431159,"path_taken":["M","$","M","?","?","R","M","R","T","E","M","?","?","E","R","BOSS"],"build_version":"2019-01-23","purchased_purges":2,"victory":false,"max_hp_per_floor":[71,71,71,71,71,71,71,71,71,71,71,71,71,71,71,71],"card_choices":[{"not_picked":["Chaos","Auto Shields"],"picked":"Leap","floor":1},{"not_picked":["Sweeping Beam","Cold Snap"],"picked":"Gash","floor":3},{"not_picked":["Consume","Loop"],"picked":"Gash","floor":7},{"not_picked":["Multi-Cast","Fusion"],"picked":"Creative AI","floor":10},{"not_picked":["Barrage","Gash"],"picked":"Leap","floor":11},{"not_picked":["Coolheaded","Sunder"],"picked":"Steam","floor":13},{"not_picked":["Redo","Go for the Eyes"],"picked":"Leap","floor":14}],"player_experience":559512,"relics_obtained":[{"floor":9,"key":"MawBank"},{"floor":10,"key":"Gremlin Horn"},{"floor":14,"key":"Tiny Chest"}],"event_choices":[{"cards_removed":["Strike_B"],"damage_healed":0,"gold_gain":0,"player_choice":"Card Removal","damage_taken":7,"max_hp_gain":0,"max_hp_loss":0,"event_name":"Golden Wing","floor":4,"gold_loss":0},{"damage_healed":0,"gold_gain":0,"player_choice":"Entered Light","damage_taken":21,"max_hp_gain":0,"max_hp_loss":0,"event_name":"Shining Light","floor":5,"gold_loss":0,"cards_upgraded":["Defend_B","Strike_B"]}],"is_beta":false,"boss_relics":[],"items_purged_floors":[2,12],"is_endless":false,"potions_floor_spawned":[1,3,11,13,14],"killed_by":"Hexaghost","ascension_level":19}