{"gold_per_floor":[212,212,29,66,99,99,149,149,149,224,224,224,263,294,294,371,371,371,179,234,248,261,261,295,295,295,328,328,348,348,405,405,405],"floor_reached":33,"playtime":1600,"items_purged":["Strike_G"],"score":498,"play_id":"22e1d632-1b29-4e5a-b5a4-50f0f3ead20e","local_time":"20190508200653","is_ascension_mode":true,"campfire_choices":[{"data":"Neutralize","floor":6,"key":"SMITH"},{"floor":8,"key":"REST"},{"floor":11,"key":"REST"},{"data":"Backflip","floor":15,"key":"SMITH"},{"data":"Footwork","floor":23,"key":"SMITH"},{"floor":25,"key":"REST"},{"floor":32,"key":"REST"}],"neow_cost":"NONE","seed_source_timestamp":2328082355484278,"circlet_count":0,"master_deck":["AscendersBane","Defend_G+1","Defend_G+1","Defend_G+1","Defend_G+1","Defend_G+1","Strike_G+1","Strike_G+1","Strike_G+1","Strike_G+1","Survivor","Neutralize+1","Masterful Stab","HandOfGreed","Flying Knee","Backflip+1","Noxious Fumes","Quick Slash","Adrenaline","Footwork+1","Well Laid Plans","Leg Sweep","Cloak And Dagger","Bane","PiercingWail+1","Dagger Spray"],"relics":["Ring of the Snake","Ninja Scroll","Happy Flower","Blue Candle","Sozu","Question Card","Potion Belt"],"potions_floor_usage":[16,31],"damage_taken":[{"damage":1,"enemies":"2 Louse","floor":1,"turns":3},{"damage":0,"enemies":"Jaw Worm","floor":4,"turns":3},{"damage":0,"enemies":"Cultist","floor":5,"turns":3},{"damage":48,"enemies":"Gremlin Nob","floor":7,"turns":5},{"damage":3,"enemies":"Blue Slaver","floor":13,"turns":3},{"damage":3,"enemies":"Large Slime","floor":14,"turns":5},{"damage":20,"enemies":"Hexaghost","floor":16,"turns":10},{"damage":10,"enemies":"2 Thieves","floor":18,"turns":4},{"damage":0,"enemies":"3 Byrds","floor":20,"turns":5},{"damage":20,"enemies":"3 Cultists","floor":21,"turns":7},{"damage":13,"enemies":"Snake Plant","floor":22,"turns":6},{"damage":0,"enemies":"Snecko","floor":24,"turns":6},{"damage":0,"enemies":"Centurion and Healer","floor":27,"turns":7},{"damage":5,"enemies":"Colosseum Slavers","floor":29,"turns":6},{"damage":7,"enemies":"Cultist and Chosen","floor":31,"turns":6},{"damage":59,"enemies":"Champ","floor":33,"turns":17}],"seed_played":"1636478108225394948","potions_obtained":[{"floor":7,"key":"PowerPotion"},{"floor":13,"key":"Ancient Potion"},{"floor":16,"key":"Energy Potion"}],"is_trial":false,"path_per_floor":["M","?","$","M","M","R","E","R","T","?","R","T","M","M","R","B",null,"M","$","M","M","M","R","M","R","T","M","?","?","T","M","R","B"],"character_chosen":"THE_SILENT","items_purchased":["HandOfGreed","Well Laid Plans","Leg Sweep"],"campfire_rested":4,"item_purchase_floors":[3,19,19],"current_hp_per_floor":[58,58,58,58,58,58,10,29,29,18,37,37,34,31,31,11,52,42,42,42,22,9,9,9,28,28,28,28,23,23,16,35,0],"gold":405,"neow_bonus":"HUNDRED_GOLD","is_prod":false,"is_daily":false,"chose_seed":false,"campfire_upgraded":3,"win_rate":0,"timestamp":1557338813,"path_taken":["M","?","$","M","M","R","E","R","T","?","R","?","M","M","R","BOSS","M","$","M","M","M","R","M","R","T","M","?","?","?","?","R","BOSS"],"build_version":"2019-01-23","purchased_purges":1,"victory":false,"max_hp_per_floor":[66,66,66,66,66,66,66,66,66,66,66,66,66,66,66,66,66,66,66,66,66,66,66,66,66,66,66,66,66,66,66,66,66],"card_choices":[{"not_picked":["Prepared","Underhanded Strike"],"picked":"Masterful Stab","floor":1},{"not_picked":["Cloak And Dagger","Prepared"],"picked":"Flying Knee","floor":4},{"not_picked":["Outmaneuver","Dagger Spray"],"picked":"Backflip","floor":5},{"not_picked":["Concentrate","Deadly Poison"],"picked":"Noxious Fumes","floor":7},{"not_picked":["Deflect","Endless Agony"],"picked":"Quick Slash","floor":13},{"not_picked":["Endless Agony","Poisoned Stab","Choke"],"picked":"SKIP","floor":14},{"not_picked":["Tools of the Trade","Envenom"],"picked":"Adrenaline","floor":16},{"not_picked":["Dodge and Roll","Blade Dance"],"picked":"Footwork","floor":18},{"not_picked":["Prepared","Leg Sweep"],"picked":"Cloak And Dagger","floor":20},{"not_picked":["Skewer","Underhanded Strike"],"picked":"Bane","floor":21},{"not_picked":["Slice+1","Outmaneuver"],"picked":"PiercingWail+1","floor":22},{"not_picked":["Blade Dance","Acrobatics","Masterful Stab"],"picked":"SKIP","floor":24},{"not_picked":["Blade Dance","Eviscerate","Bane"],"picked":"Dagger Spray","floor":27},{"not_picked":["Choke","Outmaneuver","Prepared","Phantasmal Killer"],"picked":"SKIP","floor":31}],"player_experience":553964,"relics_obtained":[{"floor":7,"key":"Ninja Scroll"},{"floor":9,"key":"Happy Flower"},{"floor":12,"key":"Blue Candle"},{"floor":26,"key":"Question Card"},{"floor":30,"key":"Potion Belt"}],"event_choices":[{"damage_healed":0,"gold_gain":0,"player_choice":"Ignored","damage_taken":0,"max_hp_gain":0,"max_hp_loss":0,"event_name":"Golden Idol","floor":2,"gold_loss":0},{"damage_healed":0,"gold_gain":75,"player_choice":"Gather Gold","damage_taken":11,"max_hp_gain":0,"max_hp_loss":0,"event_name":"World of Goop","floor":10,"gold_loss":0},{"damage_healed":0,"gold_gain":0,"player_choice":"Simplicity","damage_taken":0,"max_hp_gain":0,"max_hp_loss":0,"event_name":"Back to Basics","floor":28,"gold_loss":0,"cards_upgraded":["Defend_G","Defend_G","Defend_G","Defend_G","Defend_G","Strike_G","Strike_G","Strike_G","Strike_G"]},{"damage_healed":0,"gold_gain":0,"player_choice":"Fight","damage_taken":0,"max_hp_gain":0,"max_hp_loss":0,"event_name":"Colosseum","floor":29,"gold_loss":0},{"damage_healed":0,"gold_gain":0,"player_choice":"Fled From Nobs","damage_taken":0,"max_hp_gain":0,"max_hp_loss":0,"event_name":"Colosseum","floor":29,"gold_loss":0}],"is_beta":false,"boss_relics":[{"not_picked":["Snecko Eye","WristBlade"],"picked":"Sozu"}],"items_purged_floors":[19],"is_endless":false,"potions_floor_spawned":[7,13,16,20,22,29,31],"killed_by":"Champ","ascension_level":20}