{"gold_per_floor":[113,130,130,130,130,130,156,2,26,26,46,72,82,110,110,110],"floor_reached":16,"playtime":457,"items_purged":[],"score":243,"play_id":"b59ecb81-5e4f-4b9d-b65a-d0e69a75dea2","local_time":"20190324143042","is_ascension_mode":true,"campfire_choices":[{"data":"Spot Weakness","floor":6,"key":"SMITH"},{"data":"Apotheosis","floor":10,"key":"SMITH"},{"floor":15,"key":"REST"}],"neow_cost":"NONE","seed_source_timestamp":24520375122879212,"circlet_count":0,"master_deck":["AscendersBane","Strike_R","Strike_R","Strike_R","Strike_R+1","Defend_R+1","Defend_R","Defend_R","Defend_R","Bash+1","Spot Weakness+1","Headbutt","Armaments","Apotheosis+1","Cleave","Heavy Blade"],"relics":["Burning Blood","NeowsBlessing","The Courier","Potion Belt","Calipers","Mummified Hand"],"potions_floor_usage":[16,16,16],"damage_taken":[{"damage":0,"enemies":"Jaw Worm","floor":1,"turns":1},{"damage":0,"enemies":"2 Louse","floor":2,"turns":1},{"damage":0,"enemies":"3 Sentries","floor":7,"turns":2},{"damage":0,"enemies":"Small Slimes","floor":11,"turns":3},{"damage":8,"enemies":"Gremlin Nob","floor":12,"turns":3},{"damage":28,"enemies":"Gremlin Gang","floor":13,"turns":3},{"damage":40,"enemies":"Lagavulin","floor":14,"turns":5},{"damage":39,"enemies":"Hexaghost","floor":16,"turns":9}],"seed_played":"262422576950843298","potions_obtained":[{"floor":11,"key":"EssenceOfSteel"},{"floor":12,"key":"Fire Potion"},{"floor":13,"key":"SteroidPotion"}],"is_trial":false,"path_per_floor":["M","M","?","?","?","R","E","$","T","R","M","E","M","E","R","B"],"character_chosen":"IRONCLAD","items_purchased":["Apotheosis"],"campfire_rested":1,"item_purchase_floors":[8],"current_hp_per_floor":[74,75,60,60,60,60,66,66,66,66,72,70,48,14,36,0],"gold":110,"neow_bonus":"THREE_ENEMY_KILL","is_prod":false,"is_daily":false,"chose_seed":false,"campfire_upgraded":2,"win_rate":0,"timestamp":1553434242,"path_taken":["M","M","?","?","?","R","E","$","T","R","M","E","?","E","R","BOSS"],"build_version":"2019-01-23","purchased_purges":0,"victory":false,"max_hp_per_floor":[75,75,75,75,75,75,75,75,75,75,75,75,75,75,75,75],"card_choices":[{"not_picked":["Armaments","Perfected Strike"],"picked":"Spot Weakness","floor":1},{"not_picked":["Disarm","Sword Boomerang"],"picked":"Headbutt","floor":2},{"not_picked":["Body Slam","Fire Breathing"],"picked":"Armaments","floor":7},{"not_picked":["Wild Strike","Disarm"],"picked":"Cleave","floor":11},{"not_picked":["Flex","Disarm","Power Through"],"picked":"SKIP","floor":12},{"not_picked":["Infernal Blade","Thunderclap"],"picked":"Heavy Blade","floor":13},{"not_picked":["Anger","Warcry","Reckless Charge"],"picked":"SKIP","floor":14}],"player_experience":455117,"relics_obtained":[{"floor":7,"key":"The Courier"},{"floor":9,"key":"Potion Belt"},{"floor":12,"key":"Calipers"},{"floor":14,"key":"Mummified Hand"}],"event_choices":[{"damage_healed":0,"gold_gain":0,"player_choice":"Entered Light","damage_taken":15,"max_hp_gain":0,"max_hp_loss":0,"event_name":"Shining Light","floor":3,"gold_loss":0,"cards_upgraded":["Defend_R","Strike_R"]},{"cards_removed":["Strike_R"],"damage_healed":0,"gold_gain":0,"player_choice":"Forget","damage_taken":0,"max_hp_gain":0,"max_hp_loss":0,"event_name":"Living Wall","floor":4,"gold_loss":0},{"damage_healed":0,"gold_gain":0,"player_choice":"Upgraded","damage_taken":0,"max_hp_gain":0,"max_hp_loss":0,"event_name":"Upgrade Shrine","floor":5,"gold_loss":0,"cards_upgraded":["Bash"]}],"is_beta":false,"boss_relics":[],"items_purged_floors":[],"is_endless":false,"potions_floor_spawned":[11,12,13],"killed_by":"Hexaghost","ascension_level":14}