{"gold_per_floor":[109,125,50,61,61,61,94,94,117,117],"floor_reached":10,"playtime":349,"items_purged":["Strike_G"],"score":132,"play_id":"8c30d441-3bfc-40d7-9ad8-88440c017079","local_time":"20190508223145","is_ascension_mode":true,"campfire_choices":[{"data":"Neutralize","floor":6,"key":"SMITH"},{"data":"Footwork","floor":8,"key":"SMITH"}],"neow_cost":"TEN_PERCENT_HP_LOSS","seed_source_timestamp":2338026250667060,"circlet_count":0,"master_deck":["AscendersBane","Defend_G","Defend_G","Defend_G","Defend_G+1","Defend_G","Strike_G","Strike_G+1","Strike_G","Strike_G","Survivor","Neutralize+1","Infinite Blades","Footwork+1","Noxious Fumes","Crippling Poison"],"relics":["Ring of the Snake","Torii","Dream Catcher","Blood Vial"],"potions_floor_usage":[4],"damage_taken":[{"damage":1,"enemies":"Jaw Worm","floor":1,"turns":6},{"damage":7,"enemies":"2 Louse","floor":2,"turns":3},{"damage":0,"enemies":"Small Slimes","floor":4,"turns":4},{"damage":11,"enemies":"3 Sentries","floor":7,"turns":9},{"damage":34,"enemies":"Gremlin Gang","floor":10,"turns":4}],"seed_played":"6315051495035651397","potions_obtained":[{"floor":1,"key":"Dexterity Potion"},{"floor":4,"key":"Fruit Juice"}],"is_trial":false,"path_per_floor":["M","M","$","M","?","R","E","R","T","M"],"character_chosen":"THE_SILENT","items_purchased":[],"campfire_rested":0,"item_purchase_floors":[],"current_hp_per_floor":[58,51,51,56,36,36,25,25,25,0],"gold":117,"neow_bonus":"ONE_RARE_RELIC","is_prod":false,"is_daily":false,"chose_seed":false,"campfire_upgraded":2,"win_rate":0,"timestamp":1557347505,"path_taken":["M","M","$","M","?","R","E","R","T","M"],"build_version":"2019-01-23","purchased_purges":1,"victory":false,"max_hp_per_floor":[60,60,60,65,65,65,65,65,65,65],"card_choices":[{"not_picked":["Accuracy","Blur"],"picked":"Infinite Blades","floor":1},{"not_picked":["Blur","Eviscerate"],"picked":"Footwork","floor":2},{"not_picked":["Blur","Deadly Poison"],"picked":"Noxious Fumes","floor":4},{"not_picked":["Eviscerate","Deflect"],"picked":"Crippling Poison","floor":7}],"player_experience":557426,"relics_obtained":[{"floor":7,"key":"Dream Catcher"},{"floor":9,"key":"Blood Vial"}],"event_choices":[{"damage_healed":0,"gold_gain":0,"player_choice":"Entered Light","damage_taken":20,"max_hp_gain":0,"max_hp_loss":0,"event_name":"Shining Light","floor":5,"gold_loss":0,"cards_upgraded":["Strike_G","Defend_G"]}],"is_beta":false,"boss_relics":[],"items_purged_floors":[3],"is_endless":false,"potions_floor_spawned":[1,4],"killed_by":"Gremlin Gang","ascension_level":20}