{"gold_per_floor":[114,114,114,128,128,158,158,485,509,526,554,571,596,606,606,606],"floor_reached":16,"playtime":487,"items_purged":[],"score":310,"play_id":"15fda406-36ff-4884-9669-5311d8b71ce9","local_time":"20190602143705","is_ascension_mode":true,"campfire_choices":[{"data":"Streamline","floor":7,"key":"SMITH"},{"floor":15,"key":"REST"}],"neow_cost":"NONE","seed_source_timestamp":1438974052830251,"circlet_count":0,"master_deck":["AscendersBane","Strike_B","Strike_B","Strike_B","Defend_B","Defend_B","Defend_B","Defend_B","Zap+1","Dualcast","Glacier","Coolheaded","Streamline+1","Ball Lightning","Conserve Battery","Undo","Undo","Loop","Reboot"],"relics":["Cracked Core","NeowsBlessing","Boot","Old Coin","PreservedInsect","Ancient Tea Set","Regal Pillow"],"potions_floor_usage":[13,14,14],"damage_taken":[{"damage":0,"enemies":"Cultist","floor":1,"turns":1},{"damage":0,"enemies":"2 Louse","floor":4,"turns":1},{"damage":0,"enemies":"Lagavulin","floor":6,"turns":1},{"damage":14,"enemies":"3 Sentries","floor":8,"turns":8},{"damage":4,"enemies":"Small Slimes","floor":10,"turns":3},{"damage":24,"enemies":"Gremlin Nob","floor":11,"turns":4},{"damage":0,"enemies":"2 Fungi Beasts","floor":12,"turns":3},{"damage":1,"enemies":"3 Sentries","floor":13,"turns":7},{"damage":12,"enemies":"Exordium Thugs","floor":14,"turns":5},{"damage":47,"enemies":"Hexaghost","floor":16,"turns":14}],"seed_played":"5789044103083159912","potions_obtained":[{"floor":1,"key":"SteroidPotion"},{"floor":6,"key":"EssenceOfSteel"},{"floor":13,"key":"SkillPotion"}],"is_trial":false,"path_per_floor":["M","$","?","M","?","E","R","E","T","M","E","M","E","M","R","B"],"character_chosen":"DEFECT","items_purchased":[],"campfire_rested":1,"item_purchase_floors":[],"current_hp_per_floor":[64,64,57,57,57,57,57,43,43,39,15,15,14,2,38,0],"gold":606,"neow_bonus":"THREE_ENEMY_KILL","is_prod":false,"is_daily":false,"chose_seed":false,"campfire_upgraded":1,"win_rate":0,"timestamp":1559511425,"path_taken":["M","$","?","M","?","E","R","E","T","M","E","M","E","M","R","BOSS"],"build_version":"2019-06-01v2","purchased_purges":0,"victory":false,"max_hp_per_floor":[71,71,71,71,71,71,71,71,71,71,71,71,71,71,71,71],"card_choices":[{"not_picked":["Compile Driver","Barrage"],"picked":"Glacier","floor":1},{"not_picked":["Rebound","Lockon"],"picked":"Coolheaded","floor":4},{"not_picked":["Capacitor","Cold Snap"],"picked":"Streamline","floor":6},{"not_picked":["FTL","Rebound"],"picked":"Ball Lightning","floor":8},{"not_picked":["Sweeping Beam","Stack"],"picked":"Conserve Battery","floor":10},{"not_picked":["Coolheaded","Stack"],"picked":"Undo","floor":11},{"not_picked":["Cold Snap","Ball Lightning"],"picked":"Undo","floor":12},{"not_picked":["Tempest","Reprogram"],"picked":"Loop","floor":13},{"not_picked":["Chill","Conserve Battery"],"picked":"Reboot","floor":14}],"player_experience":1301416,"relics_obtained":[{"floor":6,"key":"Boot"},{"floor":8,"key":"Old Coin"},{"floor":9,"key":"PreservedInsect"},{"floor":11,"key":"Ancient Tea Set"},{"floor":13,"key":"Regal Pillow"}],"event_choices":[{"cards_removed":["Strike_B"],"damage_healed":0,"gold_gain":0,"player_choice":"Card Removal","damage_taken":7,"max_hp_gain":0,"max_hp_loss":0,"event_name":"Golden Wing","floor":3,"gold_loss":0},{"damage_healed":0,"gold_gain":0,"player_choice":"Upgraded","damage_taken":0,"max_hp_gain":0,"max_hp_loss":0,"event_name":"Upgrade Shrine","floor":5,"gold_loss":0,"cards_upgraded":["Zap"]}],"is_beta":true,"boss_relics":[],"items_purged_floors":[],"is_endless":false,"potions_floor_spawned":[1,6,11,13],"killed_by":"Hexaghost","ascension_level":20}