{"path_per_floor":["M","?","$","M","?","R","E","M","T","?","M","$","M","M","R","B",null,"M","?","M","M","M","R","M","?","T","M","M","?","R","$","R","B",null,"M","M","?","M","M","R","?","M","T","M","M","M","M","M","R","B"],"character_chosen":"IRONCLAD","items_purchased":["Anchor","Vajra","Power Through","Apotheosis"],"gold_per_floor":[115,115,40,52,52,52,378,394,419,419,435,58,69,80,80,180,210,227,227,240,254,268,268,287,287,287,299,311,311,311,27,27,132,132,151,165,0,15,35,35,35,48,48,67,85,100,112,130,130,130],"floor_reached":51,"campfire_rested":4,"playtime":4917,"current_hp_per_floor":[80,73,73,79,79,79,80,74,74,74,71,71,73,79,79,56,79,73,73,61,41,29,54,28,28,28,34,20,20,45,45,45,25,70,76,71,71,77,57,82,82,70,70,84,64,70,76,68,85,17],"items_purged":["Strike_R","Strike_R"],"gold":130,"score":639,"play_id":"9fbce494-f39b-483c-a1bb-49946a5ef4be","is_prod":false,"is_daily":false,"is_ascension_mode":true,"campfire_upgraded":3,"path_taken":["M","?","$","M","?","R","E","M","T","?","M","$","M","M","R","BOSS","M","?","M","?","M","R","M","?","T","?","M","?","R","$","R","BOSS","M","M","?","M","M","R","?","?","T","M","M","M","M","M","R","BOSS"],"build_version":"2018-02-15-PROD1","purchased_purges":2,"victory":true,"master_deck":["Strike_R+1","Strike_R+1","Defend_R+1","Defend_R+1","Defend_R+1","Defend_R+1","Bash","Cleave","Metallicize+1","Evolve","True Grit","Power Through","Whirlwind+1","Fiend Fire","Headbutt","Heavy Blade","Body Slam+1","Battle Trance","Power Through","Power Through+1","Apotheosis+1","Barricade","Inflame","Body Slam+1","Shrug It Off"],"max_hp_per_floor":[80,80,80,80,80,80,80,80,80,80,80,80,80,80,80,80,85,85,85,85,85,85,85,85,85,85,85,85,85,85,85,85,85,85,85,85,85,85,85,85,85,85,85,85,85,85,85,85,85,85],"relics":["Burning Blood","NeowsBlessing","Old Coin","Bag of Marbles","Anchor","Vajra","Tiny House","Shovel","Pen Nib","Philosopher\u0027s Stone","Red Mask","Ice Cream"],"card_choices":[{"not_picked":["Sever Soul","Havoc"],"picked":"Cleave"},{"not_picked":["Blood for Blood","Clash"],"picked":"Metallicize"},{"not_picked":["Flex","Exhume"],"picked":"Evolve"},{"not_picked":["Sentinel","Searing Blow"],"picked":"True Grit"},{"not_picked":["Pommel Strike","Hemokinesis"],"picked":"Whirlwind"},{"not_picked":["Brutality","Impervious"],"picked":"Fiend Fire"},{"not_picked":["Rupture","Searing Blow"],"picked":"Headbutt"},{"not_picked":["Searing Blow","Perfected Strike"],"picked":"Heavy Blade"},{"not_picked":["Wild Strike","Clothesline"],"picked":"Body Slam"},{"not_picked":["Flame Barrier","Searing Blow"],"picked":"Battle Trance"},{"not_picked":["Sword Boomerang","Flex"],"picked":"Power Through"},{"not_picked":["Warcry","Clash"],"picked":"Power Through"},{"not_picked":["Reaper","Limit Break"],"picked":"Barricade"},{"not_picked":["Warcry","Body Slam"],"picked":"Inflame"},{"not_picked":["Anger","Havoc"],"picked":"Body Slam"},{"not_picked":["Flex","Body Slam"],"picked":"Shrug It Off"}],"player_experience":103816,"potions_floor_usage":[16,18,18,33,33,44,48,50,50],"damage_taken":[{"damage":0,"enemies":"Jaw Worm","floor":1,"turns":1},{"damage":0,"enemies":"2 Louse","floor":4,"turns":1},{"damage":0,"enemies":"Lagavulin","floor":7,"turns":1},{"damage":12,"enemies":"Small Slimes","floor":8,"turns":5},{"damage":9,"enemies":"Looter","floor":11,"turns":4},{"damage":4,"enemies":"Exordium Wildlife","floor":13,"turns":4},{"damage":0,"enemies":"3 Louse","floor":14,"turns":1},{"damage":29,"enemies":"The Guardian","floor":16,"turns":17},{"damage":12,"enemies":"2 Thieves","floor":18,"turns":2},{"damage":18,"enemies":"Chosen","floor":20,"turns":5},{"damage":26,"enemies":"Centurion and Healer","floor":21,"turns":7},{"damage":18,"enemies":"3 Cultists","floor":22,"turns":7},{"damage":32,"enemies":"Cultist and Chosen","floor":24,"turns":9},{"damage":0,"enemies":"Snake Plant","floor":27,"turns":3},{"damage":20,"enemies":"Sentry and Sphere","floor":28,"turns":10},{"damage":26,"enemies":"Automaton","floor":33,"turns":12},{"damage":0,"enemies":"3 Shapes","floor":35,"turns":9},{"damage":11,"enemies":"3 Darklings","floor":36,"turns":4},{"damage":0,"enemies":"Maw","floor":38,"turns":7},{"damage":26,"enemies":"Sphere and 2 Shapes","floor":39,"turns":8},{"damage":18,"enemies":"3 Darklings","floor":42,"turns":6},{"damage":1,"enemies":"Maw","floor":44,"turns":5},{"damage":26,"enemies":"Sphere and 2 Shapes","floor":45,"turns":7},{"damage":0,"enemies":"4 Shapes","floor":46,"turns":6},{"damage":0,"enemies":"Maw","floor":47,"turns":6},{"damage":14,"enemies":"Sphere and 2 Shapes","floor":48,"turns":5},{"damage":74,"enemies":"Awakened One","floor":50,"turns":14}],"event_choices":[{"event_name":"Golden Wing","player_choice":"Card Removal","floor":2,"damage_taken":0},{"event_name":"Liars Game","player_choice":"disagreed","floor":5,"damage_taken":0},{"event_name":"Dead Adventurer","player_choice":"Searched \u00270\u0027 times","floor":10,"damage_taken":0},{"event_name":"Back to Basics","player_choice":"Simplicity","floor":19,"damage_taken":0},{"event_name":"Drug Dealer","player_choice":"Ignored","floor":25,"damage_taken":0},{"event_name":"The Mausoleum","player_choice":"Yes","floor":29,"damage_taken":0},{"event_name":"Tomb of Lord Red Mask","player_choice":"Paid","floor":37,"damage_taken":0},{"event_name":"Mysterious Sphere","player_choice":"Ignore","floor":41,"damage_taken":0}],"boss_relics":[{"not_picked":["Runic Pyramid","White Beast Statue"],"picked":"Tiny House"},{"not_picked":["Runic Cube","Runic Dome"],"picked":"Philosopher\u0027s Stone"}],"potions_floor_spawned":[1,8,11,16,18,21,22,36,42,44,46],"seed_played":"-3305719856962613888","ascension_level":5,"is_trial":false}