{"gold_per_floor":[109,109,23,38,38,68,68,98,98,158,222,14,27,62,62,140,140,152,123,123,44,58,86,104,104,104,104,117,145,145,156,156,230,230,241,22,22,22,22,22,53,53,53,84,99,109,9,38,38,38,38,38,38,38,66,66],"floor_reached":57,"playtime":3918,"items_purged":["Strike_R","Pain"],"score":3179,"play_id":"8c38266c-bbf5-40d6-8dba-7d9135ea3dd1","local_time":"20190529163715","is_ascension_mode":true,"campfire_choices":[{"data":"Bash","floor":7.0,"key":"SMITH"},{"data":"Corruption","floor":15,"key":"SMITH"},{"data":"Feel No Pain","floor":25,"key":"SMITH"},{"data":"Demon Form","floor":27,"key":"SMITH"},{"data":"Feed","floor":32,"key":"SMITH"},{"data":"Barricade","floor":40,"key":"SMITH"},{"floor":42,"key":"RECALL"},{"data":"Fiend Fire","floor":49,"key":"SMITH"},{"data":"Battle Trance","floor":53,"key":"SMITH"}],"neow_cost":"NONE","seed_source_timestamp":1097021977460367,"circlet_count":0,"master_deck":["AscendersBane","Strike_R","Strike_R","Strike_R","Defend_R+1","Defend_R","Defend_R+1","Defend_R","Bash+1","Battle Trance+1","Corruption+1","Headbutt","Intimidate","Pommel Strike","Intimidate+1","Shrug It Off+1","Burning Pact+1","Ghostly Armor+1","True Grit+1","Offering+1","Havoc+1","Feed","Rupture","True Grit+1","Feel No Pain+1","Demon Form+1","Power Through+1","Feed+1","Sword Boomerang+1","Warcry+1","Barricade+1","Entrench+1","Dark Shackles+1","Apotheosis+1","Fiend Fire+1","Shockwave+1"],"special_seed":0,"relics":["Burning Blood","NeowsBlessing","Dead Branch","Blood Vial","Toxic Egg 2","Tiny Chest","Darkstone Periapt","Nloth\u0027s Gift","War Paint","Blue Candle","Bronze Scales","WarpedTongs","Philosopher\u0027s Stone","Medical Kit","Matryoshka","Oddly Smooth Stone","Happy Flower","Bird Faced Urn","PreservedInsect","Orichalcum"],"potions_floor_usage":[16,41,56],"damage_taken":[{"damage":0.0,"enemies":"Small Slimes","floor":1.0,"turns":1.0},{"damage":0.0,"enemies":"2 Louse","floor":4.0,"turns":1.0},{"damage":0.0,"enemies":"Gremlin Nob","floor":6.0,"turns":1.0},{"damage":0.0,"enemies":"3 Sentries","floor":8.0,"turns":3.0},{"damage":17.0,"enemies":"Lagavulin Event","floor":10.0,"turns":5.0},{"damage":30,"enemies":"Gremlin Nob","floor":11,"turns":4},{"damage":11,"enemies":"Jaw Worm","floor":13,"turns":5},{"damage":2,"enemies":"Lagavulin","floor":14,"turns":7},{"damage":33,"enemies":"Slime Boss","floor":16,"turns":11},{"damage":10,"enemies":"Shell Parasite","floor":18,"turns":3},{"damage":0,"enemies":"Chosen","floor":22,"turns":7},{"damage":7,"enemies":"Book of Stabbing","floor":23,"turns":6},{"damage":0,"enemies":"Snecko","floor":24,"turns":4},{"damage":12,"enemies":"Snake Plant","floor":28,"turns":7},{"damage":6,"enemies":"Slavers","floor":29,"turns":6},{"damage":5,"enemies":"3 Cultists","floor":31,"turns":6},{"damage":20,"enemies":"Champ","floor":33,"turns":11},{"damage":7,"enemies":"3 Darklings","floor":35,"turns":5},{"damage":9,"enemies":"Reptomancer","floor":41,"turns":11},{"damage":2,"enemies":"Giant Head","floor":44,"turns":5},{"damage":1,"enemies":"3 Shapes","floor":45,"turns":4},{"damage":7,"enemies":"Maw","floor":46,"turns":11},{"damage":6,"enemies":"Nemesis","floor":48,"turns":13},{"damage":9,"enemies":"Time Eater","floor":50,"turns":12},{"damage":61,"enemies":"Awakened One","floor":51,"turns":14},{"damage":11,"enemies":"Shield and Spear","floor":55,"turns":5},{"damage":37,"enemies":"The Heart","floor":56,"turns":7}],"seed_played":"-4267389199824773636","potions_obtained":[{"floor":4.0,"key":"Poison Potion"},{"floor":8.0,"key":"Swift Potion"},{"floor":13,"key":"PowerPotion"},{"floor":18,"key":"Regen Potion"},{"floor":29,"key":"Swift Potion"},{"floor":44,"key":"SpeedPotion"}],"is_trial":false,"path_per_floor":["M","?","$","M","$","E","R","E","T","?","E","$","M","E","R","B",null,"M","$","?","$","M","E","M","R","T","R","M","E","?","M","R","B",null,"M","$","T","?","?","R","E","R","T","E","M","M","$","E","R","B","B",null,"R","$","E","B",null],"character_chosen":"IRONCLAD","items_purchased":["Corruption","Shrug It Off+1","Burning Pact+1","True Grit+1","Feel No Pain","Medical Kit"],"campfire_rested":0,"item_purchase_floors":[3,12,12,19,21,36],"current_hp_per_floor":[74,67,67,73,73,75,75,75,75,64,42,42,39,45,45,20,61,59,59,59,59,67,68,75,75,75,75,72,77,83,92,92,83,94,95,95,95,92,82,82,85,85,85,91,96,96,96,100,100,100,86,103,103,103,112,96],"gold":66,"neow_bonus":"THREE_ENEMY_KILL","is_prod":false,"is_daily":false,"chose_seed":false,"campfire_upgraded":8,"win_rate":0,"timestamp":1559173035,"path_taken":["M","?","$","M","$","E","R","E","T","?","E","$","M","E","R","BOSS","M","$","?","$","?","E","M","R","T","R","M","E","?","M","R","BOSS","M","$","?","?","?","R","E","R","T","E","M","?","$","E","R","BOSS","BOSS","R","$","E","BOSS"],"build_version":"2019-05-28","purchased_purges":2,"victory":true,"max_hp_per_floor":[75,75,75,75,75,75,75,75,75,75,75,75,75,75,75,75,75,75,75,75,75,75,75,75,75,75,75,78,81,87,93,93,97,97,97,97,97,92,92,92,96,96,96,96,96,96,96,100,100,100,108,108,108,108,112,112],"card_choices":[{"not_picked":["Flex","Wild Strike"],"picked":"Battle Trance","floor":1.0},{"not_picked":["Dropkick","Thunderclap"],"picked":"Headbutt","floor":4.0},{"not_picked":["Searing Blow","Headbutt"],"picked":"Intimidate","floor":6.0},{"not_picked":["Clash","Whirlwind"],"picked":"Pommel Strike","floor":8.0},{"not_picked":["Iron Wave","Uppercut"],"picked":"Intimidate","floor":10.0},{"not_picked":["Pommel Strike","Combust","Perfected Strike"],"picked":"SKIP","floor":11},{"not_picked":["Twin Strike","Pommel Strike"],"picked":"Ghostly Armor+1","floor":13},{"not_picked":["Clothesline","Anger"],"picked":"True Grit+1","floor":14},{"not_picked":["Bludgeon","Immolate"],"picked":"Offering+1","floor":16},{"not_picked":["Flex+1","Rupture"],"picked":"Havoc+1","floor":17},{"not_picked":["Warcry+1","Thunderclap"],"picked":"Feed","floor":17},{"not_picked":["Thunderclap","Headbutt"],"picked":"Rupture","floor":18},{"not_picked":["Flex+1","Twin Strike"],"picked":"Demon Form","floor":22},{"not_picked":["True Grit+1","Iron Wave","Twin Strike"],"picked":"SKIP","floor":23},{"not_picked":["Rupture","Pommel Strike"],"picked":"Power Through+1","floor":24},{"not_picked":["Wild Strike+1","Rampage"],"picked":"Feed","floor":28},{"not_picked":["Second Wind+1","Clothesline+1"],"picked":"Sword Boomerang+1","floor":29},{"not_picked":["Immolate","Rage+1"],"picked":"Warcry+1","floor":31},{"not_picked":["Brutality","Exhume+1"],"picked":"Barricade","floor":33},{"not_picked":["Perfected Strike","Limit Break+1"],"picked":"Entrench+1","floor":35},{"not_picked":["Thinking Ahead+1","Madness+1"],"picked":"Dark Shackles+1","floor":39},{"not_picked":["Impatience+1","Madness+1"],"picked":"Apotheosis+1","floor":39},{"not_picked":["Havoc+1","Body Slam"],"picked":"Fiend Fire","floor":41},{"not_picked":["Heavy Blade+1","Demon Form","Warcry+1"],"picked":"SKIP","floor":44},{"not_picked":["Heavy Blade","Infernal Blade+1","Berserk"],"picked":"SKIP","floor":45},{"not_picked":["Clash","Anger+1"],"picked":"Shockwave+1","floor":46},{"not_picked":["Burning Pact+1","Intimidate+1","Anger"],"picked":"SKIP","floor":48},{"not_picked":["Armaments+1","Flex+1","Body Slam"],"picked":"SKIP","floor":55}],"player_experience":1284841,"relics_obtained":[{"floor":6.0,"key":"Dead Branch"},{"floor":8.0,"key":"Blood Vial"},{"floor":10.0,"key":"Toxic Egg 2"},{"floor":11,"key":"Tiny Chest"},{"floor":14,"key":"Darkstone Periapt"},{"floor":23,"key":"War Paint"},{"floor":26,"key":"Blue Candle"},{"floor":29,"key":"Bronze Scales"},{"floor":37,"key":"Matryoshka"},{"floor":41,"key":"Oddly Smooth Stone"},{"floor":43,"key":"Happy Flower"},{"floor":44,"key":"Bird Faced Urn"},{"floor":48,"key":"PreservedInsect"},{"floor":55,"key":"Orichalcum"}],"event_choices":[{"cards_removed":["Strike_R"],"damage_healed":0.0,"max_hp_gain":0.0,"max_hp_loss":0.0,"gold_gain":0.0,"event_name":"Golden Wing","player_choice":"Card Removal","floor":2.0,"gold_loss":0.0,"damage_taken":7.0},{"damage_healed":0.0,"max_hp_gain":0.0,"max_hp_loss":0.0,"gold_gain":30.0,"event_name":"Dead Adventurer","player_choice":"Searched \u00272\u0027 times","floor":10.0,"gold_loss":0.0,"damage_taken":0.0},{"damage_healed":0,"gold_gain":0,"player_choice":"Traded Relic","damage_taken":0,"relics_obtained":["Nloth\u0027s Gift"],"max_hp_gain":0,"max_hp_loss":0,"event_name":"N\u0027loth","floor":20,"relics_lost":["Orrery"],"gold_loss":0},{"damage_healed":0,"gold_gain":0,"player_choice":"Rummage","damage_taken":0,"relics_obtained":["WarpedTongs"],"max_hp_gain":0,"max_hp_loss":0,"event_name":"Accursed Blacksmith","floor":30,"gold_loss":0,"cards_obtained":["Pain"]},{"damage_healed":0,"gold_gain":0,"player_choice":"Max HP","damage_taken":0,"max_hp_gain":0,"max_hp_loss":5,"event_name":"Winding Halls","floor":38,"gold_loss":0},{"damage_healed":0,"gold_gain":0,"player_choice":"Memory 3","damage_taken":10,"max_hp_gain":0,"max_hp_loss":0,"event_name":"SensoryStone","floor":39,"gold_loss":0}],"is_beta":true,"boss_relics":[{"not_picked":["White Beast Statue","Black Blood"],"picked":"Orrery"},{"not_picked":["Lizard Tail","Runic Pyramid"],"picked":"Philosopher\u0027s Stone"}],"items_purged_floors":[12,47],"is_endless":false,"potions_floor_spawned":[4,8,11,13,14,18,22,24,29,31,44,45,48],"ascension_level":20}