{"gold_per_floor":[118,4,20,32,49,49,74,74,74,74,93,93,93,125,125,202,202,219,231,321,338,355,355,355],"floor_reached":24,"playtime":828,"items_purged":["Strike_B"],"score":374,"play_id":"04abdec6-cbda-413e-8c08-84460a5dd220","local_time":"20190323202247","is_ascension_mode":true,"campfire_choices":[{"data":"Self Repair","floor":6,"key":"SMITH"},{"data":"1","floor":10,"key":"LIFT"},{"data":"2","floor":13,"key":"LIFT"},{"floor":15,"key":"REST"},{"floor":23,"key":"REST"}],"neow_cost":"NONE","seed_source_timestamp":24454724672775112,"circlet_count":0,"master_deck":["AscendersBane","Strike_B","Strike_B","Strike_B","Defend_B","Defend_B","Defend_B","Defend_B","Zap+1","Dualcast","FTL","Self Repair+1","Glacier","Conserve Battery","Ball Lightning","FTL","Creative AI","Machine Learning","White Noise","Conserve Battery","Ball Lightning","Echo Form"],"relics":["Cracked Core","Nunchaku","Girya","Calipers","Velvet Choker"],"potions_floor_usage":[16,21,24],"damage_taken":[{"damage":7,"enemies":"Small Slimes","floor":1,"turns":3},{"damage":6,"enemies":"2 Louse","floor":3,"turns":2},{"damage":2,"enemies":"Cultist","floor":4,"turns":3},{"damage":6,"enemies":"Blue Slaver","floor":5,"turns":4},{"damage":33,"enemies":"Lagavulin","floor":7,"turns":8},{"damage":0,"enemies":"Exordium Wildlife","floor":11,"turns":3},{"damage":17,"enemies":"Gremlin Nob","floor":14,"turns":4},{"damage":10,"enemies":"Slime Boss","floor":16,"turns":8},{"damage":29,"enemies":"2 Thieves","floor":18,"turns":4},{"damage":8,"enemies":"Spheric Guardian","floor":19,"turns":4},{"damage":6,"enemies":"Cultist and Chosen","floor":21,"turns":5},{"damage":24,"enemies":"Snecko","floor":22,"turns":4},{"damage":66,"enemies":"Slavers","floor":24,"turns":4}],"seed_played":"717998238487853529","potions_obtained":[{"floor":1,"key":"SkillPotion"},{"floor":5,"key":"Energy Potion"},{"floor":7,"key":"PowerPotion"},{"floor":18,"key":"Ancient Potion"},{"floor":21,"key":"SteroidPotion"}],"is_trial":false,"path_per_floor":["M","$","M","M","M","R","E","$","T","R","M","?","R","E","R","B",null,"M","M","?","M","M","R","E"],"character_chosen":"DEFECT","items_purchased":["Self Repair"],"campfire_rested":2,"item_purchase_floors":[2],"current_hp_per_floor":[57,57,58,63,64,64,41,41,41,41,51,51,51,34,55,55,67,48,50,36,40,26,47,0],"gold":355,"neow_bonus":"UPGRADE_CARD","is_prod":false,"is_daily":false,"chose_seed":false,"campfire_upgraded":1,"win_rate":0,"timestamp":1553368967,"path_taken":["M","$","M","M","M","R","E","$","T","R","M","?","R","E","R","BOSS","M","M","?","M","?","R","E"],"build_version":"2019-01-23","purchased_purges":1,"victory":false,"max_hp_per_floor":[71,71,71,71,71,71,71,71,71,71,71,71,71,71,71,71,71,71,71,71,71,71,71,71],"card_choices":[{"not_picked":["Hello World","Rip and Tear"],"picked":"FTL","floor":1},{"not_picked":["Double Energy","Steam Power"],"picked":"Glacier","floor":3},{"not_picked":["Hologram","Hello World","Chaos"],"picked":"SKIP","floor":4},{"not_picked":["Leap","Beam Cell"],"picked":"Conserve Battery","floor":5},{"not_picked":["White Noise","Consume"],"picked":"Ball Lightning","floor":7},{"not_picked":["Stack","Skim"],"picked":"FTL","floor":11},{"not_picked":["Chaos","Compile Driver"],"picked":"Creative AI","floor":14},{"not_picked":["Multi-Cast","Electrodynamics"],"picked":"Machine Learning","floor":16},{"not_picked":["Barrage","Turbo+1"],"picked":"White Noise","floor":18},{"not_picked":["Lockon","Compile Driver"],"picked":"Conserve Battery","floor":19},{"not_picked":["Stack","Storm"],"picked":"Ball Lightning","floor":21},{"not_picked":["Consume","Hello World"],"picked":"Echo Form","floor":22}],"player_experience":452553,"relics_obtained":[{"floor":7,"key":"Nunchaku"},{"floor":9,"key":"Girya"},{"floor":14,"key":"Calipers"}],"event_choices":[{"damage_healed":0,"gold_gain":0,"player_choice":"Searched \u00271\u0027 times","damage_taken":0,"max_hp_gain":0,"max_hp_loss":0,"event_name":"Dead Adventurer","floor":12,"gold_loss":0},{"damage_healed":0,"gold_gain":90,"player_choice":"GOLD ","damage_taken":14,"max_hp_gain":0,"max_hp_loss":0,"event_name":"Knowing Skull","floor":20,"potions_obtained":[],"gold_loss":0,"cards_obtained":[]}],"is_beta":false,"boss_relics":[{"not_picked":["Runic Dome","Snecko Eye"],"picked":"Velvet Choker"}],"items_purged_floors":[2],"is_endless":false,"potions_floor_spawned":[1,5,7,11,18,21],"killed_by":"Slavers","ascension_level":16}