{"path_per_floor":["M","?","?","M","M","E","R","$","T","M","M","R","M","M","R"],"character_chosen":"IRONCLAD","items_purchased":["Heavy Blade","Inflame"],"gold_per_floor":[117,117,117,134,154,181,181,37,37,49,65,65,78,94,94],"floor_reached":16,"campfire_rested":1,"playtime":937,"current_hp_per_floor":[80,62,62,61,67,31,31,31,31,20,17,17,18,19,43],"items_purged":["Strike_R"],"gold":94,"score":104,"play_id":"57be65b4-20b1-4103-ad9c-e9ec7c3301e8","is_prod":false,"is_daily":false,"is_ascension_mode":false,"campfire_upgraded":2,"path_taken":["M","?","?","M","M","E","R","?","T","M","?","R","M","M","R","BOSS"],"build_version":"2018-02-22-PROD2","purchased_purges":1,"victory":false,"master_deck":["Strike_R","Strike_R","Strike_R","Strike_R","Defend_R","Defend_R","Defend_R","Defend_R","Bash","Shrug It Off+1","Flex","Flex","Flame Barrier+1","Heavy Blade+1","Inflame","Evolve","Whirlwind","Shrug It Off","Pommel Strike"],"max_hp_per_floor":[80,80,80,80,80,80,80,80,80,80,80,80,80,80,80],"relics":["Burning Blood","Smiling Mask","Prayer Wheel","Charon\u0027s Ashes"],"card_choices":[{"not_picked":["Perfected Strike","Clash"],"picked":"Shrug It Off"},{"not_picked":["Perfected Strike","Burning Pact"],"picked":"Flex"},{"not_picked":["Corruption","Wild Strike"],"picked":"Flex"},{"not_picked":["Clothesline","Fiend Fire"],"picked":"Flame Barrier"},{"not_picked":["Twin Strike","Infernal Blade"],"picked":"Evolve"},{"not_picked":["Dual Wield","Sentinel"],"picked":"Whirlwind"},{"not_picked":["Havoc","Iron Wave"],"picked":"Shrug It Off"},{"not_picked":["Havoc","Rage"],"picked":"Pommel Strike"}],"player_experience":153248,"potions_floor_usage":[],"damage_taken":[{"damage":6,"enemies":"Jaw Worm","floor":1,"turns":3},{"damage":7,"enemies":"2 Louse","floor":4,"turns":4},{"damage":0,"enemies":"Cultist","floor":5,"turns":3},{"damage":42,"enemies":"Lagavulin","floor":6,"turns":7},{"damage":17,"enemies":"Exordium Wildlife","floor":10,"turns":6},{"damage":9,"enemies":"Blue Slaver","floor":11,"turns":5},{"damage":5,"enemies":"3 Louse","floor":13,"turns":2},{"damage":5,"enemies":"Looter","floor":14,"turns":3},{"damage":43,"enemies":"Hexaghost","floor":16,"turns":12}],"event_choices":[{"event_name":"Scrap Ooze","player_choice":"success","floor":2,"damage_taken":18},{"event_name":"Upgrade Shrine","player_choice":"Upgraded","floor":3,"damage_taken":0}],"boss_relics":[],"potions_floor_spawned":[6,10,13],"seed_played":"1306564548543175915","killed_by":"Hexaghost","ascension_level":0,"is_trial":false}