{"gold_per_floor":[359,359,324,340,79,79,115,115,115,133,133,156,156,175,175,273,273,296,65,65,65,65,65],"floor_reached":23,"playtime":620,"items_purged":["Strike_G"],"score":374,"play_id":"58225783-ea77-4195-b39e-a6b3ef6da9d5","local_time":"20190602130504","is_ascension_mode":true,"campfire_choices":[{"data":"Terror","floor":6,"key":"SMITH"},{"data":"Neutralize","floor":13,"key":"SMITH"},{"data":"Deadly Poison","floor":15,"key":"SMITH"}],"neow_cost":"TEN_PERCENT_HP_LOSS","seed_source_timestamp":1433316293033189,"circlet_count":0,"master_deck":["AscendersBane","Strike_G","Defend_G","Defend_G","Defend_G","Defend_G","Defend_G+1","Survivor","Neutralize+1","Dagger Throw+1","Terror+1","Dagger Spray","Backstab","Dash","Deadly Poison+1","Wraith Form v2","Bullet Time+1","Burst+1","Burst+1","Dash"],"relics":["Ring of the Snake","Golden Idol","Lantern","Meat on the Bone","Mummified Hand","Astrolabe","ClockworkSouvenir"],"potions_floor_usage":[7,18,23],"damage_taken":[{"damage":0,"enemies":"Small Slimes","floor":1,"turns":5},{"damage":0,"enemies":"Jaw Worm","floor":4,"turns":4},{"damage":50,"enemies":"3 Sentries","floor":7,"turns":11},{"damage":0,"enemies":"2 Louse","floor":10,"turns":2},{"damage":2,"enemies":"Large Slime","floor":12,"turns":6},{"damage":0,"enemies":"Looter","floor":14,"turns":3},{"damage":16,"enemies":"The Guardian","floor":16,"turns":11},{"damage":18,"enemies":"Chosen","floor":18,"turns":5},{"damage":37,"enemies":"Slavers","floor":23,"turns":4}],"seed_played":"-1892008631871286903","potions_obtained":[{"floor":1,"key":"Regen Potion"},{"floor":10,"key":"SneckoOil"},{"floor":12,"key":"EssenceOfSteel"},{"floor":18,"key":"Energy Potion"}],"is_trial":false,"path_per_floor":["M","?","?","M","$","R","E","$","T","M","?","M","R","M","R","B",null,"M","$","?","$","?","E"],"character_chosen":"THE_SILENT","items_purchased":["Dagger Spray","Lantern","ClockworkSouvenir"],"campfire_rested":0,"item_purchase_floors":[5,5,19],"current_hp_per_floor":[59,38,53,53,53,53,16,16,16,28,10,20,20,32,32,28,52,34,34,34,34,34,0],"gold":65,"neow_bonus":"TWO_FIFTY_GOLD","is_prod":false,"is_daily":false,"chose_seed":false,"campfire_upgraded":3,"win_rate":0,"timestamp":1559505904,"path_taken":["M","?","?","M","$","R","E","?","T","M","?","M","R","M","R","BOSS","M","$","?","$","?","E"],"build_version":"2019-06-01v2","purchased_purges":1,"victory":false,"max_hp_per_floor":[60,60,60,60,60,60,60,60,60,60,60,60,60,60,60,60,60,60,60,60,60,60,60],"card_choices":[{"not_picked":["Finisher","Slice"],"picked":"Dagger Throw","floor":1},{"not_picked":["Concentrate","Reflex"],"picked":"Terror","floor":4},{"not_picked":["Escape Plan","Dagger Spray"],"picked":"Backstab","floor":7},{"not_picked":["Outmaneuver","Acrobatics","Endless Agony"],"picked":"SKIP","floor":10},{"not_picked":["Calculated Gamble","Prepared"],"picked":"Dash","floor":12},{"not_picked":["Poisoned Stab","Dagger Spray"],"picked":"Deadly Poison","floor":14},{"not_picked":["Night Terror","Die Die Die"],"picked":"Wraith Form v2","floor":16},{"not_picked":["Deadly Poison","Slice"],"picked":"Dash","floor":18}],"player_experience":1296822,"relics_obtained":[{"floor":7,"key":"Meat on the Bone"},{"floor":9,"key":"Mummified Hand"}],"event_choices":[{"damage_healed":0,"gold_gain":0,"player_choice":"Take Damage","damage_taken":21,"relics_obtained":["Golden Idol"],"max_hp_gain":0,"max_hp_loss":0,"event_name":"Golden Idol","floor":2,"gold_loss":0},{"damage_healed":15,"gold_gain":0,"player_choice":"Healed","damage_taken":0,"max_hp_gain":0,"max_hp_loss":0,"event_name":"The Cleric","floor":3,"gold_loss":35},{"damage_healed":0,"gold_gain":0,"player_choice":"Entered Light","damage_taken":18,"max_hp_gain":0,"max_hp_loss":0,"event_name":"Shining Light","floor":11,"gold_loss":0,"cards_upgraded":["Dagger Throw","Defend_G"]},{"damage_healed":0,"gold_gain":0,"player_choice":"Ignored","damage_taken":0,"max_hp_gain":0,"max_hp_loss":0,"event_name":"Beggar","floor":20,"gold_loss":0}],"is_beta":true,"boss_relics":[{"not_picked":["Ectoplasm","Eternal Feather"],"picked":"Astrolabe"}],"items_purged_floors":[5],"is_endless":false,"potions_floor_spawned":[1,10,12,18],"killed_by":"Slavers","ascension_level":20}