{"gold_per_floor":[112,126,51,51,69,69,95,95,95,130,205,205,222,249,261,273],"floor_reached":16,"playtime":601,"items_purged":["Strike_R"],"score":236,"play_id":"1ed91f3e-3af9-49f6-960e-7a714b0d05e4","local_time":"20190526194312","is_ascension_mode":true,"campfire_choices":[{"data":"Bash","floor":6,"key":"SMITH"},{"data":"Clothesline","floor":8,"key":"SMITH"},{"data":"Shrug It Off","floor":12,"key":"SMITH"},{"floor":15,"key":"REST"}],"neow_cost":"PERCENT_DAMAGE","seed_source_timestamp":691327046017203,"circlet_count":0,"master_deck":["AscendersBane","Strike_R","Strike_R","Strike_R","Defend_R","Defend_R","Defend_R","Defend_R","Bash+1","Dropkick","Shrug It Off+1","Pommel Strike","Clothesline+1","Shrug It Off","Cleave"],"relics":["Burning Blood","Torii","Mango","Turnip","MawBank"],"potions_floor_usage":[13,16,16],"damage_taken":[{"damage":6,"enemies":"Cultist","floor":1,"turns":3},{"damage":4,"enemies":"Small Slimes","floor":2,"turns":4},{"damage":2,"enemies":"Jaw Worm","floor":5,"turns":5},{"damage":28,"enemies":"Gremlin Nob","floor":7,"turns":4},{"damage":20,"enemies":"3 Sentries","floor":10,"turns":15},{"damage":23,"enemies":"Exordium Wildlife","floor":13,"turns":9},{"damage":56,"enemies":"Slime Boss","floor":16,"turns":10}],"seed_played":"852136415133133558","potions_obtained":[{"floor":1,"key":"Poison Potion"},{"floor":10,"key":"SkillPotion"},{"floor":13,"key":"SpeedPotion"}],"is_trial":false,"path_per_floor":["M","M","$","?","M","R","E","R","T","E","?","R","M","T","R","B"],"character_chosen":"IRONCLAD","items_purchased":[],"campfire_rested":1,"item_purchase_floors":[],"current_hp_per_floor":[64,66,66,66,70,70,48,48,62,48,37,37,20,20,50,0],"gold":273,"neow_bonus":"TWENTY_PERCENT_HP_BONUS","is_prod":false,"is_daily":false,"chose_seed":false,"campfire_upgraded":3,"win_rate":0,"timestamp":1558892592,"path_taken":["M","M","$","?","?","R","E","R","T","E","?","R","M","?","R","BOSS"],"build_version":"2019-01-23","purchased_purges":1,"victory":false,"max_hp_per_floor":[89,89,89,89,89,89,89,89,103,103,103,103,103,103,103,103],"card_choices":[{"not_picked":["Iron Wave","Heavy Blade"],"picked":"Dropkick","floor":1},{"not_picked":["Reckless Charge","Sever Soul"],"picked":"Shrug It Off","floor":2},{"not_picked":["Clothesline","Twin Strike"],"picked":"Pommel Strike","floor":5},{"not_picked":["Flex","Clash"],"picked":"Clothesline","floor":7},{"not_picked":["Bludgeon","Entrench"],"picked":"Shrug It Off","floor":10},{"not_picked":["Second Wind","Heavy Blade"],"picked":"Cleave","floor":13}],"player_experience":583560,"relics_obtained":[{"floor":7,"key":"Torii"},{"floor":9,"key":"Mango"},{"floor":10,"key":"Turnip"},{"floor":14,"key":"MawBank"}],"event_choices":[{"cards_removed":["Strike_R"],"damage_healed":0,"gold_gain":0,"player_choice":"Offered Basic","damage_taken":0,"max_hp_gain":0,"max_hp_loss":0,"event_name":"Bonfire Elementals","floor":4,"gold_loss":0},{"damage_healed":0,"gold_gain":75,"player_choice":"Gather Gold","damage_taken":11,"max_hp_gain":0,"max_hp_loss":0,"event_name":"World of Goop","floor":11,"gold_loss":0}],"is_beta":false,"boss_relics":[],"items_purged_floors":[3],"is_endless":false,"potions_floor_spawned":[1,10,13],"killed_by":"Slime Boss","ascension_level":19}