{"path_per_floor":["M","M","?","M","?","R","M","?","T","$","M","R","?","M","R","B",null,"M","M","?","?","M","R","M","R","T","M"],"character_chosen":"IRONCLAD","items_purchased":["Shrug It Off"],"gold_per_floor":[211,227,227,248,248,248,273,273,273,148,171,171,171,195,195,323,323,336,354,354,269,285,285,299,299,324,344],"floor_reached":28,"campfire_rested":1,"playtime":1710,"current_hp_per_floor":[75,74,54,58,58,58,51,51,51,51,56,56,56,62,62,38,67,53,63,56,56,46,46,36,59,59,28],"items_purged":["Parasite"],"gold":344,"score":339,"play_id":"7460bb15-417c-4658-bc91-0df229fe2838","local_time":"20180303184617","is_prod":false,"is_daily":false,"is_ascension_mode":true,"campfire_upgraded":4,"timestamp":1520099177,"path_taken":["M","M","?","?","?","R","M","?","T","$","M","R","?","M","R","BOSS","M","M","?","?","?","R","M","R","T","M","M"],"build_version":"2018-03-01-PROD1","purchased_purges":1,"victory":false,"master_deck":["Strike_R","Strike_R","Strike_R","Strike_R","Defend_R","Defend_R","Defend_R","Defend_R","Bash","Spot Weakness","Flame Barrier+1","Shrug It Off","Body Slam+1","Shrug It Off","Cleave","Iron Wave+1","Reaper","Heavy Blade+1","Shrug It Off","Inflame","True Grit+1"],"max_hp_per_floor":[80,80,80,80,80,80,80,80,80,77,77,77,77,77,77,77,77,77,77,77,77,77,77,77,77,77,77],"relics":["Black Blood","Golden Idol","Torii","Dodecahedron","Omamori"],"card_choices":[{"not_picked":["Entrench","Ghostly Armor"],"picked":"Spot Weakness"},{"not_picked":["Clash","Shrug It Off"],"picked":"Flame Barrier"},{"not_picked":["Burning Pact","Body Slam"],"picked":"Shrug It Off"},{"not_picked":["Rage","Clothesline"],"picked":"Body Slam"},{"not_picked":["Pommel Strike","Havoc"],"picked":"Cleave"},{"not_picked":["Dual Wield","Clash"],"picked":"Iron Wave"},{"not_picked":["Juggernaut","Impervious"],"picked":"Reaper"},{"not_picked":["Armaments","Combust"],"picked":"Heavy Blade"},{"not_picked":["Carnage","Rupture"],"picked":"Shrug It Off"},{"not_picked":["Burning Pact","Flex"],"picked":"Inflame"},{"not_picked":["Whirlwind","Headbutt"],"picked":"True Grit"}],"player_experience":214128,"potions_floor_usage":[19,24,27,28],"damage_taken":[{"damage":3,"enemies":"2 Louse","floor":1,"turns":4},{"damage":7,"enemies":"Small Slimes","floor":2,"turns":4},{"damage":2,"enemies":"Cultist","floor":4,"turns":5},{"damage":13,"enemies":"3 Louse","floor":7,"turns":5},{"damage":1,"enemies":"Blue Slaver","floor":11,"turns":5},{"damage":0,"enemies":"Large Slime","floor":14,"turns":6},{"damage":30,"enemies":"The Guardian","floor":16,"turns":14},{"damage":33,"enemies":"3 Byrds","floor":18,"turns":8},{"damage":12,"enemies":"Chosen","floor":19,"turns":5},{"damage":20,"enemies":"Snecko","floor":22,"turns":8},{"damage":24,"enemies":"Snake Plant","floor":24,"turns":6},{"damage":41,"enemies":"Sentry and Sphere","floor":27,"turns":8},{"damage":37,"enemies":"Centurion and Healer","floor":28,"turns":8}],"event_choices":[{"event_name":"Golden Idol","player_choice":"Take Damage","floor":3,"damage_taken":0},{"event_name":"Living Wall","player_choice":"Forget","floor":5,"damage_taken":0},{"event_name":"The Woman in Blue","player_choice":"Bought 0 Potions","floor":8,"damage_taken":0},{"event_name":"Dead Adventurer","player_choice":"Searched \u00270\u0027 times","floor":13,"damage_taken":0},{"event_name":"Wheel of Change","player_choice":"Damage","floor":20,"damage_taken":0},{"event_name":"Addict","player_choice":"Obtained Relic","floor":21,"damage_taken":0}],"boss_relics":[{"not_picked":["Runic Dome","White Beast Statue"],"picked":"Black Blood"}],"potions_floor_spawned":[1,2,16,18,22,24],"seed_played":"8770795589619182704","killed_by":"Centurion and Healer","ascension_level":12,"is_trial":false}