{"gold_per_floor":[111,111,127,139,159,159,159,159,205,217,67,96,96,115,115,186,186,196,31,43,61,79,79,97,97,97,132,132,132,144,208,208,286,286,302,320,320,320,338,338,338,338,338,364,364,364,379,11,11,11],"floor_reached":50,"playtime":4019,"items_purged":["Strike_G","Strike_G"],"score":903,"play_id":"be245096-1550-4b58-936f-b165620f2670","local_time":"20190317235418","is_ascension_mode":true,"campfire_choices":[{"data":"Neutralize","floor":6,"key":"SMITH"},{"floor":8,"key":"REST"},{"data":"Footwork","floor":13,"key":"SMITH"},{"floor":15,"key":"REST"},{"data":"Apotheosis","floor":23,"key":"SMITH"},{"data":"Backflip","floor":25,"key":"SMITH"},{"floor":29,"key":"REST"},{"floor":32,"key":"REST"},{"floor":40,"key":"REST"},{"floor":42,"key":"REST"},{"floor":45,"key":"REST"},{"floor":49,"key":"REST"}],"neow_cost":"PERCENT_DAMAGE","seed_source_timestamp":23945771371800100,"circlet_count":0,"master_deck":["AscendersBane","Defend_G","Defend_G","Defend_G","Defend_G+1","Defend_G","Strike_G","Strike_G+1","Survivor","Neutralize+1","Dash","Sucker Punch","Choke","Venomology","Footwork+1","Backflip+1","PiercingWail","Die Die Die","Apotheosis+1","Caltrops","Dodge and Roll","Madness","Madness","Caltrops","Dodge and Roll"],"relics":["Ring of the Snake","Unceasing Top","Regal Pillow","Centennial Puzzle","Busted Crown","Bottled Lightning","PreservedInsect","Tiny Chest","Velvet Choker","The Specimen","Tingsha","Bronze Scales"],"potions_floor_usage":[12,16,18,21,22,22,24,27,27,28,31,33,33,33,37,47,50,50],"damage_taken":[{"damage":0,"enemies":"Small Slimes","floor":1,"turns":3},{"damage":0,"enemies":"Jaw Worm","floor":3,"turns":8},{"damage":0,"enemies":"2 Louse","floor":4,"turns":4},{"damage":5,"enemies":"Large Slime","floor":5,"turns":8},{"damage":5,"enemies":"Lots of Slimes","floor":10,"turns":6},{"damage":12,"enemies":"3 Sentries","floor":12,"turns":13},{"damage":0,"enemies":"2 Fungi Beasts","floor":14,"turns":5},{"damage":21,"enemies":"The Guardian","floor":16,"turns":22},{"damage":0,"enemies":"Chosen","floor":18,"turns":6},{"damage":2,"enemies":"3 Byrds","floor":20,"turns":7},{"damage":1,"enemies":"Centurion and Healer","floor":21,"turns":8},{"damage":2,"enemies":"Snake Plant","floor":22,"turns":5},{"damage":0,"enemies":"3 Cultists","floor":24,"turns":4},{"damage":43,"enemies":"Gremlin Leader","floor":27,"turns":11},{"damage":0,"enemies":"Chosen and Byrds","floor":28,"turns":1},{"damage":7,"enemies":"Cultist and Chosen","floor":30,"turns":8},{"damage":9,"enemies":"Slavers","floor":31,"turns":7},{"damage":46,"enemies":"Automaton","floor":33,"turns":20},{"damage":0,"enemies":"Orb Walker","floor":35,"turns":4},{"damage":22,"enemies":"3 Darklings","floor":36,"turns":8},{"damage":0,"enemies":"Sphere and 2 Shapes","floor":37,"turns":3},{"damage":19,"enemies":"Transient","floor":39,"turns":5},{"damage":6,"enemies":"Nemesis","floor":44,"turns":15},{"damage":8,"enemies":"Spire Growth","floor":47,"turns":7},{"damage":80,"enemies":"Time Eater","floor":50,"turns":13}],"seed_played":"-3306556250151581396","potions_obtained":[{"floor":1,"key":"SmokeBomb"},{"floor":3,"key":"Dexterity Potion"},{"floor":22,"key":"PowerPotion"},{"floor":30,"key":"FearPotion"},{"floor":39,"key":"Block Potion"}],"is_trial":false,"path_per_floor":["M","?","M","M","M","R","?","R","T","M","$","E","R","M","R","B",null,"M","$","M","M","M","R","M","R","T","E","M","R","M","E","R","B",null,"M","M","M","?","M","R","?","R","T","E","R","?","M","$","R","B"],"character_chosen":"THE_SILENT","items_purchased":["Footwork","Apotheosis","Bronze Scales","Caltrops","Dodge and Roll"],"campfire_rested":8,"item_purchase_floors":[11,19,48,48,48],"current_hp_per_floor":[44,37,37,37,32,32,12,31,31,26,26,14,14,14,48,27,56,56,56,54,65,63,63,63,63,63,35,35,66,59,50,66,20,55,55,33,33,33,14,48,36,66,66,60,66,66,58,58,66,0],"gold":11,"neow_bonus":"ONE_RARE_RELIC","is_prod":false,"is_daily":false,"chose_seed":false,"campfire_upgraded":4,"win_rate":0,"timestamp":1552863258,"path_taken":["M","?","M","M","M","R","?","R","T","?","$","E","R","M","R","BOSS","M","$","M","M","M","R","M","R","T","E","M","R","M","E","R","BOSS","M","M","M","?","M","R","?","R","T","E","R","?","M","$","R","BOSS"],"build_version":"2019-01-23","purchased_purges":2,"victory":false,"max_hp_per_floor":[66,66,66,66,66,66,66,66,66,66,66,66,66,66,66,66,66,66,66,66,66,66,66,66,66,66,66,66,66,66,66,66,66,66,66,66,66,66,66,66,66,66,66,66,66,66,66,66,66,66],"card_choices":[{"not_picked":["Accuracy","Deflect","Bane"],"picked":"SKIP","floor":1},{"not_picked":["Acrobatics","Setup"],"picked":"Dash","floor":3},{"not_picked":["Blade Dance","Acrobatics"],"picked":"Sucker Punch","floor":4},{"not_picked":["Slice","Bane"],"picked":"Choke","floor":5},{"not_picked":["Underhanded Strike","Deflect"],"picked":"Venomology","floor":10},{"not_picked":["Flying Knee","Acrobatics"],"picked":"Backflip","floor":12},{"not_picked":["Crippling Poison","Finisher"],"picked":"PiercingWail","floor":14},{"not_picked":["Malaise","Envenom"],"picked":"Die Die Die","floor":16},{"not_picked":["Deadly Poison"],"picked":"SKIP","floor":18},{"not_picked":["Underhanded Strike"],"picked":"SKIP","floor":20},{"not_picked":["Outmaneuver"],"picked":"SKIP","floor":21},{"not_picked":["Choke"],"picked":"SKIP","floor":22},{"not_picked":["Acrobatics"],"picked":"SKIP","floor":24},{"not_picked":["Bouncing Flask"],"picked":"SKIP","floor":27},{"not_picked":[],"picked":"Dodge and Roll","floor":30},{"not_picked":["Flying Knee"],"picked":"SKIP","floor":31},{"not_picked":["Acrobatics"],"picked":"SKIP","floor":35},{"not_picked":[],"picked":"Caltrops","floor":36},{"not_picked":[],"picked":"Dodge and Roll","floor":39},{"not_picked":["Prepared"],"picked":"SKIP","floor":44},{"not_picked":["Prepared"],"picked":"SKIP","floor":47}],"player_experience":437872,"relics_obtained":[{"floor":9,"key":"Regal Pillow"},{"floor":12,"key":"Centennial Puzzle"},{"floor":26,"key":"Bottled Lightning"},{"floor":27,"key":"PreservedInsect"},{"floor":31,"key":"Tiny Chest"},{"floor":43,"key":"The Specimen"},{"floor":44,"key":"Tingsha"}],"event_choices":[{"cards_removed":["Strike_G"],"damage_healed":0,"gold_gain":0,"player_choice":"Card Removal","damage_taken":7,"max_hp_gain":0,"max_hp_loss":0,"event_name":"Golden Wing","floor":2,"gold_loss":0},{"damage_healed":0,"gold_gain":0,"player_choice":"Entered Light","damage_taken":20,"max_hp_gain":0,"max_hp_loss":0,"event_name":"Shining Light","floor":7,"gold_loss":0,"cards_upgraded":["Strike_G","Defend_G"]},{"cards_removed":["Dodge and Roll"],"damage_healed":0,"gold_gain":0,"player_choice":"Removed Skill","damage_taken":0,"max_hp_gain":0,"max_hp_loss":0,"event_name":"Falling","floor":38,"gold_loss":0},{"damage_healed":0,"gold_gain":0,"player_choice":"Embrace Madness","damage_taken":12,"max_hp_gain":0,"max_hp_loss":0,"event_name":"Winding Halls","floor":41,"gold_loss":0,"cards_obtained":["Madness","Madness"]},{"damage_healed":0,"gold_gain":0,"player_choice":"Ignored","damage_taken":0,"max_hp_gain":0,"max_hp_loss":0,"event_name":"SecretPortal","floor":46,"gold_loss":0}],"is_beta":false,"boss_relics":[{"not_picked":["Coffee Dripper","Cursed Key"],"picked":"Busted Crown"},{"not_picked":["White Beast Statue","Sozu"],"picked":"Velvet Choker"}],"items_purged_floors":[11,48],"is_endless":false,"potions_floor_spawned":[1,3,4,22,28,30,31,37,39],"killed_by":"Time Eater","ascension_level":15}