{"gold_per_floor":[109,109,109,119,44,44,77,77,77,94,112,142,142,161,161,238,238,251,269,269,289,306,306,306],"floor_reached":24,"playtime":691,"items_purged":[],"score":416,"play_id":"477cbf16-c54c-4019-bb67-3be1e7e92813","local_time":"20190601114733","is_ascension_mode":true,"campfire_choices":[{"data":"Skewer","floor":6,"key":"SMITH"},{"floor":8,"key":"REST"},{"data":"Footwork","floor":15,"key":"SMITH"},{"floor":23,"key":"REST"}],"neow_cost":"NONE","seed_source_timestamp":1342191516897027,"circlet_count":0,"master_deck":["AscendersBane","Strike_G","Strike_G","Strike_G","Defend_G","Defend_G","Defend_G","Defend_G","Defend_G","Survivor","Neutralize","Skewer+1","Backflip","Cloak And Dagger","Flying Knee","Poisoned Stab","Footwork+1","Backflip","Glass Knife","PiercingWail","Crippling Poison","Dagger Spray","Choke+1"],"relics":["Ring of the Snake","Bag of Marbles","Mercury Hourglass","StoneCalendar","Snecko Eye"],"potions_floor_usage":[12,16,21],"damage_taken":[{"damage":0,"enemies":"Cultist","floor":1,"turns":4},{"damage":0,"enemies":"2 Louse","floor":4,"turns":2},{"damage":36,"enemies":"3 Sentries","floor":7,"turns":11},{"damage":3,"enemies":"Small Slimes","floor":10,"turns":3},{"damage":5,"enemies":"Blue Slaver","floor":11,"turns":3},{"damage":8,"enemies":"Lagavulin","floor":12,"turns":4},{"damage":1,"enemies":"Looter","floor":14,"turns":2},{"damage":18,"enemies":"Slime Boss","floor":16,"turns":7},{"damage":13,"enemies":"Shell Parasite","floor":18,"turns":7},{"damage":0,"enemies":"Chosen","floor":19,"turns":3},{"damage":6,"enemies":"3 Cultists","floor":21,"turns":4},{"damage":20,"enemies":"Snake Plant","floor":22,"turns":4},{"damage":52,"enemies":"Book of Stabbing","floor":24,"turns":5}],"seed_played":"4183420647999237473","potions_obtained":[{"floor":1,"key":"Strength Potion"},{"floor":14,"key":"GamblersBrew"},{"floor":16,"key":"AttackPotion"},{"floor":18,"key":"Fire Potion"}],"is_trial":false,"path_per_floor":["M","?","?","M","?","R","E","R","T","M","M","E","?","M","R","B",null,"M","M","?","M","M","R","E"],"character_chosen":"THE_SILENT","items_purchased":[],"campfire_rested":2,"item_purchase_floors":[],"current_hp_per_floor":[59,59,64,64,64,64,28,49,49,46,41,33,33,32,32,14,57,44,44,44,38,18,39,0],"gold":306,"neow_bonus":"RANDOM_COMMON_RELIC","is_prod":false,"is_daily":false,"chose_seed":false,"campfire_upgraded":2,"win_rate":0,"timestamp":1559414853,"path_taken":["M","?","?","M","?","R","E","R","T","?","M","E","?","M","R","BOSS","M","M","?","M","M","R","E"],"build_version":"2019-05-31","purchased_purges":0,"victory":false,"max_hp_per_floor":[66,66,71,71,71,71,71,71,71,71,71,71,71,71,71,71,71,71,71,71,71,71,71,71],"card_choices":[{"not_picked":["Dagger Spray","Outmaneuver"],"picked":"Skewer","floor":1},{"not_picked":["Dagger Throw","Prepared"],"picked":"Backflip","floor":4},{"not_picked":["Backflip","Blur"],"picked":"Cloak And Dagger","floor":7},{"not_picked":["Blade Dance","Flying Knee","Acrobatics"],"picked":"SKIP","floor":10},{"not_picked":["Blade Dance","Acrobatics"],"picked":"Flying Knee","floor":10},{"not_picked":["Bane","Deadly Poison"],"picked":"Poisoned Stab","floor":11},{"not_picked":["Acrobatics","Accuracy"],"picked":"Footwork","floor":12},{"not_picked":["Cloak And Dagger","Venomology"],"picked":"Backflip","floor":14},{"not_picked":["Envenom","Storm of Steel"],"picked":"Glass Knife","floor":16},{"not_picked":["Quick Slash","Distraction","Cloak And Dagger"],"picked":"SKIP","floor":18},{"not_picked":["Accuracy","Concentrate"],"picked":"PiercingWail","floor":19},{"not_picked":["Dagger Spray","PiercingWail","Deflect"],"picked":"SKIP","floor":21},{"not_picked":["PiercingWail","Deflect"],"picked":"Dagger Spray","floor":21},{"not_picked":["Bane","Deflect"],"picked":"Choke+1","floor":22}],"player_experience":1291984,"relics_obtained":[{"floor":7,"key":"Mercury Hourglass"},{"floor":12,"key":"StoneCalendar"}],"event_choices":[{"cards_removed":["Strike_G"],"damage_healed":0,"gold_gain":0,"player_choice":"Forget","damage_taken":0,"max_hp_gain":0,"max_hp_loss":0,"event_name":"Living Wall","floor":2,"gold_loss":0},{"damage_healed":0,"gold_gain":0,"player_choice":"Donut","damage_taken":0,"max_hp_gain":5,"max_hp_loss":0,"event_name":"Big Fish","floor":3,"gold_loss":0},{"cards_removed":["Strike_G"],"damage_healed":0,"gold_gain":0,"player_choice":"Card Removal","damage_taken":0,"max_hp_gain":0,"max_hp_loss":0,"event_name":"The Cleric","floor":5,"gold_loss":75},{"damage_healed":0,"gold_gain":0,"player_choice":"Searched \u00270\u0027 times","damage_taken":0,"max_hp_gain":0,"max_hp_loss":0,"event_name":"Dead Adventurer","floor":13,"gold_loss":0},{"damage_healed":0,"gold_gain":0,"player_choice":"Read","damage_taken":0,"max_hp_gain":0,"max_hp_loss":0,"event_name":"The Library","floor":20,"gold_loss":0,"cards_obtained":["Crippling Poison"]}],"is_beta":true,"boss_relics":[{"not_picked":["Philosopher\u0027s Stone","Cursed Key"],"picked":"Snecko Eye"}],"items_purged_floors":[],"is_endless":false,"potions_floor_spawned":[1,14,16,18],"killed_by":"Book of Stabbing","ascension_level":20}