{"path_per_floor":["M","$","M","?","M","R","M","R","T","$","?","R","E","M","R","B",null,"M","?","M","?","?","R","M","M","T","M"],"character_chosen":"THE_SILENT","items_purchased":["Noxious Fumes","Caltrops"],"gold_per_floor":[117,44,61,61,79,79,93,93,93,15,15,15,45,65,65,161,191,211,211,226,226,226,226,245,255,301,320],"floor_reached":28,"campfire_rested":0,"playtime":1850,"current_hp_per_floor":[70,70,70,70,70,70,63,63,63,63,63,63,43,43,43,27,75,39,39,44,44,44,44,31,26,26,22],"items_purged":[],"gold":320,"score":242,"play_id":"24a4fbf0-c71a-4725-bb8b-e57453ce1e78","is_prod":false,"is_daily":false,"is_ascension_mode":true,"campfire_upgraded":5,"path_taken":["M","$","?","?","M","R","M","R","T","$","?","R","E","?","R","BOSS","M","?","M","?","?","R","M","M","T","?","M"],"build_version":"2018-02-12-PROD1","purchased_purges":0,"victory":false,"master_deck":["Defend_G+1","Defend_G+1","Defend_G+1","Defend_G+1","Defend_G+1","Strike_G+1","Strike_G+1","Strike_G+1","Strike_G+1","Strike_G+1","Survivor","Neutralize+1","Sucker Punch+1","Noxious Fumes+1","Dagger Spray+1","Well Laid Plans","Caltrops+1","Caltrops+1","Acrobatics","Blur","Backstab"],"max_hp_per_floor":[70,70,70,70,70,70,70,70,70,70,70,70,70,70,70,70,75,75,75,75,75,75,75,75,75,75,75],"relics":["Ring of the Snake","NeowsBlessing","Frozen Eye","Whetstone","Tiny House","Bird Faced Urn","Bag of Marbles"],"card_choices":[{"not_picked":["Deflect","Outmaneuver"],"picked":"Sucker Punch"},{"not_picked":["Outmaneuver","Choke"],"picked":"Dagger Spray"},{"not_picked":["Flying Knee","Predator"],"picked":"Well Laid Plans"},{"not_picked":["Deflect","Deadly Poison"],"picked":"Caltrops"},{"not_picked":["Dagger Throw","Flying Knee"],"picked":"Acrobatics"},{"not_picked":["Dagger Spray","Skewer"],"picked":"Blur"},{"not_picked":["Endless Agony","Deadly Poison"],"picked":"Backstab"}],"player_experience":64764,"potions_floor_usage":[16,16,24,25,27],"damage_taken":[{"damage":0,"enemies":"Blue Slaver","floor":1,"turns":1},{"damage":0,"enemies":"Small Slimes","floor":3,"turns":1},{"damage":0,"enemies":"Cultist","floor":5,"turns":1},{"damage":7,"enemies":"Large Slime","floor":7,"turns":6},{"damage":20,"enemies":"Gremlin Nob","floor":13,"turns":5},{"damage":0,"enemies":"Exordium Wildlife","floor":14,"turns":3},{"damage":16,"enemies":"The Guardian","floor":16,"turns":9},{"damage":36,"enemies":"2 Thieves","floor":18,"turns":4},{"damage":1,"enemies":"3 Byrds","floor":20,"turns":3},{"damage":21,"enemies":"Snecko","floor":24,"turns":6},{"damage":13,"enemies":"Centurion and Healer","floor":25,"turns":6},{"damage":12,"enemies":"3 Cultists","floor":27,"turns":4},{"damage":30,"enemies":"Cultist and Chosen","floor":28,"turns":4}],"event_choices":[{"event_name":"The Woman in Blue","player_choice":"Bought 0 Potions","floor":4,"damage_taken":0},{"event_name":"The Cleric","player_choice":"Leave","floor":11,"damage_taken":0},{"event_name":"The Mausoleum","player_choice":"Yes","floor":19,"damage_taken":0},{"event_name":"Drug Dealer","player_choice":"Ignored","floor":21,"damage_taken":0},{"event_name":"Back to Basics","player_choice":"Simplicity","floor":22,"damage_taken":0}],"boss_relics":[{"not_picked":["Philosopher\u0027s Stone","White Beast Statue"],"picked":"Tiny House"}],"potions_floor_spawned":[3,14,20,24],"seed_played":"4969953976945495708","killed_by":"Cultist and Chosen","ascension_level":2,"is_trial":false}