{"gold_per_floor":[110,285,285,299,6,37,48,48,72,86,105,6,6,34,34,134,134,147,157,157,157,14,14,14,31,31,19,45,57,57,73,73,171,171,189,63,63,0,0,0,11,11,11,31,6,38,38,38,38,38],"floor_reached":51,"playtime":2065,"items_purged":["Doubt","Strike_R","Defend_R"],"score":776,"play_id":"c48aee1c-19a1-4c0a-b4a6-096445055529","local_time":"20190613061259","is_ascension_mode":false,"campfire_choices":[{"data":"Body Slam","floor":8,"key":"SMITH"},{"data":"Reaper","floor":13,"key":"SMITH"},{"data":"Whirlwind","floor":15,"key":"SMITH"},{"data":"Bandage Up","floor":23,"key":"SMITH"},{"data":"Pommel Strike","floor":30,"key":"SMITH"},{"data":"True Grit","floor":32,"key":"SMITH"},{"data":"Demon Form","floor":40,"key":"SMITH"},{"floor":47,"key":"REST"},{"floor":49,"key":"REST"}],"neow_cost":"NONE","seed_source_timestamp":45271233660267,"circlet_count":0,"master_deck":["Strike_R","Strike_R","Strike_R","Defend_R+1","Defend_R+1","Defend_R","Bash","Wild Strike","Ghostly Armor","Shrug It Off","Bandage Up+1","Reaper+1","Body Slam+1","Ghostly Armor","Whirlwind+1","Evolve","Feed","Armaments+1","Body Slam","Body Slam+1","Shrug It Off","Warcry+1","Pommel Strike+1","True Grit+1","Demon Form+1","Body Slam+1","Clumsy","Disarm+1","Metallicize+1"],"relics":["Burning Blood","NeowsBlessing","Membership Card","Orichalcum","War Paint","Lee\u0027s Waffle","Strawberry","Philosopher\u0027s Stone","Torii","Enchiridion","Pantograph","Matryoshka","Cursed Key","Blood Vial","Oddly Smooth Stone","Dead Branch","Smiling Mask"],"potions_floor_usage":[7,14,16,28,29,29,31,33,35,46,46,50],"damage_taken":[{"damage":0,"enemies":"Small Slimes","floor":1,"turns":1},{"damage":0,"enemies":"Cultist","floor":4,"turns":1},{"damage":0,"enemies":"3 Sentries","floor":6,"turns":2},{"damage":3,"enemies":"2 Louse","floor":7,"turns":3},{"damage":3,"enemies":"2 Fungi Beasts","floor":10,"turns":4},{"damage":2,"enemies":"Exordium Wildlife","floor":11,"turns":4},{"damage":32,"enemies":"Lagavulin","floor":14,"turns":12},{"damage":71,"enemies":"Hexaghost","floor":16,"turns":15},{"damage":15,"enemies":"Spheric Guardian","floor":18,"turns":6},{"damage":21,"enemies":"Chosen","floor":19,"turns":5},{"damage":27,"enemies":"Snecko","floor":25,"turns":6},{"damage":10,"enemies":"Gremlin Leader","floor":28,"turns":9},{"damage":0,"enemies":"Centurion and Healer","floor":29,"turns":4},{"damage":29,"enemies":"Snake Plant","floor":31,"turns":5},{"damage":72,"enemies":"Collector","floor":33,"turns":13},{"damage":15,"enemies":"3 Shapes","floor":35,"turns":4},{"damage":26,"enemies":"3 Darklings","floor":41,"turns":6},{"damage":30,"enemies":"Maw","floor":44,"turns":8},{"damage":76,"enemies":"Reptomancer","floor":46,"turns":5},{"damage":78,"enemies":"Awakened One","floor":50,"turns":11}],"seed_played":"-8814545430492528551","potions_obtained":[{"floor":1,"key":"FearPotion"},{"floor":4,"key":"Weak Potion"},{"floor":6,"key":"Energy Potion"},{"floor":19,"key":"Strength Potion"},{"floor":28,"key":"EntropicBrew"},{"floor":29,"key":"Dexterity Potion"},{"floor":35,"key":"Fire Potion"},{"floor":44,"key":"SteroidPotion"}],"is_trial":false,"path_per_floor":["M","?","?","M","$","E","M","R","T","M","M","$","R","E","R","B",null,"M","M","?","?","$","R","?","M","T","$","E","M","R","M","R","B",null,"M","$","?","$","?","R","M","$","T","M","$","E","R","?","R","B",null],"character_chosen":"IRONCLAD","items_purchased":["Membership Card","Bandage Up","Lee\u0027s Waffle","Torii","Shrug It Off","Blood Vial","Strength Potion"],"campfire_rested":2,"item_purchase_floors":[5,5,12,22,27,36,45],"current_hp_per_floor":[80,80,80,80,80,80,80,80,80,80,80,87,87,78,78,22,94,90,85,66,66,66,66,50,35,35,35,46,55,55,45,45,25,105,96,96,96,96,96,96,95,95,95,85,85,27,59,59,91,58],"gold":38,"neow_bonus":"THREE_ENEMY_KILL","is_prod":false,"is_daily":false,"chose_seed":false,"campfire_upgraded":7,"win_rate":0,"timestamp":1560402779,"path_taken":["M","?","?","M","$","E","M","R","T","?","M","$","R","E","R","BOSS","M","M","?","?","$","R","?","M","T","$","E","M","R","M","R","BOSS","M","$","?","$","?","R","M","$","T","M","?","E","R","?","R","BOSS"],"build_version":"2019-01-23","purchased_purges":3,"victory":true,"max_hp_per_floor":[80,80,80,80,80,80,80,80,80,80,80,87,87,94,94,94,94,94,97,102,102,102,102,102,102,102,102,102,105,105,105,105,105,105,105,105,105,105,105,105,108,108,108,108,108,108,108,108,108,108],"card_choices":[{"not_picked":["Perfected Strike","Hemokinesis"],"picked":"Wild Strike","floor":1},{"not_picked":["Wild Strike","Rupture"],"picked":"Shrug It Off","floor":4},{"not_picked":["Anger","Brutality"],"picked":"Reaper","floor":6},{"not_picked":["Thunderclap","Shrug It Off"],"picked":"Body Slam","floor":7},{"not_picked":["Rage","Perfected Strike"],"picked":"Ghostly Armor","floor":10},{"not_picked":["Pummel","Anger"],"picked":"Whirlwind","floor":11},{"not_picked":["Headbutt","Thunderclap"],"picked":"Evolve","floor":14},{"not_picked":["Limit Break","Offering"],"picked":"Feed","floor":16},{"not_picked":["Body Slam","Sentinel"],"picked":"Armaments+1","floor":18},{"not_picked":["Havoc","Hemokinesis"],"picked":"Body Slam","floor":19},{"not_picked":["Offering","Rage"],"picked":"Body Slam+1","floor":25},{"not_picked":["Pommel Strike","Entrench"],"picked":"Warcry+1","floor":28},{"not_picked":["Armaments+1","Ghostly Armor+1"],"picked":"Pommel Strike","floor":29},{"not_picked":["Flex","Corruption"],"picked":"True Grit","floor":31},{"not_picked":["Bludgeon","Berserk"],"picked":"Demon Form","floor":33},{"not_picked":["Twin Strike+1","Heavy Blade","Thunderclap"],"picked":"SKIP","floor":35},{"not_picked":["True Grit","Cleave+1"],"picked":"Body Slam+1","floor":41},{"not_picked":["Fire Breathing+1","Corruption+1"],"picked":"Disarm+1","floor":44},{"not_picked":["Rupture+1","Second Wind+1"],"picked":"Metallicize+1","floor":46}],"player_experience":798590,"relics_obtained":[{"floor":6,"key":"Orichalcum"},{"floor":9,"key":"War Paint"},{"floor":14,"key":"Strawberry"},{"floor":24,"key":"Enchiridion"},{"floor":26,"key":"Pantograph"},{"floor":28,"key":"Matryoshka"},{"floor":43,"key":"Oddly Smooth Stone"},{"floor":43,"key":"Dead Branch"},{"floor":46,"key":"Smiling Mask"}],"event_choices":[{"damage_healed":0,"gold_gain":175,"player_choice":"AGREE","damage_taken":0,"max_hp_gain":0,"max_hp_loss":0,"event_name":"Liars Game","floor":2,"gold_loss":0,"cards_obtained":["Doubt"]},{"damage_healed":0,"gold_gain":0,"player_choice":"1 cards matched","damage_taken":0,"max_hp_gain":0,"max_hp_loss":0,"event_name":"Match and Keep!","floor":3,"gold_loss":0,"cards_obtained":["Ghostly Armor"]},{"damage_healed":0,"gold_gain":0,"player_choice":"Shed Blood","damage_taken":24,"max_hp_gain":5,"max_hp_loss":0,"event_name":"Forgotten Altar","floor":20,"gold_loss":0},{"damage_healed":0,"gold_gain":0,"player_choice":"Ignored","damage_taken":0,"max_hp_gain":0,"max_hp_loss":0,"event_name":"Vampires","floor":21,"gold_loss":0},{"damage_healed":0,"gold_gain":0,"player_choice":"Obtained Book","damage_taken":16,"max_hp_gain":0,"max_hp_loss":0,"event_name":"Cursed Tome","floor":24,"gold_loss":0},{"damage_healed":0,"gold_gain":0,"player_choice":"Ignored","damage_taken":0,"max_hp_gain":0,"max_hp_loss":0,"event_name":"Tomb of Lord Red Mask","floor":37,"gold_loss":0},{"cards_removed":["Strike_R"],"damage_healed":0,"gold_gain":0,"player_choice":"Removed Attack","damage_taken":0,"max_hp_gain":0,"max_hp_loss":0,"event_name":"Falling","floor":39,"gold_loss":0},{"damage_healed":0,"gold_gain":0,"player_choice":"Ignored","damage_taken":0,"max_hp_gain":0,"max_hp_loss":0,"event_name":"Mysterious Sphere","floor":48,"gold_loss":0}],"is_beta":false,"boss_relics":[{"not_picked":["Runic Dome","White Beast Statue"],"picked":"Philosopher\u0027s Stone"},{"not_picked":["Empty Cage","Velvet Choker"],"picked":"Cursed Key"}],"items_purged_floors":[5,36,38],"is_endless":false,"potions_floor_spawned":[1,4,6,19,28,29,35,44],"ascension_level":0}