{"gold_per_floor":[114,114,39,50,64,64,74,74,154,104,122,122,152,169,169,270,270,287,32,32,42,59,59,76,76,129,129,144,163,163,63,63,165,165,178,178,178,205,205,205,217,217,217,217,234,17,29,29,29,29],"floor_reached":51,"playtime":2875,"items_purged":["Strike_R","Defend_R","Defend_R"],"score":622,"play_id":"d6cca0e9-8d11-414f-9971-19bda56eda26","local_time":"20181118185126","is_ascension_mode":false,"campfire_choices":[{"data":"Bash","floor":6,"key":"SMITH"},{"data":"Inflame","floor":8,"key":"SMITH"},{"data":"Wild Strike","floor":12,"key":"SMITH"},{"data":"Shrug It Off","floor":15,"key":"SMITH"},{"data":"Limit Break","floor":23,"key":"SMITH"},{"data":"Evolve","floor":27,"key":"SMITH"},{"floor":32,"key":"REST"},{"floor":40,"key":"REST"},{"floor":44,"key":"REST"},{"floor":49,"key":"REST"}],"neow_cost":"NONE","seed_source_timestamp":13646403903791802,"circlet_count":0,"master_deck":["Strike_R+1","Strike_R+1","Defend_R","Defend_R","Bash+1","Reaper","Evolve+1","Pommel Strike","Inflame+1","Wild Strike+1","Shrug It Off+1","Shrug It Off","Limit Break+1","Seeing Red+1","Metallicize+1","Flame Barrier","Fiend Fire","Heavy Blade+1","Twin Strike+1","Limit Break+1","Dramatic Entrance"],"relics":["Burning Blood","Matryoshka","Juzu Bracelet","Mark of Pain","Kunai","MutagenicStrength","Ornamental Fan","Tiny Chest","Fusion Hammer","Potion Belt","Vajra","Dodecahedron"],"potions_floor_usage":[16,24,33,47,50,50,50],"damage_taken":[{"damage":4,"enemies":"Jaw Worm","floor":1,"turns":5},{"damage":1,"enemies":"Cultist","floor":4,"turns":3},{"damage":7,"enemies":"Small Slimes","floor":5,"turns":5},{"damage":10,"enemies":"Looter","floor":7,"turns":2},{"damage":12,"enemies":"3 Louse","floor":11,"turns":3},{"damage":22,"enemies":"3 Sentries","floor":13,"turns":6},{"damage":12,"enemies":"Blue Slaver","floor":14,"turns":2},{"damage":23,"enemies":"Slime Boss","floor":16,"turns":11},{"damage":10,"enemies":"Chosen","floor":18,"turns":4},{"damage":22,"enemies":"2 Thieves","floor":21,"turns":4},{"damage":38,"enemies":"Shelled Parasite and Fungi","floor":22,"turns":5},{"damage":13,"enemies":"Sentry and Sphere","floor":24,"turns":5},{"damage":25,"enemies":"Centurion and Healer","floor":28,"turns":6},{"damage":5,"enemies":"Cultist and Chosen","floor":29,"turns":6},{"damage":39,"enemies":"Automaton","floor":33,"turns":10},{"damage":20,"enemies":"3 Darklings","floor":35,"turns":5},{"damage":5,"enemies":"Orb Walker","floor":41,"turns":2},{"damage":0,"enemies":"3 Darklings","floor":45,"turns":4},{"damage":0,"enemies":"Transient","floor":47,"turns":5},{"damage":81,"enemies":"Awakened One","floor":50,"turns":9}],"seed_played":"-3896259672885903377","potions_obtained":[{"floor":1,"key":"GamblersBrew"},{"floor":5,"key":"SkillPotion"},{"floor":7,"key":"SteroidPotion"},{"floor":21,"key":"BloodPotion"},{"floor":24,"key":"Explosive Potion"},{"floor":35,"key":"Regen Potion"},{"floor":41,"key":"Swift Potion"}],"is_trial":false,"path_per_floor":["M","?","$","M","M","R","M","R","T","?","M","R","E","M","R","B",null,"M","$","?","M","M","R","M","?","T","R","M","M","?","$","R","B",null,"M","?","?","T","?","R","M","?","T","R","M","$","M","$","R","B",null],"character_chosen":"IRONCLAD","items_purchased":["Kunai","Dramatic Entrance"],"campfire_rested":4,"item_purchase_floors":[19,46],"current_hp_per_floor":[80,64,64,73,72,72,68,68,68,68,62,62,58,58,58,63,80,80,80,80,64,42,42,50,50,50,50,41,54,39,39,64,43,85,71,71,71,71,71,85,85,85,85,85,85,85,85,85,85,37],"gold":29,"neow_bonus":"ONE_RANDOM_RARE_CARD","is_prod":false,"is_daily":false,"chose_seed":false,"campfire_upgraded":6,"win_rate":0,"timestamp":1542563486,"path_taken":["M","?","?","M","?","R","M","R","T","?","M","R","E","M","R","BOSS","M","$","?","M","M","R","M","?","T","R","M","M","?","$","R","BOSS","M","?","?","?","?","R","M","?","T","R","M","$","M","?","R","BOSS"],"build_version":"2018-11-15","purchased_purges":3,"victory":true,"max_hp_per_floor":[80,80,80,80,80,80,80,80,80,80,80,80,80,80,80,80,80,80,80,80,80,80,80,80,80,80,80,80,80,85,85,85,85,85,85,85,85,85,85,85,85,85,85,85,85,85,85,85,85,85],"card_choices":[{"not_picked":["Power Through","Twin Strike"],"picked":"Evolve","floor":1},{"not_picked":["Heavy Blade","Thunderclap"],"picked":"Pommel Strike","floor":4},{"not_picked":["Sword Boomerang","Second Wind","Havoc"],"picked":"SKIP","floor":5},{"not_picked":["Rage","Flex"],"picked":"Inflame","floor":7},{"not_picked":["Uppercut","Thunderclap"],"picked":"Wild Strike","floor":11},{"not_picked":["True Grit","Twin Strike"],"picked":"Shrug It Off","floor":13},{"not_picked":["Cleave","Rupture"],"picked":"Shrug It Off","floor":14},{"not_picked":["Barricade","Offering"],"picked":"Limit Break","floor":16},{"not_picked":["Perfected Strike","Hemokinesis","Havoc"],"picked":"SKIP","floor":18},{"not_picked":["Shrug It Off+1","Wild Strike"],"picked":"Seeing Red+1","floor":21},{"not_picked":["True Grit+1","Anger+1","Iron Wave"],"picked":"SKIP","floor":22},{"not_picked":["Shrug It Off","Offering"],"picked":"Metallicize+1","floor":24},{"not_picked":["Ghostly Armor","Armaments","Havoc"],"picked":"SKIP","floor":28},{"not_picked":["Perfected Strike","Corruption"],"picked":"Flame Barrier","floor":29},{"not_picked":["Offering","Bludgeon"],"picked":"Fiend Fire","floor":33},{"not_picked":["Shockwave","Warcry"],"picked":"Heavy Blade","floor":35},{"not_picked":["Hemokinesis+1","Dropkick"],"picked":"Twin Strike+1","floor":41},{"not_picked":["Brutality","Twin Strike","Warcry+1"],"picked":"SKIP","floor":45},{"not_picked":["Pommel Strike+1","Anger+1","Fire Breathing+1"],"picked":"SKIP","floor":47}],"player_experience":275475,"relics_obtained":[{"floor":9,"key":"Matryoshka"},{"floor":13,"key":"Juzu Bracelet"},{"floor":26,"key":"Ornamental Fan"},{"floor":26,"key":"Tiny Chest"},{"floor":38,"key":"Potion Belt"},{"floor":38,"key":"Vajra"},{"floor":43,"key":"Dodecahedron"}],"event_choices":[{"damage_healed":0,"gold_gain":0,"player_choice":"Entered Light","damage_taken":16,"max_hp_gain":0,"max_hp_loss":0,"event_name":"Shining Light","floor":2,"gold_loss":0,"cards_upgraded":["Strike_R","Strike_R"]},{"cards_removed":["Strike_R"],"damage_healed":0,"gold_gain":0,"player_choice":"Card Removal","damage_taken":0,"max_hp_gain":0,"max_hp_loss":0,"event_name":"The Cleric","floor":10,"gold_loss":50},{"damage_healed":0,"gold_gain":0,"player_choice":"Ignored","damage_taken":0,"max_hp_gain":0,"max_hp_loss":0,"event_name":"The Mausoleum","floor":20,"gold_loss":0},{"damage_healed":0,"gold_gain":0,"player_choice":"Inject Mutagens","damage_taken":0,"relics_obtained":["MutagenicStrength"],"max_hp_gain":0,"max_hp_loss":0,"event_name":"Drug Dealer","floor":25,"gold_loss":0},{"damage_healed":0,"gold_gain":0,"player_choice":"Shed Blood","damage_taken":20,"max_hp_gain":5,"max_hp_loss":0,"event_name":"Forgotten Altar","floor":30,"gold_loss":0},{"cards_removed":["Strike_R"],"damage_healed":0,"gold_gain":0,"player_choice":"Removed Attack","damage_taken":0,"max_hp_gain":0,"max_hp_loss":0,"event_name":"Falling","floor":36,"gold_loss":0},{"damage_healed":0,"gold_gain":0,"player_choice":"Ignored","damage_taken":0,"max_hp_gain":0,"max_hp_loss":0,"event_name":"Tomb of Lord Red Mask","floor":37,"gold_loss":0},{"damage_healed":0,"gold_gain":0,"player_choice":"Forge","damage_taken":0,"max_hp_gain":0,"max_hp_loss":0,"event_name":"Accursed Blacksmith","floor":39,"gold_loss":0,"cards_upgraded":["Heavy Blade"]},{"damage_healed":0,"gold_gain":0,"player_choice":"Copied","damage_taken":0,"max_hp_gain":0,"max_hp_loss":0,"event_name":"Duplicator","floor":42,"gold_loss":0,"cards_obtained":["Limit Break"]}],"is_beta":false,"boss_relics":[{"not_picked":["Philosopher\u0027s Stone","Runic Dome"],"picked":"Mark of Pain"},{"not_picked":["Empty Cage","Calling Bell"],"picked":"Fusion Hammer"}],"items_purged_floors":[3,31,46],"is_endless":false,"potions_floor_spawned":[1,5,7,21,24,29,35,41],"ascension_level":0}