{"gold_per_floor":[110,126,138,62,73,73,108,108,133,143,178,194,227,238,238,341,341,341,31,31,31,31,31,31,31,31,31,31,31,31,31,31,31,31,31,31,31,31,31,31,31,31,31,31,0,0,0,0,0,0],"floor_reached":51,"playtime":3504,"items_purged":[],"score":898,"play_id":"7f756ef5-dfa2-47ec-9ab6-0bc71bc6e75a","local_time":"20190606025403","daily_mods":["SealedDeck","Diverse","Colorless Cards","Binary"],"is_ascension_mode":true,"campfire_choices":[{"data":"Inflame","floor":6.0,"key":"SMITH"},{"data":"Iron Wave","floor":8.0,"key":"SMITH"},{"data":"Go for the Eyes","floor":15.0,"key":"SMITH"},{"data":"Noxious Fumes","floor":24.0,"key":"SMITH"},{"floor":32.0,"key":"REST"},{"data":"Body Slam","floor":40,"key":"SMITH"},{"floor":42,"key":"REST"},{"data":"Envenom","floor":44,"key":"SMITH"},{"floor":49,"key":"REST"}],"neow_cost":"","seed_source_timestamp":0,"circlet_count":0,"master_deck":["Ball Lightning","Skim","Clothesline+1","Poisoned Stab","Iron Wave+1","Backflip","Backflip","Dodge and Roll","Glacier","Finesse","Cold Snap","Inflame+1","Flash of Steel","Go for the Eyes+1","Flame Barrier","Uppercut+1","Envenom+1","Body Slam+1","Noxious Fumes+1","Panacea","Spot Weakness","Glacier","Impervious","Panacea","Deflect","Dodge and Roll","Grand Finale","Outmaneuver+1","Hologram+1","Expertise+1"],"special_seed":0,"relics":["Burning Blood","Boot","Blood Vial","Bag of Preparation","Pantograph","Ectoplasm","Pen Nib","Gremlin Horn","Mango","Whetstone","FaceOfCleric","Lizard Tail","The Courier","Red Mask","Self Forming Clay","Meat on the Bone"],"potions_floor_usage":[33,35,37,41,46,50,50,50],"damage_taken":[{"damage":0.0,"enemies":"2 Louse","floor":1.0,"turns":2.0},{"damage":0.0,"enemies":"Cultist","floor":2.0,"turns":4.0},{"damage":6.0,"enemies":"Small Slimes","floor":3.0,"turns":2.0},{"damage":6.0,"enemies":"Looter","floor":5.0,"turns":4.0},{"damage":13.0,"enemies":"Lagavulin","floor":7.0,"turns":6.0},{"damage":0.0,"enemies":"Red Slaver","floor":10.0,"turns":3.0},{"damage":10.0,"enemies":"Gremlin Nob","floor":11.0,"turns":4.0},{"damage":0.0,"enemies":"2 Fungi Beasts","floor":12.0,"turns":3.0},{"damage":0.0,"enemies":"3 Sentries","floor":13.0,"turns":4.0},{"damage":0.0,"enemies":"Blue Slaver","floor":14.0,"turns":3.0},{"damage":8.0,"enemies":"The Guardian","floor":16.0,"turns":11.0},{"damage":16.0,"enemies":"3 Byrds","floor":18.0,"turns":3.0},{"damage":5.0,"enemies":"Spheric Guardian","floor":22.0,"turns":4.0},{"damage":11.0,"enemies":"Book of Stabbing","floor":23.0,"turns":6.0},{"damage":31.0,"enemies":"Slavers","floor":25.0,"turns":7.0},{"damage":19.0,"enemies":"Centurion and Healer","floor":28.0,"turns":6.0},{"damage":3.0,"enemies":"Snecko","floor":29.0,"turns":5.0},{"damage":4.0,"enemies":"Chosen and Byrds","floor":30.0,"turns":4.0},{"damage":18,"enemies":"Collector","floor":33,"turns":9},{"damage":24,"enemies":"3 Darklings","floor":35,"turns":6},{"damage":13,"enemies":"3 Shapes","floor":37,"turns":5},{"damage":6,"enemies":"Spire Growth","floor":38,"turns":7},{"damage":20,"enemies":"Transient","floor":39,"turns":5},{"damage":49,"enemies":"4 Shapes","floor":41,"turns":6},{"damage":33,"enemies":"Nemesis","floor":46,"turns":7},{"damage":19,"enemies":"Sphere and 2 Shapes","floor":47,"turns":5},{"damage":56,"enemies":"Awakened One","floor":50,"turns":12}],"seed_played":"4031565098099082970","potions_obtained":[{"floor":2.0,"key":"Explosive Potion"},{"floor":3.0,"key":"Strength Potion"},{"floor":5.0,"key":"SkillPotion"},{"floor":12.0,"key":"SneckoOil"},{"floor":13.0,"key":"FearPotion"},{"floor":18.0,"key":"Block Potion"},{"floor":22.0,"key":"GamblersBrew"},{"floor":29.0,"key":"PowerPotion"},{"floor":33,"key":"PowerPotion"},{"floor":35,"key":"PowerPotion"},{"floor":39,"key":"Ancient Potion"},{"floor":41,"key":"EssenceOfSteel"},{"floor":47,"key":"SteroidPotion"}],"is_trial":true,"path_per_floor":["M","M","M","$","M","R","E","R","T","M","E","M","E","M","R","B",null,"M","$","?","$","M","E","R","E","T","?","M","M","M","?","R","B",null,"M","?","M","M","M","R","M","R","T","R","?","E","M","?","R","B",null],"character_chosen":"IRONCLAD","items_purchased":["Inflame","Noxious Fumes","Panacea","Pen Nib"],"campfire_rested":3,"item_purchase_floors":[4,19,19,19],"current_hp_per_floor":[80,80,80,80,80,80,73,73,73,80,76,80,80,80,80,78,80,70,70,70,70,73,70,70,61,61,61,51,57,62,43,73,89,103,86,86,82,85,74,74,34,66,66,66,66,42,32,32,65,55],"gold":0,"neow_bonus":"","is_prod":false,"is_daily":false,"chose_seed":false,"campfire_upgraded":6,"win_rate":0,"timestamp":1559786043,"path_taken":["M","M","M","$","M","R","E","R","T","M","E","M","E","M","R","BOSS","M","$","?","$","M","E","R","E","T","?","M","M","?","?","R","BOSS","M","?","M","?","M","R","M","R","T","R","?","E","M","?","R","BOSS"],"build_version":"2019-01-23","purchased_purges":0,"victory":true,"max_hp_per_floor":[80,80,80,80,80,80,80,80,80,80,80,80,80,80,80,80,80,80,80,80,80,80,80,80,94,94,94,95,96,97,102,102,103,103,104,104,105,106,107,107,108,108,108,108,108,109,110,110,110,111],"card_choices":[{"not_picked":["Backstab"],"picked":"Finesse","floor":1.0},{"not_picked":["Rip and Tear","Chaos"],"picked":"SKIP","floor":2.0},{"not_picked":["Clash"],"picked":"Cold Snap","floor":3.0},{"not_picked":["Reflex"],"picked":"Defragment","floor":5.0},{"not_picked":["Turbo"],"picked":"Flash of Steel","floor":7.0},{"not_picked":["Pommel Strike"],"picked":"Go for the Eyes","floor":10.0},{"not_picked":["Masterful Stab","Rebound"],"picked":"SKIP","floor":11.0},{"not_picked":["Outmaneuver"],"picked":"Flame Barrier","floor":12.0},{"not_picked":["Bloodletting"],"picked":"Uppercut","floor":13.0},{"not_picked":["Gash","Concentrate"],"picked":"SKIP","floor":14.0},{"not_picked":["Wraith Form v2"],"picked":"Envenom","floor":16.0},{"not_picked":["Quick Slash"],"picked":"Body Slam","floor":18.0},{"not_picked":["Reinforced Body","Thunderclap"],"picked":"SKIP","floor":22.0},{"not_picked":["Stack"],"picked":"Glacier","floor":23.0},{"not_picked":["PanicButton"],"picked":"Impervious","floor":25.0},{"not_picked":["Perfected Strike"],"picked":"Panacea","floor":28.0},{"not_picked":["Feel No Pain"],"picked":"Deflect","floor":29.0},{"not_picked":["Sever Soul+1"],"picked":"Dodge and Roll","floor":30.0},{"not_picked":["Tools of the Trade"],"picked":"Grand Finale","floor":33},{"not_picked":["Steam Power+1","Heavy Blade"],"picked":"SKIP","floor":35},{"not_picked":["Backflip"],"picked":"Outmaneuver+1","floor":37},{"not_picked":["Bouncing Flask+1"],"picked":"Hologram+1","floor":38},{"not_picked":["Slice","Rebound"],"picked":"SKIP","floor":39},{"not_picked":["Perfected Strike","Bane+1"],"picked":"SKIP","floor":41},{"not_picked":["Cold Snap"],"picked":"Expertise+1","floor":46},{"not_picked":["Searing Blow+1","Gash+1"],"picked":"SKIP","floor":47}],"player_experience":758532,"relics_obtained":[{"floor":7.0,"key":"Boot"},{"floor":9.0,"key":"Blood Vial"},{"floor":11.0,"key":"Bag of Preparation"},{"floor":13.0,"key":"Pantograph"},{"floor":23.0,"key":"Gremlin Horn"},{"floor":25.0,"key":"Mango"},{"floor":26.0,"key":"Whetstone"},{"floor":43,"key":"The Courier"},{"floor":46,"key":"Self Forming Clay"}],"event_choices":[{"damage_healed":0.0,"max_hp_gain":0.0,"max_hp_loss":0.0,"gold_gain":0.0,"event_name":"The Library","player_choice":"Read","floor":20.0,"gold_loss":0.0,"damage_taken":0.0,"cards_obtained":["Spot Weakness"]},{"damage_healed":0.0,"max_hp_gain":0.0,"max_hp_loss":0.0,"gold_gain":0.0,"event_name":"FaceTrader","player_choice":"Trade","floor":27.0,"gold_loss":0.0,"damage_taken":0.0,"relics_obtained":["FaceOfCleric"]},{"damage_healed":0.0,"max_hp_gain":5.0,"max_hp_loss":0.0,"gold_gain":0.0,"event_name":"Forgotten Altar","player_choice":"Shed Blood","floor":31.0,"gold_loss":0.0,"damage_taken":24.0},{"cards_removed":["Defragment"],"damage_healed":0,"gold_gain":0,"player_choice":"Card Removal","damage_taken":0,"max_hp_gain":0,"max_hp_loss":0,"event_name":"Wheel of Change","floor":36,"gold_loss":0},{"damage_healed":0,"gold_gain":0,"player_choice":"Paid","damage_taken":0,"relics_obtained":["Red Mask"],"max_hp_gain":0,"max_hp_loss":0,"event_name":"Tomb of Lord Red Mask","floor":45,"gold_loss":31},{"cards_removed":["Ball Lightning"],"damage_healed":0,"gold_gain":0,"player_choice":"Gave Card","damage_taken":0,"relics_obtained":["Meat on the Bone"],"max_hp_gain":0,"max_hp_loss":0,"event_name":"WeMeetAgain","floor":48,"gold_loss":0}],"is_beta":false,"boss_relics":[{"not_picked":["Fusion Hammer","Orrery"],"picked":"Ectoplasm"},{"not_picked":["White Beast Statue","Eternal Feather"],"picked":"Lizard Tail"}],"items_purged_floors":[],"is_endless":false,"potions_floor_spawned":[2,3,5,12,13,18,22,29,30,33,35,39,41,47],"ascension_level":3}