{"gold_per_floor":[119,129,146,73,73,73,23,23,73,83,97,47,47,7,7,104,104,122,122,122,138,138,138,173,173,197,272,272,282,297,313,313,412,412,427,440,25,42,52,52,52,66,89,89,89,99,99,110,110,110],"floor_reached":51,"playtime":3633,"items_purged":["Strike_B"],"score":847,"play_id":"4f5f7217-30f4-4759-a2d4-ccc6151289ce","local_time":"20190228222116","is_ascension_mode":true,"campfire_choices":[{"data":"Defragment","floor":6,"key":"SMITH"},{"data":"Zap","floor":13,"key":"SMITH"},{"data":"Glacier","floor":15,"key":"SMITH"},{"data":"Go for the Eyes","floor":23,"key":"SMITH"},{"data":"Conserve Battery","floor":25,"key":"SMITH"},{"data":"Dualcast","floor":28,"key":"SMITH"},{"data":"Ball Lightning","floor":32,"key":"SMITH"},{"data":"Defragment","floor":40,"key":"SMITH"},{"data":"Madness","floor":45,"key":"SMITH"},{"data":"Seek","floor":47,"key":"SMITH"},{"data":"BootSequence","floor":49,"key":"SMITH"}],"neow_cost":"NONE","seed_source_timestamp":22471667124535308,"circlet_count":0,"master_deck":["Defend_B+1","Defend_B+1","Defend_B+1","Defend_B+1","Zap+1","Dualcast+1","BootSequence+1","Genetic Algorithm","Defragment+1","Ball Lightning+1","Glacier+1","Machine Learning","Go for the Eyes+1","Self Repair","Conserve Battery+1","Chill+1","Seek+1","Defragment+1","Madness","Madness+1","White Noise+1"],"relics":["Cracked Core","Bag of Marbles","Smiling Mask","Busted Crown","Singing Bowl","Regal Pillow","Lizard Tail","Bronze Scales","TheAbacus","Blood Vial"],"potions_floor_usage":[24,50,50,50],"damage_taken":[{"damage":0,"enemies":"Small Slimes","floor":1,"turns":4},{"damage":0,"enemies":"2 Louse","floor":2,"turns":2},{"damage":2,"enemies":"Jaw Worm","floor":3,"turns":4},{"damage":3,"enemies":"Blue Slaver","floor":10,"turns":6},{"damage":0,"enemies":"Looter","floor":11,"turns":2},{"damage":13,"enemies":"Slime Boss","floor":16,"turns":9},{"damage":0,"enemies":"Chosen","floor":18,"turns":5},{"damage":15,"enemies":"Colosseum Slavers","floor":20,"turns":3},{"damage":0,"enemies":"Shell Parasite","floor":21,"turns":6},{"damage":1,"enemies":"Gremlin Leader","floor":24,"turns":6},{"damage":5,"enemies":"Shelled Parasite and Fungi","floor":29,"turns":7},{"damage":0,"enemies":"Centurion and Healer","floor":30,"turns":5},{"damage":6,"enemies":"Snake Plant","floor":31,"turns":5},{"damage":28,"enemies":"Champ","floor":33,"turns":22},{"damage":0,"enemies":"3 Darklings","floor":35,"turns":4},{"damage":0,"enemies":"3 Shapes","floor":36,"turns":4},{"damage":11,"enemies":"Sphere and 2 Shapes","floor":38,"turns":5},{"damage":4,"enemies":"Writhing Mass","floor":39,"turns":9},{"damage":0,"enemies":"Jaw Worm Horde","floor":42,"turns":6},{"damage":0,"enemies":"Maw","floor":46,"turns":10},{"damage":6,"enemies":"3 Darklings","floor":48,"turns":8},{"damage":8,"enemies":"Time Eater","floor":50,"turns":14}],"seed_played":"-5337933977348455904","potions_obtained":[{"floor":1,"key":"Dexterity Potion"},{"floor":3,"key":"SteroidPotion"},{"floor":21,"key":"Regen Potion"},{"floor":24,"key":"LiquidBronze"},{"floor":30,"key":"Regen Potion"},{"floor":38,"key":"FocusPotion"}],"is_trial":false,"path_per_floor":["M","M","M","$","?","R","?","?","T","M","M","$","R","$","R","B",null,"M","?","?","M","?","R","E","R","T","?","R","M","M","M","R","B",null,"M","M","$","M","M","R","?","M","T","?","R","M","R","M","R","B",null],"character_chosen":"DEFECT","items_purchased":["Defragment","Glacier","Defragment","Bronze Scales","TheAbacus"],"campfire_rested":0,"item_purchase_floors":[4,14,37,37,37],"current_hp_per_floor":[68,68,66,66,59,59,59,41,41,38,38,38,38,38,38,25,63,63,63,48,48,48,48,69,69,69,62,62,64,73,76,76,55,73,81,83,83,81,86,86,86,89,89,78,78,87,87,91,91,90],"gold":110,"neow_bonus":"REMOVE_CARD","is_prod":false,"is_daily":false,"chose_seed":false,"campfire_upgraded":11,"win_rate":0,"timestamp":1551388876,"path_taken":["M","M","M","$","?","R","?","?","T","M","M","$","R","?","R","BOSS","M","?","?","M","?","R","E","R","T","?","R","M","M","M","R","BOSS","M","M","$","?","M","R","?","M","T","?","R","M","R","M","R","BOSS"],"build_version":"2019-01-23","purchased_purges":1,"victory":true,"max_hp_per_floor":[75,75,75,75,75,75,75,75,75,75,75,75,75,75,75,75,75,75,75,75,75,75,75,75,75,75,75,75,75,77,79,79,79,79,81,83,83,85,87,87,87,89,89,89,89,89,89,91,91,91],"card_choices":[{"not_picked":["Steam","Rip and Tear"],"picked":"BootSequence","floor":1},{"not_picked":["Stack","Scrape","Hologram"],"picked":"SKIP","floor":2},{"not_picked":["Aggregate","Storm"],"picked":"Genetic Algorithm","floor":3},{"not_picked":["Conserve Battery","Leap"],"picked":"Ball Lightning","floor":10},{"not_picked":["Redo","Undo"],"picked":"Electrodynamics","floor":11},{"not_picked":["Creative AI","Seek"],"picked":"Machine Learning","floor":16},{"not_picked":[],"picked":"Go for the Eyes","floor":18},{"not_picked":["Hologram"],"picked":"SKIP","floor":21},{"not_picked":[],"picked":"Conserve Battery","floor":24},{"not_picked":[],"picked":"Chill+1","floor":29},{"not_picked":["Darkness"],"picked":"Singing Bowl","floor":30},{"not_picked":["Redo+1"],"picked":"Singing Bowl","floor":31},{"not_picked":[],"picked":"Seek","floor":33},{"not_picked":["Aggregate+1"],"picked":"Singing Bowl","floor":35},{"not_picked":["Turbo"],"picked":"Singing Bowl","floor":36},{"not_picked":["Rebound+1"],"picked":"Singing Bowl","floor":38},{"not_picked":["Skim+1"],"picked":"Singing Bowl","floor":39},{"not_picked":["Reinforced Body"],"picked":"Singing Bowl","floor":42},{"not_picked":[],"picked":"White Noise+1","floor":46},{"not_picked":["Turbo+1"],"picked":"Singing Bowl","floor":48}],"player_experience":360785,"relics_obtained":[{"floor":9,"key":"Smiling Mask"},{"floor":24,"key":"Singing Bowl"},{"floor":26,"key":"Regal Pillow"},{"floor":43,"key":"Blood Vial"}],"event_choices":[{"cards_removed":["Strike_B"],"damage_healed":0,"gold_gain":0,"player_choice":"Card Removal","damage_taken":7,"max_hp_gain":0,"max_hp_loss":0,"event_name":"Golden Wing","floor":5,"gold_loss":0},{"cards_removed":["Strike_B"],"damage_healed":0,"gold_gain":0,"player_choice":"Card Removal","damage_taken":0,"max_hp_gain":0,"max_hp_loss":0,"event_name":"The Cleric","floor":7,"gold_loss":50},{"damage_healed":0,"gold_gain":0,"player_choice":"Success","damage_taken":18,"relics_obtained":["Bag of Marbles"],"max_hp_gain":0,"max_hp_loss":0,"event_name":"Scrap Ooze","floor":8,"gold_loss":0},{"damage_healed":0,"gold_gain":0,"player_choice":"Simplicity","damage_taken":0,"max_hp_gain":0,"max_hp_loss":0,"event_name":"Back to Basics","floor":19,"gold_loss":0,"cards_upgraded":["Defend_B","Defend_B","Defend_B","Defend_B"]},{"damage_healed":0,"gold_gain":0,"player_choice":"Fight","damage_taken":0,"max_hp_gain":0,"max_hp_loss":0,"event_name":"Colosseum","floor":20,"gold_loss":0},{"damage_healed":0,"gold_gain":0,"player_choice":"Fled From Nobs","damage_taken":0,"max_hp_gain":0,"max_hp_loss":0,"event_name":"Colosseum","floor":20,"gold_loss":0},{"damage_healed":0,"gold_gain":0,"player_choice":"Read","damage_taken":0,"max_hp_gain":0,"max_hp_loss":0,"event_name":"The Library","floor":22,"gold_loss":0,"cards_obtained":["Self Repair"]},{"damage_healed":0,"gold_gain":75,"player_choice":"Touch","damage_taken":7,"max_hp_gain":0,"max_hp_loss":0,"event_name":"FaceTrader","floor":27,"gold_loss":0},{"cards_removed":["Electrodynamics"],"damage_healed":0,"gold_gain":0,"player_choice":"Removed Power","damage_taken":0,"max_hp_gain":0,"max_hp_loss":0,"event_name":"Falling","floor":41,"gold_loss":0},{"damage_healed":0,"gold_gain":0,"player_choice":"Embrace Madness","damage_taken":11,"max_hp_gain":0,"max_hp_loss":0,"event_name":"Winding Halls","floor":44,"gold_loss":0,"cards_obtained":["Madness","Madness"]}],"is_beta":false,"boss_relics":[{"not_picked":["Runic Dome","Orrery"],"picked":"Busted Crown"},{"not_picked":["Astrolabe","Calling Bell"],"picked":"Lizard Tail"}],"items_purged_floors":[12],"is_endless":false,"potions_floor_spawned":[1,3,21,24,30,33,36,38,42],"ascension_level":7}