{"path_per_floor":["M","?","M","M","?","R","M","M","T","?","M","$","M","M","R","B",null,"M","$","M","?","$","R","M","M","T","?","?","M","R","M","R"],"character_chosen":"THE_SILENT","items_purchased":["Backflip","Infinite Blades","Backflip","Infinite Blades","Blade Dance"],"gold_per_floor":[142,142,161,174,174,174,186,201,283,283,299,99,110,121,121,216,216,235,46,63,63,29,29,40,53,53,53,53,66,66,86,86],"floor_reached":33,"campfire_rested":3,"playtime":3213,"current_hp_per_floor":[68,68,62,60,60,60,60,54,54,39,34,34,32,32,32,19,61,60,60,33,33,33,55,55,55,55,41,41,5,29,9,33],"items_purged":["Strike_G","Defend_G"],"gold":86,"score":354,"play_id":"33a72513-cc93-441f-834e-4327b84f07c1","is_prod":false,"is_daily":false,"is_ascension_mode":true,"campfire_upgraded":2,"path_taken":["M","?","M","M","?","R","M","M","T","?","M","$","?","M","R","BOSS","M","$","M","?","?","R","M","?","T","?","?","M","R","M","R","BOSS"],"build_version":"2018-02-22-PROD2","purchased_purges":2,"victory":false,"master_deck":["Defend_G","Defend_G","Defend_G","Strike_G+1","Survivor+1","Neutralize+1","Infinite Blades","Accuracy+1","PiercingWail","Infinite Blades","Backflip+1","Infinite Blades","Cloak And Dagger+1","Burst+1","Die Die Die","Cloak And Dagger+1","Catalyst+1","Leg Sweep+1","Terror+1","Backflip+1","Infinite Blades","Blade Dance+1","Sucker Punch+1","Quick Slash+1"],"max_hp_per_floor":[75,75,75,75,75,75,75,75,75,75,75,75,75,75,75,75,75,75,75,75,75,75,75,75,75,75,80,80,80,80,80,80],"relics":["Tiny House","Toxic Egg 2","Astrolabe","Torii"],"card_choices":[{"not_picked":["Prepared","Deflect"],"picked":"Infinite Blades"},{"not_picked":["Underhanded Strike","Concentrate"],"picked":"Accuracy"},{"not_picked":["All Out Attack","Well Laid Plans"],"picked":"Infinite Blades"},{"not_picked":["All Out Attack","Prepared"],"picked":"Cloak And Dagger"},{"not_picked":["Deflect","Heel Hook"],"picked":"Burst"},{"not_picked":["A Thousand Cuts","Night Terror"],"picked":"Die Die Die"},{"not_picked":["Deflect","Calculated Gamble"],"picked":"Terror"},{"not_picked":["Dagger Spray","Backflip"],"picked":"Sucker Punch"},{"not_picked":["Sucker Punch","Prepared"],"picked":"Quick Slash"}],"player_experience":167430,"potions_floor_usage":[3,14,25,29,31],"damage_taken":[{"damage":0,"enemies":"Small Slimes","floor":1,"turns":5},{"damage":6,"enemies":"Cultist","floor":3,"turns":5},{"damage":2,"enemies":"2 Louse","floor":4,"turns":3},{"damage":0,"enemies":"Blue Slaver","floor":7,"turns":4},{"damage":6,"enemies":"Looter","floor":8,"turns":4},{"damage":5,"enemies":"2 Fungi Beasts","floor":11,"turns":4},{"damage":2,"enemies":"3 Louse","floor":13,"turns":5},{"damage":0,"enemies":"Gremlin Gang","floor":14,"turns":5},{"damage":13,"enemies":"Hexaghost","floor":16,"turns":8},{"damage":1,"enemies":"3 Byrds","floor":18,"turns":6},{"damage":27,"enemies":"2 Thieves","floor":20,"turns":5},{"damage":0,"enemies":"Centurion and Healer","floor":24,"turns":5},{"damage":0,"enemies":"3 Cultists","floor":25,"turns":5},{"damage":36,"enemies":"Cultist and Chosen","floor":29,"turns":8},{"damage":20,"enemies":"Chosen and Byrds","floor":31,"turns":5},{"damage":47,"enemies":"Collector","floor":33,"turns":5}],"event_choices":[{"event_name":"Transmorgrifier","player_choice":"Transform","floor":2,"damage_taken":0},{"event_name":"Liars Game","player_choice":"disagreed","floor":5,"damage_taken":0},{"event_name":"Shining Light","player_choice":"Entered Light","floor":10,"damage_taken":0},{"event_name":"Addict","player_choice":"Ignored","floor":21,"damage_taken":0},{"event_name":"Forgotten Altar","player_choice":"Shed Blood","floor":27,"damage_taken":0},{"event_name":"Vampires","player_choice":"Ignored","floor":28,"damage_taken":0}],"boss_relics":[{"not_picked":["Calling Bell","Black Star"],"picked":"Astrolabe"}],"potions_floor_spawned":[3,13,14,16,20,24,29],"seed_played":"-6136427850252742074","killed_by":"Collector","ascension_level":7,"is_trial":false}