{"gold_per_floor":[110,35,35,35,35,70,70,12,39,54,71,71,13,38,38,38],"floor_reached":16,"playtime":340,"items_purged":["Strike_B"],"score":255,"play_id":"25808682-dc37-4cc5-89e2-16993edc22e3","local_time":"20190511225118","is_ascension_mode":true,"campfire_choices":[{"data":"Zap","floor":7,"key":"SMITH"},{"data":"Sweeping Beam","floor":12,"key":"SMITH"},{"data":"Loop","floor":15,"key":"SMITH"}],"neow_cost":"NONE","seed_source_timestamp":2598425137940720,"circlet_count":0,"master_deck":["AscendersBane","Strike_B","Strike_B","Defend_B","Defend_B","Defend_B","Defend_B","Zap+1","Dualcast","Sweeping Beam+1","Coolheaded","Cold Snap","Conserve Battery","Conserve Battery","Ball Lightning","Loop+1"],"relics":["Cracked Core","NeowsBlessing","Letter Opener","Dream Catcher","Meat on the Bone"],"potions_floor_usage":[],"damage_taken":[{"damage":0,"enemies":"2 Louse","floor":1,"turns":1},{"damage":0,"enemies":"3 Sentries","floor":6,"turns":1},{"damage":0,"enemies":"Small Slimes","floor":10,"turns":1},{"damage":3,"enemies":"Jaw Worm","floor":11,"turns":4},{"damage":25,"enemies":"Lagavulin","floor":14,"turns":6},{"damage":36,"enemies":"Hexaghost","floor":16,"turns":9}],"seed_played":"-50566210404585749","potions_obtained":[{"floor":1,"key":"GamblersBrew"},{"floor":11,"key":"SmokeBomb"}],"is_trial":false,"path_per_floor":["M","$","?","?","?","E","R","$","T","M","M","R","$","E","R","B"],"character_chosen":"DEFECT","items_purchased":["Cold Snap","Ball Lightning"],"campfire_rested":0,"item_purchase_floors":[8,13],"current_hp_per_floor":[64,64,64,64,64,64,64,64,64,64,61,61,61,36,36,0],"gold":38,"neow_bonus":"THREE_ENEMY_KILL","is_prod":false,"is_daily":false,"chose_seed":false,"campfire_upgraded":3,"win_rate":0,"timestamp":1557607878,"path_taken":["M","$","?","?","?","E","R","?","T","M","M","R","$","E","R","BOSS"],"build_version":"2019-01-23","purchased_purges":1,"victory":false,"max_hp_per_floor":[71,71,71,71,71,71,71,71,71,71,71,71,71,71,71,71],"card_choices":[{"not_picked":["Loop","Reinforced Body"],"picked":"Sweeping Beam","floor":1},{"not_picked":["Rip and Tear","Seek"],"picked":"Coolheaded","floor":6},{"not_picked":["Auto Shields","Leap"],"picked":"Conserve Battery","floor":10},{"not_picked":["Coolheaded","Darkness"],"picked":"Conserve Battery","floor":11},{"not_picked":["Amplify","Steam"],"picked":"Loop","floor":14}],"player_experience":562976,"relics_obtained":[{"floor":6,"key":"Letter Opener"},{"floor":9,"key":"Dream Catcher"},{"floor":14,"key":"Meat on the Bone"}],"event_choices":[{"damage_healed":0,"gold_gain":0,"player_choice":"Ignored","damage_taken":0,"max_hp_gain":0,"max_hp_loss":0,"event_name":"Liars Game","floor":3,"gold_loss":0},{"cards_removed":["Strike_B"],"damage_healed":0,"gold_gain":0,"player_choice":"Forget","damage_taken":0,"max_hp_gain":0,"max_hp_loss":0,"event_name":"Living Wall","floor":4,"gold_loss":0},{"damage_healed":0,"gold_gain":0,"player_choice":"Leave","damage_taken":0,"max_hp_gain":0,"max_hp_loss":0,"event_name":"The Cleric","floor":5,"gold_loss":0}],"is_beta":false,"boss_relics":[],"items_purged_floors":[2],"is_endless":false,"potions_floor_spawned":[1,11],"killed_by":"Hexaghost","ascension_level":19}