{"gold_per_floor":[111,123,123,143,143,172,172,234,234,250,8,23,23,23,23,128,128,144,144,163,78,92,92,108,108,160,170,170,170],"floor_reached":29,"playtime":3071,"items_purged":[],"score":275,"play_id":"1ac3bb1e-24b0-40d1-8bf1-dbe024ab0ae9","local_time":"20190612001224","is_ascension_mode":false,"campfire_choices":[{"floor":13,"key":"REST"},{"data":"Buffer","floor":15,"key":"SMITH"},{"floor":23,"key":"REST"},{"data":"Tempest","floor":28,"key":"SMITH"}],"neow_cost":"NONE","seed_source_timestamp":7072086607400,"circlet_count":0,"master_deck":["Strike_B","Strike_B","Strike_B","Defend_B","Defend_B","Defend_B","Defend_B","Zap","Dualcast","Conserve Battery","Capacitor","Echo Form","Sweeping Beam","Gash","Parasite","Buffer+1","Beam Cell","Defragment","Zap","Tempest+1","Electrodynamics","Go for the Eyes","Writhe","Defragment","Leap","Reinforced Body","Genetic Algorithm"],"relics":["Cracked Core","PreservedInsect","Bird Faced Urn","Strawberry","Meat on the Bone","DollysMirror","Nuclear Battery","Vajra","Regal Pillow","Boot"],"potions_floor_usage":[],"damage_taken":[{"damage":0,"enemies":"Cultist","floor":1,"turns":3},{"damage":0,"enemies":"Small Slimes","floor":2,"turns":3},{"damage":0,"enemies":"2 Louse","floor":4,"turns":2},{"damage":34,"enemies":"Gremlin Nob","floor":6,"turns":5},{"damage":24,"enemies":"3 Sentries","floor":8,"turns":5},{"damage":0,"enemies":"Large Slime","floor":10,"turns":5},{"damage":0,"enemies":"2 Fungi Beasts","floor":12,"turns":3},{"damage":0,"enemies":"Slime Boss","floor":16,"turns":7},{"damage":20,"enemies":"Chosen","floor":18,"turns":6},{"damage":18,"enemies":"3 Byrds","floor":20,"turns":4},{"damage":49,"enemies":"3 Cultists","floor":22,"turns":5},{"damage":25,"enemies":"Sentry and Sphere","floor":24,"turns":5},{"damage":7,"enemies":"Chosen and Byrds","floor":27,"turns":5},{"damage":41,"enemies":"Colosseum Slavers","floor":29,"turns":5},{"damage":50,"enemies":"Colosseum Nobs","floor":29,"turns":4}],"seed_played":"-6753302097849832085","potions_obtained":[{"floor":2,"key":"SneckoOil"},{"floor":4,"key":"SpeedPotion"},{"floor":8,"key":"Poison Potion"},{"floor":20,"key":"AttackPotion"},{"floor":27,"key":"PowerPotion"}],"is_trial":false,"path_per_floor":["M","M","?","M","?","E","?","?","T","M","$","M","R","$","R","B",null,"M","?","M","?","M","R","M","?","T","M","R","?"],"character_chosen":"DEFECT","items_purchased":["Defragment","DollysMirror"],"campfire_rested":2,"item_purchase_floors":[11,11],"current_hp_per_floor":[75,75,75,75,75,41,59,44,44,52,52,54,78,78,78,82,82,67,67,57,57,38,77,60,82,82,75,75,0],"gold":170,"neow_bonus":"RANDOM_COMMON_RELIC","is_prod":false,"is_daily":false,"chose_seed":false,"campfire_upgraded":2,"win_rate":0.0,"timestamp":1560323544,"path_taken":["M","M","?","M","?","E","?","?","T","M","?","M","R","$","R","BOSS","M","?","M","?","M","R","M","?","T","M","R","?"],"build_version":"2019-01-23","purchased_purges":0,"victory":false,"max_hp_per_floor":[75,75,75,75,75,75,75,82,82,82,82,82,82,82,82,82,82,82,82,82,82,82,82,82,82,82,82,82,82],"card_choices":[{"not_picked":["Steam","Cold Snap"],"picked":"Conserve Battery","floor":1},{"not_picked":["Go for the Eyes","Creative AI"],"picked":"Capacitor","floor":2},{"not_picked":["Glacier","Rebound"],"picked":"Sweeping Beam","floor":4},{"not_picked":["Steam","Storm"],"picked":"Gash","floor":6},{"not_picked":["Darkness","Compile Driver"],"picked":"Buffer","floor":8},{"not_picked":["Double Energy","Rebound"],"picked":"Beam Cell","floor":10},{"not_picked":["Redo","Consume"],"picked":"Tempest","floor":12},{"not_picked":["Seek","Rainbow"],"picked":"Electrodynamics","floor":16},{"not_picked":["Loop+1","Coolheaded"],"picked":"Go for the Eyes","floor":18},{"not_picked":["Leap","Self Repair"],"picked":"Defragment","floor":20},{"not_picked":["Conserve Battery","Gash"],"picked":"Leap","floor":22},{"not_picked":["Cold Snap","Hello World"],"picked":"Reinforced Body","floor":24},{"not_picked":["Fusion+1","Coolheaded"],"picked":"Genetic Algorithm","floor":27}],"player_experience":8218,"relics_obtained":[{"floor":6,"key":"Bird Faced Urn"},{"floor":8,"key":"Strawberry"},{"floor":9,"key":"Meat on the Bone"},{"floor":26,"key":"Boot"}],"event_choices":[{"damage_healed":0,"gold_gain":0,"cards_transformed":["Strike_B"],"player_choice":"Change","damage_taken":0,"max_hp_gain":0,"max_hp_loss":0,"event_name":"Living Wall","floor":3,"gold_loss":0,"cards_obtained":["Echo Form"]},{"damage_healed":0,"gold_gain":0,"player_choice":"Ignored","damage_taken":0,"max_hp_gain":0,"max_hp_loss":0,"event_name":"Liars Game","floor":5,"gold_loss":0},{"damage_healed":18,"gold_gain":0,"player_choice":"Healed and dodged fight","damage_taken":0,"max_hp_gain":0,"max_hp_loss":0,"event_name":"Mushrooms","floor":7,"gold_loss":0,"cards_obtained":["Parasite"]},{"damage_healed":0,"gold_gain":0,"player_choice":"Searched \u00271\u0027 times","damage_taken":0,"max_hp_gain":0,"max_hp_loss":0,"event_name":"Dead Adventurer","floor":8,"gold_loss":0},{"damage_healed":0,"gold_gain":0,"player_choice":"Opened","damage_taken":0,"relics_obtained":["Vajra"],"max_hp_gain":0,"max_hp_loss":0,"event_name":"The Mausoleum","floor":19,"gold_loss":0,"cards_obtained":["Writhe"]},{"damage_healed":0,"gold_gain":0,"player_choice":"Obtained Relic","damage_taken":0,"relics_obtained":["Regal Pillow"],"max_hp_gain":0,"max_hp_loss":0,"event_name":"Addict","floor":21,"gold_loss":85},{"damage_healed":27,"gold_gain":0,"player_choice":"Heal","damage_taken":0,"max_hp_gain":0,"max_hp_loss":0,"event_name":"The Library","floor":25,"gold_loss":0},{"damage_healed":0,"gold_gain":0,"player_choice":"Fight","damage_taken":0,"max_hp_gain":0,"max_hp_loss":0,"event_name":"Colosseum","floor":29,"gold_loss":0},{"damage_healed":0,"gold_gain":0,"player_choice":"Fought Nobs","damage_taken":0,"max_hp_gain":0,"max_hp_loss":0,"event_name":"Colosseum","floor":29,"gold_loss":0}],"is_beta":false,"boss_relics":[{"not_picked":["Astrolabe","Runic Dome"],"picked":"Nuclear Battery"}],"items_purged_floors":[],"is_endless":false,"potions_floor_spawned":[2,4,8,12,20,27,29],"killed_by":"Colosseum Nobs","ascension_level":0}