{"gold_per_floor":[367,377,26,38,51,79,79,92,117,117,133,144,171,186,186,261,261,275,275,287,11,21,34,34,61,61,61,81,6,6,6,6,83,83,103,116,116,116,132,132,149,149],"floor_reached":42,"playtime":1617,"items_purged":["Strike_R","Strike_R"],"score":895,"play_id":"3a50c170-4008-4edd-b15c-a0c15e8c2172","local_time":"20190511232605","is_ascension_mode":true,"campfire_choices":[{"data":"Ghostly Armor","floor":7,"key":"SMITH"},{"data":"Bash","floor":10,"key":"SMITH"},{"data":"Spot Weakness","floor":15,"key":"SMITH"},{"floor":24,"key":"REST"},{"data":"Limit Break","floor":30,"key":"SMITH"},{"floor":32,"key":"REST"},{"floor":40,"key":"REST"}],"neow_cost":"PERCENT_DAMAGE","seed_source_timestamp":2599234088503564,"circlet_count":0,"master_deck":["AscendersBane","Strike_R","Strike_R+1","Defend_R","Defend_R","Defend_R","Defend_R","Bash+1","Headbutt+1","Whirlwind+1","Ghostly Armor+1","Spot Weakness+1","Heavy Blade+1","Battle Trance","Feel No Pain+1","Limit Break+1","Heavy Blade+1","Sever Soul+1","Corruption+1","Ghostly Armor","Reaper+1","Feel No Pain+1"],"relics":["Burning Blood","Molten Egg 2","Matryoshka","Frozen Egg 2","Pen Nib","Whetstone","Mark of Pain","Anchor","Red Skull","Pantograph","Busted Crown"],"potions_floor_usage":[5,13,13,28,33,33,39,41],"damage_taken":[{"damage":7,"enemies":"Cultist","floor":1,"turns":4},{"damage":11,"enemies":"Small Slimes","floor":2,"turns":4},{"damage":0,"enemies":"2 Louse","floor":4,"turns":3},{"damage":2,"enemies":"2 Fungi Beasts","floor":5,"turns":3},{"damage":15,"enemies":"3 Sentries","floor":6,"turns":3},{"damage":3,"enemies":"Blue Slaver","floor":8,"turns":3},{"damage":6,"enemies":"Looter","floor":11,"turns":2},{"damage":11,"enemies":"2 Fungi Beasts","floor":12,"turns":3},{"damage":8,"enemies":"Lagavulin","floor":13,"turns":3},{"damage":0,"enemies":"Blue Slaver","floor":14,"turns":4},{"damage":34,"enemies":"Hexaghost","floor":16,"turns":8},{"damage":10,"enemies":"Shell Parasite","floor":18,"turns":3},{"damage":26,"enemies":"Colosseum Slavers","floor":19,"turns":3},{"damage":16,"enemies":"3 Byrds","floor":20,"turns":4},{"damage":10,"enemies":"Snecko","floor":22,"turns":4},{"damage":18,"enemies":"Sentry and Sphere","floor":23,"turns":6},{"damage":14,"enemies":"Book of Stabbing","floor":25,"turns":4},{"damage":0,"enemies":"Snake Plant","floor":28,"turns":2},{"damage":46,"enemies":"Automaton","floor":33,"turns":8},{"damage":0,"enemies":"3 Shapes","floor":35,"turns":2},{"damage":23,"enemies":"3 Darklings","floor":36,"turns":7},{"damage":51,"enemies":"Spire Growth","floor":39,"turns":5},{"damage":70,"enemies":"Transient","floor":41,"turns":6},{"damage":18,"enemies":"Sphere and 2 Shapes","floor":42,"turns":4}],"seed_played":"656659641835142864","potions_obtained":[{"floor":1,"key":"Ancient Potion"},{"floor":4,"key":"BloodPotion"},{"floor":8,"key":"Block Potion"},{"floor":11,"key":"Energy Potion"},{"floor":20,"key":"Fire Potion"},{"floor":23,"key":"GamblersBrew"},{"floor":25,"key":"Regen Potion"},{"floor":28,"key":"SteroidPotion"},{"floor":31,"key":"Dexterity Potion"},{"floor":33,"key":"Explosive Potion"},{"floor":35,"key":"AttackPotion"},{"floor":39,"key":"Energy Potion"}],"is_trial":false,"path_per_floor":["M","M","$","M","M","E","R","M","T","R","M","M","E","M","R","B",null,"M","?","M","$","M","M","R","E","T","$","M","?","R","?","R","B",null,"M","M","?","?","M","R","M","M"],"character_chosen":"IRONCLAD","items_purchased":["Molten Egg 2","Corruption+1","Ghostly Armor"],"campfire_rested":3,"item_purchase_floors":[3,21,21],"current_hp_per_floor":[49,44,44,50,61,52,52,55,55,55,55,50,48,54,54,26,63,59,39,29,29,25,13,35,27,27,27,38,38,38,38,60,35,65,71,75,75,75,37,59,11,0],"gold":149,"neow_bonus":"TWO_FIFTY_GOLD","is_prod":false,"is_daily":false,"chose_seed":false,"campfire_upgraded":4,"win_rate":0,"timestamp":1557609965,"path_taken":["M","?","$","M","M","E","R","M","T","R","M","M","E","M","R","BOSS","M","?","M","$","M","M","R","E","T","$","M","?","R","?","R","BOSS","M","?","?","?","M","R","M","M"],"build_version":"2019-01-23","purchased_purges":2,"victory":false,"max_hp_per_floor":[75,75,75,75,75,75,75,75,75,75,75,75,75,75,75,75,75,75,75,75,75,75,75,75,75,75,75,75,75,75,75,75,75,75,75,75,75,75,75,75,75,75],"card_choices":[{"not_picked":["Anger","Reckless Charge","Corruption"],"picked":"SKIP","floor":1},{"not_picked":["Iron Wave","Sword Boomerang"],"picked":"Headbutt","floor":2},{"not_picked":["Entrench","Rupture"],"picked":"Whirlwind+1","floor":4},{"not_picked":["Iron Wave+1","Combust"],"picked":"Ghostly Armor","floor":5},{"not_picked":["Iron Wave+1","Havoc"],"picked":"Spot Weakness","floor":6},{"not_picked":["Iron Wave+1","Dual Wield"],"picked":"Heavy Blade+1","floor":8},{"not_picked":["Perfected Strike+1","Inflame+1","Entrench"],"picked":"SKIP","floor":11},{"not_picked":["Pommel Strike+1","Thunderclap+1"],"picked":"Battle Trance","floor":12},{"not_picked":["Iron Wave+1","Reckless Charge+1","Headbutt+1"],"picked":"SKIP","floor":13},{"not_picked":["Bludgeon+1","Clothesline+1"],"picked":"Feel No Pain+1","floor":14},{"not_picked":["Dark Embrace+1","Berserk+1"],"picked":"Limit Break","floor":16},{"not_picked":["Armaments","Ghostly Armor"],"picked":"Heavy Blade+1","floor":18},{"not_picked":["Rupture+1","Burning Pact"],"picked":"Sever Soul+1","floor":20},{"not_picked":["Body Slam+1","Armaments","Flex"],"picked":"SKIP","floor":22},{"not_picked":["Seeing Red","Feed+1","Iron Wave+1"],"picked":"SKIP","floor":23},{"not_picked":["Double Tap","Heavy Blade+1","Havoc"],"picked":"SKIP","floor":25},{"not_picked":["Searing Blow+1","Twin Strike+1"],"picked":"Shrug It Off","floor":28},{"not_picked":["Dark Embrace+1","Exhume"],"picked":"Reaper+1","floor":33},{"not_picked":["Infernal Blade+1"],"picked":"SKIP","floor":35},{"not_picked":["Blood for Blood+1"],"picked":"SKIP","floor":36},{"not_picked":["Clothesline+1"],"picked":"SKIP","floor":39},{"not_picked":[],"picked":"Feel No Pain+1","floor":41}],"player_experience":563677,"relics_obtained":[{"floor":6,"key":"Matryoshka"},{"floor":9,"key":"Frozen Egg 2"},{"floor":9,"key":"Pen Nib"},{"floor":13,"key":"Whetstone"},{"floor":25,"key":"Anchor"},{"floor":26,"key":"Red Skull"},{"floor":26,"key":"Pantograph"}],"event_choices":[{"damage_healed":0,"gold_gain":0,"player_choice":"Fight","damage_taken":0,"max_hp_gain":0,"max_hp_loss":0,"event_name":"Colosseum","floor":19,"gold_loss":0},{"damage_healed":0,"gold_gain":0,"player_choice":"Fled From Nobs","damage_taken":0,"max_hp_gain":0,"max_hp_loss":0,"event_name":"Colosseum","floor":19,"gold_loss":0},{"cards_removed":["Strike_R"],"damage_healed":0,"gold_gain":0,"player_choice":"Gave Gold","damage_taken":0,"max_hp_gain":0,"max_hp_loss":0,"event_name":"Beggar","floor":29,"gold_loss":75},{"damage_healed":0,"gold_gain":0,"player_choice":"Got Potions","damage_taken":0,"max_hp_gain":0,"max_hp_loss":0,"event_name":"Lab","floor":31,"gold_loss":0},{"damage_healed":0,"gold_gain":0,"player_choice":"Ignored","damage_taken":0,"max_hp_gain":0,"max_hp_loss":0,"event_name":"Mysterious Sphere","floor":37,"gold_loss":0},{"cards_removed":["Shrug It Off"],"damage_healed":0,"gold_gain":0,"player_choice":"Removed Skill","damage_taken":0,"max_hp_gain":0,"max_hp_loss":0,"event_name":"Falling","floor":38,"gold_loss":0}],"is_beta":false,"boss_relics":[{"not_picked":["Black Blood","Astrolabe"],"picked":"Mark of Pain"},{"not_picked":["Cursed Key","Empty Cage"],"picked":"Busted Crown"}],"items_purged_floors":[3,21],"is_endless":false,"potions_floor_spawned":[1,4,8,11,20,23,25,28,33,35,39],"killed_by":"Sphere and 2 Shapes","ascension_level":19}