{"gold_per_floor":[115,115,45,61,37,37,69,87,87,101,101,126,145,145,145,223,223,233,233,75,15,33,33,53,53,53,53,70,102,17,36,36,36],"floor_reached":33,"playtime":1368,"items_purged":["Strike_R"],"score":510,"play_id":"fbf894c8-f57c-44ea-9336-c2fc61d3fce3","local_time":"20190323200843","is_ascension_mode":true,"campfire_choices":[{"data":"Cleave","floor":6,"key":"SMITH"},{"data":"Bash","floor":11,"key":"SMITH"},{"data":"Berserk","floor":15,"key":"SMITH"},{"data":"Body Slam","floor":23,"key":"SMITH"},{"data":"Spot Weakness","floor":25,"key":"SMITH"},{"floor":27,"key":"REST"},{"floor":32,"key":"DIG"}],"neow_cost":"NONE","seed_source_timestamp":24453336181583012,"circlet_count":0,"master_deck":["AscendersBane","Strike_R","Defend_R","Defend_R","Defend_R","Defend_R","Bash+1","Cleave+1","Rampage","Shrug It Off","Shrug It Off","Twin Strike","Shrug It Off","Berserk+1","Battle Trance","Reaper","Body Slam+1","RitualDagger","Finesse","Fire Breathing","Spot Weakness+1","Feel No Pain"],"relics":["Burning Blood","NeowsBlessing","Bottled Lightning","Centennial Puzzle","Ginger","Cursed Key","Oddly Smooth Stone","Shovel","Dream Catcher"],"potions_floor_usage":[33],"damage_taken":[{"damage":0,"enemies":"Small Slimes","floor":1,"turns":1},{"damage":0,"enemies":"Cultist","floor":4,"turns":1},{"damage":0,"enemies":"Lagavulin","floor":7,"turns":1},{"damage":5,"enemies":"2 Louse","floor":8,"turns":2},{"damage":29,"enemies":"Large Slime","floor":10,"turns":6},{"damage":14,"enemies":"3 Sentries","floor":12,"turns":8},{"damage":6,"enemies":"Exordium Thugs","floor":13,"turns":4},{"damage":12,"enemies":"The Guardian","floor":16,"turns":12},{"damage":10,"enemies":"Shell Parasite","floor":18,"turns":7},{"damage":3,"enemies":"Spheric Guardian","floor":22,"turns":5},{"damage":37,"enemies":"Snake Plant","floor":24,"turns":6},{"damage":22,"enemies":"Shelled Parasite and Fungi","floor":28,"turns":5},{"damage":22,"enemies":"Gremlin Leader","floor":29,"turns":6},{"damage":8,"enemies":"Centurion and Healer","floor":31,"turns":5},{"damage":65,"enemies":"Automaton","floor":33,"turns":6}],"seed_played":"682807548839135093","potions_obtained":[{"floor":4,"key":"SteroidPotion"},{"floor":7,"key":"Strength Potion"},{"floor":8,"key":"Weak Potion"},{"floor":18,"key":"EssenceOfSteel"}],"is_trial":false,"path_per_floor":["M","?","$","M","$","R","E","M","T","M","R","E","M","?","R","B",null,"M","?","$","?","M","R","M","R","T","R","M","E","?","M","R","B"],"character_chosen":"IRONCLAD","items_purchased":["Rampage","Shrug It Off","Finesse"],"campfire_rested":1,"item_purchase_floors":[3,5,20],"current_hp_per_floor":[74,74,74,75,75,75,75,75,75,52,52,44,44,37,37,31,64,61,55,55,55,58,58,31,31,31,53,43,55,55,65,65,0],"gold":36,"neow_bonus":"THREE_ENEMY_KILL","is_prod":false,"is_daily":false,"chose_seed":false,"campfire_upgraded":5,"win_rate":0,"timestamp":1553368123,"path_taken":["M","?","$","M","?","R","E","?","T","?","R","E","M","?","R","BOSS","M","?","$","?","?","R","M","R","T","R","M","E","?","M","R","BOSS"],"build_version":"2019-01-23","purchased_purges":1,"victory":false,"max_hp_per_floor":[75,75,75,75,75,75,75,75,75,75,75,75,75,75,75,75,75,75,75,75,75,75,75,75,75,75,75,75,75,75,75,75,75],"card_choices":[{"not_picked":["Warcry","Evolve"],"picked":"Cleave","floor":1},{"not_picked":["Battle Trance","Whirlwind"],"picked":"Shrug It Off","floor":4},{"not_picked":["Carnage","Perfected Strike"],"picked":"Twin Strike","floor":7},{"not_picked":["Havoc","Wild Strike","Clash"],"picked":"SKIP","floor":8},{"not_picked":["Rage","Corruption"],"picked":"Shrug It Off","floor":10},{"not_picked":["Battle Trance","Havoc"],"picked":"Berserk","floor":12},{"not_picked":["Entrench","Wild Strike"],"picked":"Battle Trance","floor":13},{"not_picked":["Bludgeon","Impervious"],"picked":"Reaper","floor":16},{"not_picked":["Headbutt+1","Dual Wield"],"picked":"Body Slam","floor":18},{"not_picked":["True Grit","Perfected Strike"],"picked":"Fire Breathing","floor":22},{"not_picked":["Shrug It Off+1","Body Slam+1"],"picked":"Spot Weakness","floor":24},{"not_picked":["Sentinel","Warcry","Sword Boomerang"],"picked":"SKIP","floor":28},{"not_picked":["Body Slam","Flex","Rampage"],"picked":"SKIP","floor":29},{"not_picked":["Wild Strike","Sever Soul"],"picked":"Feel No Pain","floor":31}],"player_experience":451185,"relics_obtained":[{"floor":7,"key":"Bottled Lightning"},{"floor":9,"key":"Centennial Puzzle"},{"floor":12,"key":"Ginger"},{"floor":29,"key":"Oddly Smooth Stone"},{"floor":32,"key":"Dream Catcher"}],"event_choices":[{"cards_removed":["Strike_R"],"damage_healed":0,"gold_gain":0,"player_choice":"Offered Basic","damage_taken":0,"max_hp_gain":0,"max_hp_loss":0,"event_name":"Bonfire Elementals","floor":2,"gold_loss":0},{"cards_removed":["Strike_R"],"damage_healed":0,"gold_gain":0,"player_choice":"Card Removal","damage_taken":7,"max_hp_gain":0,"max_hp_loss":0,"event_name":"Golden Wing","floor":14,"gold_loss":0},{"damage_healed":0,"gold_gain":0,"player_choice":"Joined the Cult","damage_taken":6,"max_hp_gain":0,"max_hp_loss":0,"event_name":"Nest","floor":19,"gold_loss":0,"cards_obtained":["RitualDagger"]},{"cards_removed":["Strike_R"],"damage_healed":0,"gold_gain":0,"player_choice":"Single Remove","damage_taken":0,"max_hp_gain":0,"max_hp_loss":0,"event_name":"Designer","floor":21,"gold_loss":60},{"damage_healed":0,"gold_gain":0,"player_choice":"Obtained Relic","damage_taken":0,"relics_obtained":["Shovel"],"max_hp_gain":0,"max_hp_loss":0,"event_name":"Addict","floor":30,"gold_loss":85}],"is_beta":false,"boss_relics":[{"not_picked":["Black Star","Lizard Tail"],"picked":"Cursed Key"}],"items_purged_floors":[20],"is_endless":false,"potions_floor_spawned":[4,7,8,10,18,31],"killed_by":"Automaton","ascension_level":14}