{"gold_per_floor":[119,119,119,119,119,145,145,156,156,173,192,192,211,243,243,315,315,331,343,343,343],"floor_reached":21,"playtime":600,"items_purged":[],"score":442,"play_id":"130a74fb-f422-4dfd-8f6c-1c0ef7859829","local_time":"20190526223922","is_ascension_mode":true,"campfire_choices":[{"data":"Juggernaut","floor":7,"key":"SMITH"},{"data":"Body Slam","floor":12,"key":"SMITH"},{"data":"Armaments","floor":15,"key":"SMITH"}],"neow_cost":"NONE","seed_source_timestamp":701897774041984,"circlet_count":0,"master_deck":["AscendersBane","Strike_R+1","Defend_R+1","Defend_R+1","Defend_R","Defend_R","Bash","Pommel Strike+1","Juggernaut+1","Feed","Body Slam+1","Cleave","Cleave","Armaments+1","Fiend Fire"],"relics":["Burning Blood","NeowsBlessing","War Paint","Singing Bowl","Strawberry","Empty Cage"],"potions_floor_usage":[14,16],"damage_taken":[{"damage":0,"enemies":"2 Louse","floor":1,"turns":1},{"damage":0,"enemies":"3 Sentries","floor":6,"turns":2},{"damage":0,"enemies":"Small Slimes","floor":8,"turns":1},{"damage":6,"enemies":"Cultist","floor":10,"turns":4},{"damage":25,"enemies":"Exordium Thugs","floor":11,"turns":5},{"damage":6,"enemies":"Looter","floor":13,"turns":3},{"damage":3,"enemies":"Gremlin Nob","floor":14,"turns":3},{"damage":51,"enemies":"Slime Boss","floor":16,"turns":8},{"damage":34,"enemies":"Spheric Guardian","floor":18,"turns":6},{"damage":30,"enemies":"Shell Parasite","floor":19,"turns":8},{"damage":41,"enemies":"Snecko","floor":21,"turns":4}],"seed_played":"7285374475494438388","potions_obtained":[{"floor":1,"key":"AttackPotion"},{"floor":6,"key":"GamblersBrew"},{"floor":11,"key":"Explosive Potion"}],"is_trial":false,"path_per_floor":["M","?","?","?","?","E","R","M","T","M","M","R","M","E","R","B",null,"M","M","?","M"],"character_chosen":"IRONCLAD","items_purchased":[],"campfire_rested":0,"item_purchase_floors":[],"current_hp_per_floor":[74,74,74,51,51,57,57,63,63,66,50,50,50,62,62,17,72,49,31,31,0],"gold":343,"neow_bonus":"THREE_ENEMY_KILL","is_prod":false,"is_daily":false,"chose_seed":false,"campfire_upgraded":3,"win_rate":0,"timestamp":1558903162,"path_taken":["M","?","?","?","?","E","R","M","T","?","M","R","M","E","R","BOSS","M","M","?","M"],"build_version":"2019-01-23","purchased_purges":0,"victory":false,"max_hp_per_floor":[75,75,75,75,75,75,75,75,75,78,81,81,81,90,90,90,90,95,101,101,101],"card_choices":[{"not_picked":["Anger","Heavy Blade"],"picked":"Pommel Strike","floor":1},{"not_picked":["Twin Strike","Hemokinesis"],"picked":"Feed","floor":6},{"not_picked":["Headbutt","Dual Wield"],"picked":"Body Slam","floor":8},{"not_picked":["Anger","Rampage"],"picked":"Cleave","floor":10},{"not_picked":["Pommel Strike","Havoc"],"picked":"Cleave","floor":11},{"not_picked":["Burning Pact","Berserk"],"picked":"Armaments","floor":13},{"not_picked":["Dropkick","Havoc","Pommel Strike"],"picked":"Singing Bowl","floor":14},{"not_picked":["Bludgeon","Double Tap"],"picked":"Fiend Fire","floor":16},{"not_picked":["Anger+1","Entrench","Carnage"],"picked":"Singing Bowl","floor":18},{"not_picked":["Flex","Body Slam","Clothesline"],"picked":"Singing Bowl","floor":19}],"player_experience":587522,"relics_obtained":[{"floor":6,"key":"War Paint"},{"floor":9,"key":"Singing Bowl"},{"floor":14,"key":"Strawberry"}],"event_choices":[{"cards_removed":["Strike_R"],"damage_healed":0,"gold_gain":0,"player_choice":"Forget","damage_taken":0,"max_hp_gain":0,"max_hp_loss":0,"event_name":"Living Wall","floor":2,"gold_loss":0},{"damage_healed":0,"gold_gain":0,"player_choice":"Ignored","damage_taken":0,"max_hp_gain":0,"max_hp_loss":0,"event_name":"Liars Game","floor":3,"gold_loss":0},{"damage_healed":0,"gold_gain":0,"player_choice":"Entered Light","damage_taken":23,"max_hp_gain":0,"max_hp_loss":0,"event_name":"Shining Light","floor":4,"gold_loss":0,"cards_upgraded":["Pommel Strike","Strike_R"]},{"damage_healed":0,"gold_gain":0,"cards_transformed":["Strike_R"],"player_choice":"Transformed","damage_taken":0,"max_hp_gain":0,"max_hp_loss":0,"event_name":"Transmorgrifier","floor":5,"gold_loss":0,"cards_obtained":["Juggernaut"]},{"damage_healed":0,"gold_gain":0,"player_choice":"Ignored","damage_taken":0,"max_hp_gain":0,"max_hp_loss":0,"event_name":"The Mausoleum","floor":20,"gold_loss":0}],"is_beta":false,"boss_relics":[{"not_picked":["Tiny House","Black Blood"],"picked":"Empty Cage"}],"items_purged_floors":[],"is_endless":false,"potions_floor_spawned":[1,6,11],"killed_by":"Snecko","ascension_level":19}