{"gold_per_floor":[109,109,128,142,25,25,59,59,59,76,76,86,11,23,23,96,96,111,121,21,21,33,33,47,47,47,60,60,60,74,74,74,148,148,159,159,159,159,171,203,203,203,203,78,92,109,109,125,125,125],"floor_reached":50,"playtime":2740,"items_purged":["Strike_B","Strike_B","Strike_B"],"score":898,"play_id":"550c2e0e-4830-4522-b0f6-0652223f42ff","local_time":"20190321195602","is_ascension_mode":true,"campfire_choices":[{"data":"Defragment","floor":6,"key":"SMITH"},{"data":"Sweeping Beam","floor":8,"key":"SMITH"},{"data":"Ball Lightning","floor":11,"key":"SMITH"},{"floor":15,"key":"REST"},{"floor":23,"key":"REST"},{"floor":25,"key":"REST"},{"floor":28,"key":"REST"},{"floor":32,"key":"REST"},{"floor":41,"key":"REST"},{"floor":47,"key":"DIG"},{"floor":49,"key":"REST"}],"neow_cost":"NONE","seed_source_timestamp":24278381652962768,"circlet_count":0,"master_deck":["AscendersBane","Strike_B","Defend_B","Defend_B","Defend_B","Defend_B","Zap+1","Dualcast","Sweeping Beam+1","Defragment+1","Conserve Battery","BootSequence","FTL","Coolheaded","Ball Lightning+1","Electrodynamics","Buffer","Streamline+1","Cold Snap","Go for the Eyes+1","Force Field","Loop","Creative AI","Reinforced Body","Chill","Coolheaded","Leap","Steam","Conserve Battery+1","Compile Driver+1","Redo+1"],"relics":["Runic Dome","Boot","Blue Candle","Fusion Hammer","Ornamental Fan","Orrery","Mummified Hand","Nunchaku","Shovel","Ancient Tea Set"],"potions_floor_usage":[16,16,50,50],"damage_taken":[{"damage":0,"enemies":"2 Louse","floor":1,"turns":3},{"damage":1,"enemies":"Cultist","floor":3,"turns":3},{"damage":0,"enemies":"Small Slimes","floor":4,"turns":2},{"damage":31,"enemies":"Lagavulin","floor":7,"turns":7},{"damage":8,"enemies":"Exordium Thugs","floor":10,"turns":3},{"damage":14,"enemies":"Exordium Wildlife","floor":12,"turns":4},{"damage":4,"enemies":"3 Louse","floor":14,"turns":3},{"damage":3,"enemies":"Hexaghost","floor":16,"turns":8},{"damage":0,"enemies":"Spheric Guardian","floor":18,"turns":3},{"damage":6,"enemies":"Chosen","floor":19,"turns":5},{"damage":14,"enemies":"Sentry and Sphere","floor":22,"turns":4},{"damage":4,"enemies":"Centurion and Healer","floor":24,"turns":5},{"damage":10,"enemies":"Snecko","floor":27,"turns":5},{"damage":16,"enemies":"Shelled Parasite and Fungi","floor":30,"turns":5},{"damage":31,"enemies":"Automaton","floor":33,"turns":10},{"damage":0,"enemies":"3 Shapes","floor":35,"turns":7},{"damage":1,"enemies":"Orb Walker","floor":39,"turns":4},{"damage":0,"enemies":"Reptomancer","floor":40,"turns":7},{"damage":15,"enemies":"4 Shapes","floor":45,"turns":7},{"damage":2,"enemies":"Writhing Mass","floor":46,"turns":8},{"damage":7,"enemies":"3 Darklings","floor":48,"turns":3},{"damage":69,"enemies":"Awakened One","floor":50,"turns":5}],"seed_played":"5187923315171816471","potions_obtained":[{"floor":4,"key":"SkillPotion"},{"floor":14,"key":"SkillPotion"},{"floor":19,"key":"Explosive Potion"},{"floor":24,"key":"Fire Potion"},{"floor":48,"key":"LiquidBronze"}],"is_trial":false,"path_per_floor":["M","?","M","M","$","R","E","R","T","M","R","M","$","M","R","B",null,"M","M","$","?","M","R","M","R","T","M","R","?","M","?","R","B",null,"M","?","T","?","M","E","R","?","T","$","M","M","R","M","R","B"],"character_chosen":"DEFECT","items_purchased":["BootSequence","FTL"],"campfire_rested":7,"item_purchase_floors":[5,5],"current_hp_per_floor":[64,64,63,63,63,63,32,32,32,24,24,10,10,6,27,24,59,59,53,53,53,39,60,56,71,71,61,71,71,55,55,71,40,63,63,63,63,63,62,62,71,71,71,71,56,54,54,47,68,0],"gold":125,"neow_bonus":"BOSS_RELIC","is_prod":false,"is_daily":false,"chose_seed":false,"campfire_upgraded":3,"win_rate":0,"timestamp":1553194562,"path_taken":["M","?","M","M","?","R","E","R","T","M","R","?","$","M","R","BOSS","M","M","$","?","M","R","M","R","T","M","R","?","M","?","R","BOSS","M","?","?","?","?","E","R","?","T","$","M","?","R","M","R","BOSS"],"build_version":"2019-01-23","purchased_purges":3,"victory":false,"max_hp_per_floor":[71,71,71,71,71,71,71,71,71,71,71,71,71,71,71,71,71,71,71,71,71,71,71,71,71,71,71,71,71,71,71,71,71,71,71,71,71,71,71,71,71,71,71,71,71,71,71,71,71,71],"card_choices":[{"not_picked":["Barrage","Reinforced Body"],"picked":"Sweeping Beam","floor":1},{"not_picked":["Coolheaded","Gash"],"picked":"Defragment","floor":3},{"not_picked":["Gash","Barrage"],"picked":"Conserve Battery","floor":4},{"not_picked":["Lockon","Conserve Battery"],"picked":"Coolheaded","floor":7},{"not_picked":["Hello World","Scrape"],"picked":"Ball Lightning","floor":10},{"not_picked":["Compile Driver","Reprogram"],"picked":"Ball Lightning","floor":12},{"not_picked":["Conserve Battery","Gash"],"picked":"Electrodynamics","floor":14},{"not_picked":["Thunder Strike","Seek"],"picked":"Buffer","floor":16},{"not_picked":["Rebound","Barrage"],"picked":"Streamline+1","floor":18},{"not_picked":["Hologram","Steam"],"picked":"Cold Snap","floor":19},{"not_picked":["Stack+1","Cold Snap"],"picked":"Go for the Eyes+1","floor":22},{"not_picked":["Stack","Fusion"],"picked":"Force Field","floor":24},{"not_picked":["Recycle","Genetic Algorithm"],"picked":"Loop","floor":27},{"not_picked":["Melter+1","Lockon","Rip and Tear"],"picked":"SKIP","floor":30},{"not_picked":["Reboot","Meteor Strike"],"picked":"Creative AI","floor":33},{"not_picked":["Streamline","Coolheaded"],"picked":"Reinforced Body","floor":34},{"not_picked":["Gash+1","Multi-Cast"],"picked":"Chill","floor":34},{"not_picked":["Ball Lightning","Stack"],"picked":"Coolheaded","floor":34},{"not_picked":["Barrage","BootSequence"],"picked":"Leap","floor":35},{"not_picked":["Ball Lightning","Turbo"],"picked":"Steam","floor":39},{"not_picked":["Meteor Strike","Go for the Eyes"],"picked":"Conserve Battery+1","floor":40},{"not_picked":["Beam Cell+1","Rebound+1","Barrage"],"picked":"SKIP","floor":45},{"not_picked":["Auto Shields","Cold Snap+1"],"picked":"Compile Driver+1","floor":46},{"not_picked":["Melter","Chaos"],"picked":"Redo+1","floor":48}],"player_experience":445060,"relics_obtained":[{"floor":7,"key":"Boot"},{"floor":9,"key":"Blue Candle"},{"floor":26,"key":"Ornamental Fan"},{"floor":37,"key":"Mummified Hand"},{"floor":40,"key":"Nunchaku"},{"floor":43,"key":"Shovel"},{"floor":47,"key":"Ancient Tea Set"}],"event_choices":[{"damage_healed":0,"gold_gain":0,"player_choice":"Forge","damage_taken":0,"max_hp_gain":0,"max_hp_loss":0,"event_name":"Accursed Blacksmith","floor":2,"gold_loss":0,"cards_upgraded":["Zap"]},{"damage_healed":0,"gold_gain":0,"player_choice":"Ignored","damage_taken":0,"max_hp_gain":0,"max_hp_loss":0,"event_name":"The Mausoleum","floor":21,"gold_loss":0},{"damage_healed":0,"gold_gain":0,"player_choice":"Ignored","damage_taken":0,"max_hp_gain":0,"max_hp_loss":0,"event_name":"Ghosts","floor":29,"gold_loss":0},{"cards_removed":["Ball Lightning"],"damage_healed":0,"gold_gain":0,"player_choice":"Removed Attack","damage_taken":0,"max_hp_gain":0,"max_hp_loss":0,"event_name":"Falling","floor":36,"gold_loss":0},{"damage_healed":0,"gold_gain":0,"player_choice":"Got Potions","damage_taken":0,"max_hp_gain":0,"max_hp_loss":0,"event_name":"Lab","floor":38,"gold_loss":0},{"damage_healed":0,"gold_gain":0,"player_choice":"Full Heal","damage_taken":0,"max_hp_gain":0,"max_hp_loss":0,"event_name":"Wheel of Change","floor":42,"gold_loss":0}],"is_beta":false,"boss_relics":[{"not_picked":["Coffee Dripper","Astrolabe"],"picked":"Fusion Hammer"},{"not_picked":["Calling Bell","Snecko Eye"],"picked":"Orrery"}],"items_purged_floors":[13,20,44],"is_endless":false,"potions_floor_spawned":[4,14,19,24,33,35,48],"killed_by":"Awakened One","ascension_level":16}