{"gold_per_floor":[112,37,56,56,56,56,70,70,93,114,139,139,173,186,186,282,282,307,307,330,230,230],"floor_reached":22,"playtime":838,"items_purged":["Strike_B","Strike_B"],"score":344,"play_id":"0ab0f981-5fc5-427b-a427-ca8da23cf7f6","local_time":"20190413184440","is_ascension_mode":true,"campfire_choices":[{"data":"Zap","floor":6,"key":"SMITH"},{"data":"Conserve Battery","floor":8,"key":"SMITH"},{"floor":15,"key":"REST"}],"neow_cost":"NONE","seed_source_timestamp":163798034451698,"circlet_count":0,"master_deck":["AscendersBane","Defend_B","Defend_B","Defend_B","Defend_B","Zap+1","Dualcast","Cold Snap","Chill","Conserve Battery+1","BootSequence","Leap","Blizzard","Creative AI","Ball Lightning","Conserve Battery+1"],"relics":["Cracked Core","Golden Idol","Anchor","Lantern","Philosopher\u0027s Stone"],"potions_floor_usage":[13,16,16,22],"damage_taken":[{"damage":5,"enemies":"Small Slimes","floor":1,"turns":3},{"damage":0,"enemies":"2 Louse","floor":3,"turns":2},{"damage":0,"enemies":"Cultist","floor":7,"turns":4},{"damage":0,"enemies":"Lots of Slimes","floor":10,"turns":4},{"damage":0,"enemies":"3 Louse","floor":11,"turns":5},{"damage":25,"enemies":"Gremlin Nob","floor":13,"turns":5},{"damage":6,"enemies":"Looter","floor":14,"turns":4},{"damage":28,"enemies":"Hexaghost","floor":16,"turns":10},{"damage":10,"enemies":"Spheric Guardian","floor":18,"turns":6},{"damage":7,"enemies":"Shell Parasite","floor":20,"turns":8},{"damage":45,"enemies":"Chosen and Byrds","floor":22,"turns":5}],"seed_played":"-3690646248074904202","potions_obtained":[{"floor":10,"key":"Poison Potion"},{"floor":13,"key":"LiquidBronze"},{"floor":14,"key":"Poison Potion"},{"floor":18,"key":"Swift Potion"}],"is_trial":false,"path_per_floor":["M","$","M","?","?","R","M","R","T","M","M","?","E","M","R","B",null,"M","?","M","$","M"],"character_chosen":"DEFECT","items_purchased":[],"campfire_rested":1,"item_purchase_floors":[],"current_hp_per_floor":[66,66,66,66,66,66,66,66,66,66,66,59,34,28,49,21,59,49,49,42,42,0],"gold":230,"neow_bonus":"TEN_PERCENT_HP_BONUS","is_prod":false,"is_daily":false,"chose_seed":false,"campfire_upgraded":2,"win_rate":0,"timestamp":1555173880,"path_taken":["M","$","M","?","?","R","M","R","T","M","M","?","E","M","R","BOSS","M","?","?","$","M"],"build_version":"2019-01-23","purchased_purges":2,"victory":false,"max_hp_per_floor":[78,78,78,78,71,71,71,71,71,71,71,71,71,71,71,71,71,71,71,71,71,71],"card_choices":[{"not_picked":["Go for the Eyes","Turbo"],"picked":"Cold Snap","floor":1},{"not_picked":["Turbo","Go for the Eyes"],"picked":"Chill","floor":3},{"not_picked":["Steam","Recycle"],"picked":"Conserve Battery","floor":7},{"not_picked":["Recycle","Steam"],"picked":"BootSequence","floor":10},{"not_picked":["Turbo","BootSequence"],"picked":"Leap","floor":11},{"not_picked":["Darkness","Genetic Algorithm"],"picked":"Blizzard","floor":13},{"not_picked":["Chaos","Compile Driver"],"picked":"Creative AI","floor":14},{"not_picked":["Consume","Leap"],"picked":"Ball Lightning","floor":18},{"not_picked":["Stack","Leap","Genetic Algorithm"],"picked":"SKIP","floor":20}],"player_experience":491988,"relics_obtained":[{"floor":9,"key":"Anchor"},{"floor":13,"key":"Lantern"}],"event_choices":[{"cards_removed":["Strike_B"],"damage_healed":0,"gold_gain":0,"player_choice":"Forget","damage_taken":0,"max_hp_gain":0,"max_hp_loss":0,"event_name":"Living Wall","floor":4,"gold_loss":0},{"damage_healed":0,"gold_gain":0,"player_choice":"Lose Max HP","damage_taken":0,"relics_obtained":["Golden Idol"],"max_hp_gain":0,"max_hp_loss":7,"event_name":"Golden Idol","floor":5,"gold_loss":0},{"cards_removed":["Strike_B"],"damage_healed":0,"gold_gain":0,"player_choice":"Card Removal","damage_taken":7,"max_hp_gain":0,"max_hp_loss":0,"event_name":"Golden Wing","floor":12,"gold_loss":0},{"damage_healed":0,"gold_gain":0,"player_choice":"Copied","damage_taken":0,"max_hp_gain":0,"max_hp_loss":0,"event_name":"Duplicator","floor":19,"gold_loss":0,"cards_obtained":["Conserve Battery"]}],"is_beta":false,"boss_relics":[{"not_picked":["Eternal Feather","Tiny House"],"picked":"Philosopher\u0027s Stone"}],"items_purged_floors":[2,21],"is_endless":false,"potions_floor_spawned":[10,13,14,18],"killed_by":"Chosen and Byrds","ascension_level":17}