{"gold_per_floor":[111,22,97,22,35,35,35,35,62,98,124,136,158,9,9,87,87,106,106,122,22,39,39,59,59,130,130,162,8,23,42,42,115,115,128,147,157,7,19,19,34,45,45,45],"floor_reached":44,"playtime":2374,"items_purged":["Strike_G","Strike_G","Defend_G","Strike_G"],"score":944,"play_id":"8b637cd5-359f-405b-954e-191c09cb74f3","local_time":"20190224142648","is_ascension_mode":true,"campfire_choices":[{"data":"Infinite Blades","floor":6,"key":"SMITH"},{"data":"Dagger Spray","floor":8,"key":"SMITH"},{"floor":15,"key":"REST"},{"data":"Infinite Blades","floor":23,"key":"SMITH"},{"floor":25,"key":"REST"},{"floor":32,"key":"REST"},{"floor":40,"key":"REST"}],"neow_cost":"NONE","seed_source_timestamp":2799649889425665,"circlet_count":0,"master_deck":["AscendersBane","Defend_G","Defend_G","Defend_G","Defend_G","Survivor","Neutralize","Deflect","Infinite Blades+1","Dagger Spray+1","Endless Agony","Escape Plan","Backflip","Adrenaline","Accuracy","Infinite Blades+1","Cloak And Dagger","Blur","Cloak And Dagger","J.A.X.","Blade Dance+1","After Image","Backflip","Backflip","Infinite Blades","Adrenaline","A Thousand Cuts","Footwork+1","After Image"],"relics":["WristBlade","MawBank","Odd Mushroom","Oddly Smooth Stone","Orrery","Letter Opener","Calipers","Philosopher\u0027s Stone","Sundial"],"potions_floor_usage":[13,16,22,24,28,33,33],"damage_taken":[{"damage":3,"enemies":"2 Louse","floor":1,"turns":4},{"damage":13,"enemies":"Small Slimes","floor":5,"turns":5},{"damage":8,"enemies":"The Mushroom Lair","floor":10,"turns":4},{"damage":0,"enemies":"Cultist","floor":11,"turns":3},{"damage":11,"enemies":"Gremlin Gang","floor":13,"turns":4},{"damage":0,"enemies":"Hexaghost","floor":16,"turns":9},{"damage":8,"enemies":"Spheric Guardian","floor":18,"turns":5},{"damage":16,"enemies":"Chosen","floor":20,"turns":6},{"damage":3,"enemies":"3 Cultists","floor":22,"turns":5},{"damage":22,"enemies":"Snake Plant","floor":24,"turns":4},{"damage":10,"enemies":"Gremlin Leader","floor":28,"turns":4},{"damage":6,"enemies":"Snecko","floor":30,"turns":4},{"damage":5,"enemies":"Centurion and Healer","floor":31,"turns":5},{"damage":14,"enemies":"Collector","floor":33,"turns":7},{"damage":0,"enemies":"Orb Walker","floor":35,"turns":3},{"damage":12,"enemies":"3 Shapes","floor":36,"turns":4},{"damage":12,"enemies":"3 Darklings","floor":37,"turns":5},{"damage":3,"enemies":"4 Shapes","floor":39,"turns":5},{"damage":26,"enemies":"Transient","floor":41,"turns":6},{"damage":8,"enemies":"3 Darklings","floor":42,"turns":4},{"damage":10,"enemies":"Spire Growth","floor":44,"turns":4}],"seed_played":"8949169834794794710","potions_obtained":[{"floor":1,"key":"Strength Potion"},{"floor":10,"key":"SkillPotion"},{"floor":13,"key":"Energy Potion"},{"floor":22,"key":"Poison Potion"},{"floor":24,"key":"Energy Potion"},{"floor":30,"key":"FearPotion"},{"floor":31,"key":"AttackPotion"},{"floor":37,"key":"SpeedPotion"},{"floor":41,"key":"LiquidBronze"}],"is_trial":false,"path_per_floor":["M","$","?","$","M","R","?","R","T","?","M","?","M","$","R","B",null,"M","?","M","$","M","R","M","R","T","?","E","$","M","M","R","B",null,"M","M","M","$","M","R","M","M","T","M"],"character_chosen":"THE_SILENT","items_purchased":["Infinite Blades","Oddly Smooth Stone","Backflip"],"campfire_rested":4,"item_purchase_floors":[2,14,29],"current_hp_per_floor":[56,56,45,45,32,32,25,25,25,17,17,17,6,6,25,25,56,48,48,32,32,29,29,7,26,26,26,16,16,10,5,24,10,52,52,40,28,28,25,44,18,10,10,0],"gold":45,"neow_bonus":"BOSS_RELIC","is_prod":false,"is_daily":false,"chose_seed":false,"campfire_upgraded":3,"win_rate":0,"timestamp":1551040008,"path_taken":["M","$","?","$","M","R","?","R","T","?","M","?","M","$","R","BOSS","M","?","M","$","M","R","M","R","T","?","E","$","?","M","R","BOSS","M","M","M","$","M","R","M","?","T","M"],"build_version":"2019-02-06","purchased_purges":4,"victory":false,"max_hp_per_floor":[66,66,66,66,66,66,66,66,66,66,66,66,66,66,66,66,66,66,66,66,66,66,66,66,66,66,66,66,66,66,66,66,66,66,66,66,66,66,66,66,66,66,66,66],"card_choices":[{"not_picked":["Outmaneuver","Reflex"],"picked":"Deflect","floor":1},{"not_picked":["Dagger Throw","Acrobatics"],"picked":"Dagger Spray","floor":5},{"not_picked":["Tactician","Skewer"],"picked":"Endless Agony","floor":10},{"not_picked":["Acrobatics","Dodge and Roll"],"picked":"Escape Plan","floor":11},{"not_picked":["Grand Finale","Reflex"],"picked":"Backflip","floor":13},{"not_picked":["Grand Finale","Wraith Form v2"],"picked":"Adrenaline","floor":16},{"not_picked":["Dagger Throw","Prepared"],"picked":"Accuracy","floor":17},{"not_picked":["Deadly Poison","Quick Slash"],"picked":"Infinite Blades","floor":17},{"not_picked":["Blade Dance","Flechettes"],"picked":"Cloak And Dagger","floor":17},{"not_picked":["Poisoned Stab","Expertise"],"picked":"Blur","floor":17},{"not_picked":["Caltrops","Dodge and Roll"],"picked":"Cloak And Dagger","floor":18},{"not_picked":["Dodge and Roll","Dagger Throw+1","Poisoned Stab"],"picked":"SKIP","floor":20},{"not_picked":["Flying Knee","All Out Attack","Outmaneuver"],"picked":"SKIP","floor":22},{"not_picked":["Dodge and Roll","Poisoned Stab"],"picked":"Blade Dance+1","floor":24},{"not_picked":["Bane","Catalyst"],"picked":"Backflip","floor":28},{"not_picked":["All Out Attack","Calculated Gamble"],"picked":"Infinite Blades","floor":30},{"not_picked":["Crippling Poison","Predator"],"picked":"Adrenaline","floor":31},{"not_picked":["Envenom","Grand Finale"],"picked":"A Thousand Cuts","floor":33},{"not_picked":["Poisoned Stab","Noxious Fumes"],"picked":"Footwork+1","floor":35},{"not_picked":["Reflex+1","Dash","Acrobatics"],"picked":"SKIP","floor":36},{"not_picked":["Footwork","Acrobatics","Slice+1"],"picked":"SKIP","floor":37},{"not_picked":["Sucker Punch","Flying Knee"],"picked":"After Image","floor":39},{"not_picked":["Blade Dance","Underhanded Strike+1","Catalyst"],"picked":"SKIP","floor":41},{"not_picked":["Poisoned Stab+1","Heel Hook","Sucker Punch"],"picked":"SKIP","floor":42}],"player_experience":836886,"relics_obtained":[{"floor":9,"key":"MawBank"},{"floor":10,"key":"Odd Mushroom"},{"floor":26,"key":"Letter Opener"},{"floor":28,"key":"Calipers"},{"floor":43,"key":"Sundial"}],"event_choices":[{"damage_healed":0,"gold_gain":75,"player_choice":"Gather Gold","damage_taken":11,"max_hp_gain":0,"max_hp_loss":0,"event_name":"World of Goop","floor":3,"gold_loss":0},{"cards_removed":["Strike_G"],"damage_healed":0,"gold_gain":0,"player_choice":"Card Removal","damage_taken":7,"max_hp_gain":0,"max_hp_loss":0,"event_name":"Golden Wing","floor":7,"gold_loss":0},{"damage_healed":0,"gold_gain":0,"player_choice":"Fought Mushrooms","damage_taken":0,"max_hp_gain":0,"max_hp_loss":0,"event_name":"Mushrooms","floor":10,"gold_loss":0},{"damage_healed":0,"gold_gain":0,"player_choice":"Ignored","damage_taken":0,"max_hp_gain":0,"max_hp_loss":0,"event_name":"Golden Idol","floor":12,"gold_loss":0},{"damage_healed":0,"gold_gain":0,"player_choice":"Obtain J.A.X.","damage_taken":0,"max_hp_gain":0,"max_hp_loss":0,"event_name":"Drug Dealer","floor":19,"gold_loss":0,"cards_obtained":["J.A.X."]},{"damage_healed":0,"gold_gain":0,"cards_transformed":["Strike_G"],"player_choice":"Transformed","damage_taken":0,"max_hp_gain":0,"max_hp_loss":0,"event_name":"Transmorgrifier","floor":27,"gold_loss":0,"cards_obtained":["After Image"]}],"is_beta":true,"boss_relics":[{"not_picked":["Ectoplasm","Eternal Feather"],"picked":"Orrery"},{"not_picked":["Empty Cage","Black Star"],"picked":"Philosopher\u0027s Stone"}],"items_purged_floors":[4,21,29,38],"is_endless":false,"potions_floor_spawned":[1,10,13,22,24,30,31,37,41,42],"killed_by":"Spire Growth","ascension_level":20}