{"gold_per_floor":[115,133,58,58,68,68,15,80,80,80,105,105,139,139,139,236,236,246,246,260,260,260,289,289,307,307,307,334,345,79,79,79,180,180,200,200,218,237,237,237,257,257,257,310,340,1,1,21,21,21],"floor_reached":50,"playtime":3240,"items_purged":["Parasite","Defend_R"],"score":717,"play_id":"9dce244d-0227-4767-8e88-6d3857a25491","local_time":"20190211205757","is_ascension_mode":true,"campfire_choices":[{"data":"Intimidate","floor":6.0,"key":"SMITH"},{"data":"Armaments","floor":10.0,"key":"SMITH"},{"floor":12.0,"key":"REST"},{"floor":15.0,"key":"REST"},{"data":"Body Slam","floor":24.0,"key":"SMITH"},{"data":"True Grit","floor":27.0,"key":"SMITH"},{"data":"Entrench","floor":32.0,"key":"SMITH"},{"data":"Iron Wave","floor":40.0,"key":"SMITH"},{"floor":47,"key":"REST"},{"floor":49,"key":"RECALL"}],"neow_cost":"CURSE","seed_source_timestamp":69197736125246,"circlet_count":0,"master_deck":["Defend_R+1","Defend_R","Defend_R+1","Bash","Ghostly Armor","Intimidate+1","Body Slam+1","Armaments+1","Headbutt","Entrench+1","Juggernaut","True Grit+1","Shrug It Off","Iron Wave+1","Bite","Bite","Bite","Bite","Madness","Madness","Inflame"],"special_seed":0,"relics":["Burning Blood","Calipers","War Paint","Lantern","Pear","Happy Flower","Anchor","Busted Crown","MutagenicStrength","Mercury Hourglass","PreservedInsect","Strawberry","TheAbacus","Runic Cube","Toxic Egg 2","Unceasing Top","Gambling Chip","Bottled Lightning"],"potions_floor_usage":[],"damage_taken":[{"damage":1.0,"enemies":"Cultist","floor":1.0,"turns":3.0},{"damage":6.0,"enemies":"2 Louse","floor":2.0,"turns":4.0},{"damage":8.0,"enemies":"Jaw Worm","floor":5.0,"turns":5.0},{"damage":42.0,"enemies":"3 Sentries","floor":8.0,"turns":12.0},{"damage":38.0,"enemies":"Lagavulin","floor":11.0,"turns":10.0},{"damage":9.0,"enemies":"3 Sentries","floor":13.0,"turns":10.0},{"damage":16.0,"enemies":"The Guardian","floor":16.0,"turns":17.0},{"damage":0.0,"enemies":"3 Byrds","floor":18.0,"turns":5.0},{"damage":4.0,"enemies":"Shell Parasite","floor":20.0,"turns":5.0},{"damage":15.0,"enemies":"Slavers","floor":23.0,"turns":7.0},{"damage":10.0,"enemies":"Shelled Parasite and Fungi","floor":25.0,"turns":6.0},{"damage":0.0,"enemies":"Chosen and Byrds","floor":29.0,"turns":5.0},{"damage":27.0,"enemies":"Automaton","floor":33.0,"turns":10.0},{"damage":0.0,"enemies":"3 Shapes","floor":35.0,"turns":4.0},{"damage":0.0,"enemies":"Orb Walker","floor":37.0,"turns":2.0},{"damage":14.0,"enemies":"Writhing Mass","floor":38.0,"turns":6.0},{"damage":22.0,"enemies":"Sphere and 2 Shapes","floor":41.0,"turns":4.0},{"damage":35.0,"enemies":"2 Orb Walkers","floor":44.0,"turns":6.0},{"damage":43,"enemies":"Nemesis","floor":45,"turns":7},{"damage":0,"enemies":"Jaw Worm Horde","floor":48,"turns":5},{"damage":82,"enemies":"Donu and Deca","floor":50,"turns":7}],"seed_played":"6703840946238665300","potions_obtained":[{"floor":1.0,"key":"Dexterity Potion"},{"floor":2.0,"key":"BloodPotion"},{"floor":20.0,"key":"Dexterity Potion"},{"floor":23.0,"key":"Strength Potion"},{"floor":33.0,"key":"Regen Potion"}],"is_trial":false,"path_per_floor":["M","M","$","?","M","R","$","?","T","R","E","R","E","?","R","B",null,"M","?","M","?","T","E","R","M","T","R","T","M","$","?","R","B",null,"M","?","M","M","?","R","M","?","T","?","E","$","R","M","R","B"],"character_chosen":"IRONCLAD","items_purchased":["Body Slam","Shrug It Off","TheAbacus","Iron Wave","Bottled Lightning"],"campfire_rested":3,"item_purchase_floors":[7,30,30,30,46],"current_hp_per_floor":[77,77,77,77,75,75,75,46,46,46,24,50,47,14,40,30,73,79,79,81,81,81,72,72,68,68,68,75,81,81,65,65,59,64,65,65,65,65,65,65,49,41,41,35,14,14,33,50,50,0],"gold":21,"neow_bonus":"ONE_RARE_RELIC","is_prod":false,"is_daily":false,"chose_seed":false,"campfire_upgraded":6,"win_rate":0,"timestamp":1549947477,"path_taken":["M","?","?","?","M","R","?","?","T","R","E","R","E","?","R","BOSS","M","?","?","?","?","E","R","M","T","R","?","M","$","?","R","BOSS","M","?","M","M","?","R","M","?","T","?","E","$","R","M","R","BOSS"],"build_version":"2019-01-23","purchased_purges":2,"victory":false,"max_hp_per_floor":[80,80,77,77,77,77,77,77,77,77,87,87,87,87,87,87,87,87,87,87,87,87,87,87,87,87,87,94,94,94,65,65,65,65,65,65,65,65,65,65,65,65,65,65,65,65,65,65,65,65],"card_choices":[{"not_picked":["Havoc","Warcry"],"picked":"Ghostly Armor","floor":1.0},{"not_picked":["Thunderclap","Twin Strike","Anger"],"picked":"SKIP","floor":2.0},{"not_picked":["Twin Strike","Double Tap","Wild Strike"],"picked":"SKIP","floor":5.0},{"not_picked":["Cleave","Thunderclap"],"picked":"Armaments","floor":8.0},{"not_picked":["Havoc","Sword Boomerang"],"picked":"Headbutt","floor":11.0},{"not_picked":["Rupture","Rage"],"picked":"Entrench","floor":13.0},{"not_picked":["Double Tap","Bludgeon"],"picked":"Juggernaut","floor":16.0},{"not_picked":["Ghostly Armor+1"],"picked":"SKIP","floor":18.0},{"not_picked":["Carnage"],"picked":"SKIP","floor":20.0},{"not_picked":[],"picked":"True Grit","floor":23.0},{"not_picked":["Warcry"],"picked":"SKIP","floor":25.0},{"not_picked":["Headbutt"],"picked":"SKIP","floor":29.0},{"not_picked":["Warcry+1"],"picked":"SKIP","floor":35.0},{"not_picked":["Sentinel+1"],"picked":"SKIP","floor":37.0},{"not_picked":["Cleave"],"picked":"SKIP","floor":38.0},{"not_picked":["Warcry"],"picked":"SKIP","floor":41.0},{"not_picked":["Anger"],"picked":"SKIP","floor":45},{"not_picked":[],"picked":"Inflame","floor":48}],"player_experience":335436,"relics_obtained":[{"floor":8.0,"key":"War Paint"},{"floor":9.0,"key":"Lantern"},{"floor":11.0,"key":"Pear"},{"floor":13.0,"key":"Happy Flower"},{"floor":22.0,"key":"Mercury Hourglass"},{"floor":23.0,"key":"PreservedInsect"},{"floor":28.0,"key":"Strawberry"},{"floor":43.0,"key":"Toxic Egg 2"},{"floor":44.0,"key":"Unceasing Top"},{"floor":45,"key":"Gambling Chip"}],"event_choices":[{"damage_healed":0.0,"max_hp_gain":0.0,"max_hp_loss":0.0,"gold_gain":0.0,"cards_transformed":["Strike_R"],"event_name":"Living Wall","player_choice":"Change","floor":4.0,"gold_loss":0.0,"damage_taken":0.0,"cards_obtained":["Intimidate"]},{"damage_healed":0.0,"max_hp_gain":0.0,"max_hp_loss":0.0,"gold_gain":30.0,"event_name":"Dead Adventurer","player_choice":"Searched \u00272\u0027 times","floor":8.0,"gold_loss":0.0,"damage_taken":0.0},{"damage_healed":0.0,"max_hp_gain":0.0,"max_hp_loss":0.0,"gold_gain":0.0,"event_name":"Scrap Ooze","player_choice":"Success","floor":14.0,"gold_loss":0.0,"damage_taken":33.0,"relics_obtained":["Anchor"]},{"cards_removed":["Strike_R"],"damage_healed":0.0,"max_hp_gain":0.0,"max_hp_loss":0.0,"gold_gain":0.0,"event_name":"Purifier","player_choice":"Purged","floor":19.0,"gold_loss":0.0,"damage_taken":0.0},{"damage_healed":0.0,"max_hp_gain":0.0,"max_hp_loss":0.0,"gold_gain":0.0,"event_name":"Drug Dealer","player_choice":"Inject Mutagens","floor":21.0,"gold_loss":0.0,"damage_taken":0.0,"relics_obtained":["MutagenicStrength"]},{"damage_healed":0.0,"max_hp_gain":0.0,"max_hp_loss":29.0,"gold_gain":0.0,"event_name":"Vampires","player_choice":"Became a vampire","floor":31.0,"gold_loss":0.0,"damage_taken":0.0,"cards_obtained":["Bite","Bite","Bite","Bite","Bite"]},{"damage_healed":0.0,"max_hp_gain":0.0,"max_hp_loss":0.0,"gold_gain":0.0,"event_name":"SensoryStone","player_choice":"Memory 1","floor":36.0,"gold_loss":0.0,"damage_taken":0.0},{"cards_removed":["Bite"],"damage_healed":0.0,"max_hp_gain":0.0,"max_hp_loss":0.0,"gold_gain":0.0,"event_name":"Falling","player_choice":"Removed Attack","floor":39.0,"gold_loss":0.0,"damage_taken":0.0},{"damage_healed":0.0,"max_hp_gain":0.0,"max_hp_loss":0.0,"gold_gain":0.0,"event_name":"Winding Halls","player_choice":"Embrace Madness","floor":42.0,"gold_loss":0.0,"damage_taken":8.0,"cards_obtained":["Madness","Madness"]},{"damage_healed":0.0,"max_hp_gain":0.0,"max_hp_loss":0.0,"gold_gain":0.0,"event_name":"Mysterious Sphere","player_choice":"Fight","floor":44.0,"gold_loss":0.0,"damage_taken":0.0}],"is_beta":false,"boss_relics":[{"not_picked":["Mark of Pain","White Beast Statue"],"picked":"Busted Crown"},{"not_picked":["Orrery","Pandora\u0027s Box"],"picked":"Runic Cube"}],"items_purged_floors":[3,46],"is_endless":false,"potions_floor_spawned":[1,2,20,23,33,37,38,41],"killed_by":"Donu and Deca","ascension_level":7}