{"gold_per_floor":[119,133,208,219,239,268,268,299,374,117,117,117,117,134,134,134],"floor_reached":16,"playtime":550,"items_purged":["Defend_B"],"score":165,"play_id":"482d2874-3aac-4c9f-b299-5aa13bab1e36","local_time":"20190208224520","is_ascension_mode":true,"campfire_choices":[{"floor":7,"key":"REST"},{"floor":12,"key":"REST"},{"floor":15,"key":"REST"}],"neow_cost":"NONE","seed_source_timestamp":943099928430,"circlet_count":0,"master_deck":["AscendersBane","Strike_B","Strike_B","Strike_B","Defend_B","Defend_B","Defend_B","Zap","Dualcast","Leap","Cold Snap","Redo+1","Turbo","Rebound","Loop","Streamline"],"special_seed":0,"relics":["Cracked Core","Pen Nib","Calipers","Ornamental Fan","Anchor"],"potions_floor_usage":[14,14],"damage_taken":[{"damage":7.0,"enemies":"Small Slimes","floor":1.0,"turns":3.0},{"damage":2.0,"enemies":"Jaw Worm","floor":2.0,"turns":3.0},{"damage":0.0,"enemies":"2 Louse","floor":4.0,"turns":3.0},{"damage":0,"enemies":"2 Fungi Beasts","floor":5,"turns":3},{"damage":30,"enemies":"3 Sentries","floor":6,"turns":10},{"damage":29,"enemies":"Lagavulin","floor":8,"turns":7},{"damage":22,"enemies":"Gremlin Gang","floor":14,"turns":5},{"damage":39,"enemies":"Slime Boss","floor":16,"turns":5}],"seed_played":"2930442624550982825","potions_obtained":[{"floor":5,"key":"Dexterity Potion"},{"floor":8,"key":"Energy Potion"}],"is_trial":false,"path_per_floor":["M","M","?","M","M","E","R","E","T","$","?","R","?","M","R","B"],"character_chosen":"DEFECT","items_purchased":["Loop","Anchor"],"campfire_rested":3,"item_purchase_floors":[10,10],"current_hp_per_floor":[61,59,48,48,48,18,40,11,11,11,11,33,33,11,33,0],"gold":134,"neow_bonus":"REMOVE_CARD","is_prod":false,"is_daily":false,"chose_seed":false,"campfire_upgraded":0,"win_rate":0,"timestamp":1549633520,"path_taken":["M","M","?","M","M","E","R","E","T","$","?","R","?","M","R","BOSS"],"build_version":"2019-01-23","purchased_purges":1,"victory":false,"max_hp_per_floor":[75,75,75,75,75,75,75,75,75,75,75,75,75,75,75,75],"card_choices":[{"not_picked":["Sweeping Beam","Beam Cell","Force Field"],"picked":"SKIP","floor":1.0},{"not_picked":["Skim","Cold Snap"],"picked":"Leap","floor":2.0},{"not_picked":["Hologram","Beam Cell"],"picked":"Cold Snap","floor":4.0},{"not_picked":["Steam","Storm"],"picked":"Redo","floor":5},{"not_picked":["Fusion","Consume"],"picked":"Turbo","floor":6},{"not_picked":["Cold Snap","Fission"],"picked":"Rebound","floor":8},{"not_picked":["Hologram","Force Field"],"picked":"Streamline","floor":14}],"player_experience":299056,"relics_obtained":[{"floor":6,"key":"Pen Nib"},{"floor":8,"key":"Calipers"},{"floor":9,"key":"Ornamental Fan"}],"event_choices":[{"damage_healed":0.0,"max_hp_gain":0.0,"max_hp_loss":0.0,"gold_gain":75.0,"event_name":"World of Goop","player_choice":"Gather Gold","floor":3.0,"gold_loss":0.0,"damage_taken":11.0},{"damage_healed":0,"gold_gain":0,"player_choice":"Grow","damage_taken":0,"max_hp_gain":0,"max_hp_loss":0,"event_name":"Living Wall","floor":11,"gold_loss":0,"cards_upgraded":["Redo"]},{"damage_healed":0,"gold_gain":0,"player_choice":"Fled","damage_taken":0,"max_hp_gain":0,"max_hp_loss":0,"event_name":"Scrap Ooze","floor":13,"gold_loss":0}],"is_beta":false,"boss_relics":[],"items_purged_floors":[10],"is_endless":false,"potions_floor_spawned":[5,8],"killed_by":"Slime Boss","ascension_level":10}