{"gold_per_floor":[312,99,174,174,190,190,190,225,225,225,243,262,212,212,212,317,317,336,386,353,353,372,372,392,53,53,53,72,72,105,105,105,105],"floor_reached":33,"playtime":2200,"items_purged":[],"score":265,"play_id":"353dbcfd-7ca7-4829-b659-6826641b2fd7","local_time":"20190223230916","is_ascension_mode":false,"campfire_choices":[{"data":"Zap","floor":6.0,"key":"SMITH"},{"floor":10,"key":"REST"},{"floor":15,"key":"REST"},{"data":"Go for the Eyes","floor":23,"key":"SMITH"},{"data":"Coolheaded","floor":27,"key":"SMITH"},{"floor":29,"key":"RECALL"},{"floor":32,"key":"REST"}],"neow_cost":"NO_GOLD","seed_source_timestamp":86056394400265,"circlet_count":0,"master_deck":["Strike_B","Strike_B","Strike_B","Defend_B","Defend_B","Defend_B","Defend_B+1","Zap+1","Dualcast+1","Coolheaded+1","Chill+1","Coolheaded","Go for the Eyes+1","Machine Learning","Undo","Rip and Tear","Double Energy","Loop+1"],"special_seed":0,"relics":["FrozenCore","Old Coin","Bronze Scales","WarpedTongs","Turnip","Kunai","Pen Nib","Runic Capacitor","Frozen Egg 2","War Paint"],"potions_floor_usage":[8,21,30,30,33],"damage_taken":[{"damage":1.0,"enemies":"Jaw Worm","floor":1.0,"turns":3.0},{"damage":3.0,"enemies":"2 Louse","floor":5.0,"turns":2.0},{"damage":37,"enemies":"Gremlin Nob","floor":8,"turns":5},{"damage":3,"enemies":"Small Slimes","floor":11,"turns":3},{"damage":9,"enemies":"Red Slaver","floor":12,"turns":3},{"damage":32,"enemies":"Hexaghost","floor":16,"turns":11},{"damage":9,"enemies":"Chosen","floor":18,"turns":5},{"damage":13,"enemies":"2 Thieves","floor":20,"turns":5},{"damage":0,"enemies":"Centurion and Healer","floor":21,"turns":1},{"damage":7,"enemies":"Snecko","floor":22,"turns":5},{"damage":23,"enemies":"3 Cultists","floor":24,"turns":7},{"damage":2,"enemies":"Centurion and Healer","floor":28,"turns":7},{"damage":4,"enemies":"Book of Stabbing","floor":30,"turns":6},{"damage":54,"enemies":"Automaton","floor":33,"turns":12}],"seed_played":"-3248173434560858544","potions_obtained":[{"floor":1.0,"key":"GamblersBrew"},{"floor":5.0,"key":"FocusPotion"},{"floor":11,"key":"SmokeBomb"},{"floor":22,"key":"LiquidBronze"},{"floor":28,"key":"Regen Potion"}],"is_trial":false,"path_per_floor":["M","$","?","?","M","R","?","E","T","R","M","M","?","?","R","B",null,"M","?","M","M","M","R","M","$","T","R","M","R","E","?","R","B"],"character_chosen":"DEFECT","items_purchased":["Bronze Scales","Chill","Pen Nib","Runic Capacitor"],"campfire_rested":3,"item_purchase_floors":[2,2,25,25],"current_hp_per_floor":[74,74,63,56,53,53,53,16,16,38,35,26,26,26,48,16,75,66,66,53,53,46,46,23,23,23,23,21,21,32,32,54,0],"gold":105,"neow_bonus":"ONE_RARE_RELIC","is_prod":false,"is_daily":false,"chose_seed":false,"campfire_upgraded":3,"win_rate":0,"timestamp":1550992156,"path_taken":["M","$","?","?","M","R","?","E","T","R","M","?","?","?","R","BOSS","M","?","M","?","?","R","M","$","T","R","M","R","E","?","R","BOSS"],"build_version":"2019-01-23","purchased_purges":0,"victory":false,"max_hp_per_floor":[75,75,75,75,75,75,75,75,75,75,75,75,75,75,75,75,75,75,75,75,75,75,75,75,75,75,75,75,75,75,75,75,75],"card_choices":[{"not_picked":["Steam Power","Hologram"],"picked":"Coolheaded","floor":1.0},{"not_picked":["Barrage","Stack","Hologram"],"picked":"SKIP","floor":5.0},{"not_picked":["Hologram","Darkness"],"picked":"Coolheaded","floor":8},{"not_picked":["Leap","Barrage","Darkness"],"picked":"SKIP","floor":11},{"not_picked":["Melter","Streamline"],"picked":"Go for the Eyes","floor":12},{"not_picked":["Rainbow","All For One"],"picked":"Machine Learning","floor":16},{"not_picked":["Gash+1","Rebound"],"picked":"Undo","floor":18},{"not_picked":["Leap","Stack"],"picked":"Rip and Tear","floor":20},{"not_picked":["Blizzard+1","Gash+1"],"picked":"Double Energy","floor":22},{"not_picked":["Compile Driver","Aggregate","Gash"],"picked":"SKIP","floor":24},{"not_picked":["Redo+1","Beam Cell","Fusion"],"picked":"SKIP","floor":28},{"not_picked":["Coolheaded","Tempest"],"picked":"Loop+1","floor":30}],"player_experience":487331,"relics_obtained":[{"floor":8,"key":"Turnip"},{"floor":9,"key":"Kunai"},{"floor":26,"key":"Frozen Egg 2"},{"floor":30,"key":"War Paint"}],"event_choices":[{"damage_healed":0.0,"max_hp_gain":0.0,"max_hp_loss":0.0,"gold_gain":75.0,"event_name":"World of Goop","player_choice":"Gather Gold","floor":3.0,"gold_loss":0.0,"damage_taken":11.0},{"cards_removed":["Strike_B"],"damage_healed":0.0,"max_hp_gain":0.0,"max_hp_loss":0.0,"gold_gain":0.0,"event_name":"Golden Wing","player_choice":"Card Removal","floor":4.0,"gold_loss":0.0,"damage_taken":7.0},{"damage_healed":0.0,"max_hp_gain":0.0,"max_hp_loss":0.0,"gold_gain":0.0,"event_name":"Accursed Blacksmith","player_choice":"Rummage","floor":7.0,"gold_loss":0.0,"damage_taken":0.0,"relics_obtained":["WarpedTongs"],"cards_obtained":["Pain"]},{"cards_removed":["Pain"],"damage_healed":0,"gold_gain":0,"player_choice":"Card Removal","damage_taken":0,"max_hp_gain":0,"max_hp_loss":0,"event_name":"The Cleric","floor":13,"gold_loss":50},{"damage_healed":0,"gold_gain":0,"player_choice":"Grow","damage_taken":0,"max_hp_gain":0,"max_hp_loss":0,"event_name":"Living Wall","floor":14,"gold_loss":0,"cards_upgraded":["Dualcast"]},{"damage_healed":0,"gold_gain":100,"player_choice":"Bet on Murderer","damage_taken":0,"max_hp_gain":0,"max_hp_loss":0,"event_name":"The Joust","floor":19,"gold_loss":50},{"damage_healed":0,"gold_gain":0,"player_choice":"Ignored","damage_taken":0,"max_hp_gain":0,"max_hp_loss":0,"event_name":"N\u0027loth","floor":31,"gold_loss":0}],"is_beta":false,"boss_relics":[{"not_picked":["Coffee Dripper","Philosopher\u0027s Stone"],"picked":"FrozenCore"}],"items_purged_floors":[],"is_endless":false,"potions_floor_spawned":[1,5,11,21,22,28],"killed_by":"Automaton","ascension_level":0}