{"gold_per_floor":[111,111,131,147,422,422,453,471,498,498,512,512,92,124,124,124],"floor_reached":16,"playtime":849,"items_purged":["Regret"],"score":198,"play_id":"ca43698b-954e-40e4-bbf4-6c36d7e4dab6","local_time":"20190301002535","is_ascension_mode":true,"campfire_choices":[{"data":"Body Slam","floor":6.0,"key":"SMITH"},{"data":"Heavy Blade","floor":10,"key":"SMITH"},{"data":"Inflame","floor":12,"key":"SMITH"},{"floor":15,"key":"REST"}],"neow_cost":"TEN_PERCENT_HP_LOSS","seed_source_timestamp":166770998313852,"circlet_count":0,"master_deck":["AscendersBane","Strike_R","Strike_R","Strike_R","Strike_R","Defend_R+1","Defend_R","Defend_R+1","Defend_R","Bash","Inflame+1","Body Slam+1","Heavy Blade+1","Iron Wave","Inflame","Flame Barrier"],"special_seed":0,"relics":["Burning Blood","Mango","War Paint","Orichalcum","Champion Belt","Centennial Puzzle"],"potions_floor_usage":[8,8],"damage_taken":[{"damage":2.0,"enemies":"2 Louse","floor":1.0,"turns":3.0},{"damage":7.0,"enemies":"Small Slimes","floor":3.0,"turns":4.0},{"damage":1.0,"enemies":"Cultist","floor":4.0,"turns":4.0},{"damage":40.0,"enemies":"Lagavulin","floor":7.0,"turns":6.0},{"damage":10,"enemies":"Exordium Thugs","floor":8,"turns":3},{"damage":1,"enemies":"Large Slime","floor":11,"turns":4},{"damage":38,"enemies":"3 Sentries","floor":14,"turns":13},{"damage":39,"enemies":"Hexaghost","floor":16,"turns":9}],"seed_played":"-7549288410205068636","potions_obtained":[{"floor":1.0,"key":"Fire Potion"},{"floor":3.0,"key":"Strength Potion"}],"is_trial":false,"path_per_floor":["M","?","M","M","?","R","E","M","T","R","M","R","$","E","R","B"],"character_chosen":"IRONCLAD","items_purchased":["Champion Belt"],"campfire_rested":1,"item_purchase_floors":[13],"current_hp_per_floor":[82,75,74,79,79,79,45,41,41,41,46,46,46,14,38,0],"gold":124,"neow_bonus":"ONE_RARE_RELIC","is_prod":false,"is_daily":false,"chose_seed":false,"campfire_upgraded":3,"win_rate":0,"timestamp":1551428735,"path_taken":["M","?","M","M","?","R","E","M","T","R","?","R","$","E","R","BOSS"],"build_version":"2019-01-23","purchased_purges":1,"victory":false,"max_hp_per_floor":[82,82,82,82,82,82,82,82,82,82,82,82,82,82,82,82],"card_choices":[{"not_picked":["Thunderclap","Feel No Pain"],"picked":"Inflame","floor":1.0},{"not_picked":["Sword Boomerang","Bloodletting"],"picked":"Body Slam","floor":3.0},{"not_picked":["Wild Strike","Sword Boomerang"],"picked":"Heavy Blade","floor":4.0},{"not_picked":["Flex","Rupture"],"picked":"Iron Wave","floor":7.0},{"not_picked":["Searing Blow","Havoc"],"picked":"Inflame","floor":8},{"not_picked":["Spot Weakness","Juggernaut"],"picked":"Flame Barrier","floor":11},{"not_picked":["Rupture","Evolve","Havoc"],"picked":"SKIP","floor":14}],"player_experience":557769,"relics_obtained":[{"floor":7.0,"key":"War Paint"},{"floor":9,"key":"Orichalcum"},{"floor":14,"key":"Centennial Puzzle"}],"event_choices":[{"cards_removed":["Strike_R"],"damage_healed":0.0,"max_hp_gain":0.0,"max_hp_loss":0.0,"gold_gain":0.0,"event_name":"Golden Wing","player_choice":"Card Removal","floor":2.0,"gold_loss":0.0,"damage_taken":7.0},{"damage_healed":0.0,"max_hp_gain":0.0,"max_hp_loss":0.0,"gold_gain":275.0,"event_name":"Golden Shrine","player_choice":"Desecrate","floor":5.0,"gold_loss":0.0,"damage_taken":0.0,"cards_obtained":["Regret"]}],"is_beta":false,"boss_relics":[],"items_purged_floors":[13],"is_endless":false,"potions_floor_spawned":[1,3],"killed_by":"Hexaghost","ascension_level":16}