{"gold_per_floor":[118,118,118,135,162,162,193,193,193,222,241,269,269,103,103,181,181,191,191],"floor_reached":19,"playtime":584,"items_purged":["Strike_R"],"score":364,"play_id":"aef0340e-c8e7-4188-8a84-4d18ae4689e6","local_time":"20190125103457","is_ascension_mode":true,"campfire_choices":[{"data":"True Grit","floor":6,"key":"SMITH"},{"data":"Rampage","floor":8,"key":"SMITH"},{"data":"Inflame","floor":13,"key":"SMITH"},{"data":"Bash","floor":15,"key":"SMITH"}],"neow_cost":"NONE","seed_source_timestamp":641374478302558,"circlet_count":0,"master_deck":["AscendersBane","Strike_R","Strike_R+1","Strike_R","Defend_R","Defend_R","Defend_R+1","Defend_R","Bash+1","Rampage+1","True Grit+1","Evolve","Inflame+1","Bandage Up","Impervious","Warcry"],"relics":["Burning Blood","NeowsBlessing","Happy Flower","PreservedInsect","Sundial","Bottled Tornado","Lantern","Philosopher\u0027s Stone"],"potions_floor_usage":[12],"damage_taken":[{"damage":0,"enemies":"2 Louse","floor":1,"turns":1},{"damage":0,"enemies":"Small Slimes","floor":4,"turns":1},{"damage":0,"enemies":"Lagavulin","floor":7,"turns":2},{"damage":18,"enemies":"Gremlin Nob","floor":10,"turns":4},{"damage":2,"enemies":"Jaw Worm","floor":11,"turns":4},{"damage":2,"enemies":"3 Sentries","floor":12,"turns":6},{"damage":15,"enemies":"Hexaghost","floor":16,"turns":8},{"damage":58,"enemies":"3 Byrds","floor":18,"turns":7},{"damage":0,"enemies":"2 Thieves","floor":19,"turns":1}],"seed_played":"-9060241330013556999","potions_obtained":[{"floor":7,"key":"Weak Potion"},{"floor":11,"key":"SpeedPotion"},{"floor":12,"key":"Ancient Potion"}],"is_trial":false,"path_per_floor":["M","?","?","M","T","R","E","R","T","E","M","E","R","$","R","B",null,"M","M"],"character_chosen":"IRONCLAD","items_purchased":["Bandage Up"],"campfire_rested":0,"item_purchase_floors":[14],"current_hp_per_floor":[74,51,51,57,57,57,63,63,63,51,55,59,59,59,59,54,70,22,26],"gold":191,"neow_bonus":"THREE_ENEMY_KILL","is_prod":false,"is_daily":false,"chose_seed":false,"campfire_upgraded":4,"win_rate":0,"timestamp":1548430497,"path_taken":["M","?","?","M","?","R","E","R","T","E","?","E","R","$","R","BOSS","M","M"],"build_version":"2019-01-23","purchased_purges":1,"victory":false,"max_hp_per_floor":[75,75,75,75,75,75,75,75,75,75,75,75,75,75,75,75,75,75,75],"card_choices":[{"not_picked":["Body Slam","Headbutt"],"picked":"Rampage","floor":1},{"not_picked":["Seeing Red","Iron Wave"],"picked":"True Grit","floor":4},{"not_picked":["Entrench","Body Slam"],"picked":"Evolve","floor":7},{"not_picked":["Sword Boomerang","Twin Strike","Intimidate"],"picked":"SKIP","floor":10},{"not_picked":["Body Slam","Sword Boomerang","Clothesline"],"picked":"SKIP","floor":11},{"not_picked":["Perfected Strike","Sword Boomerang"],"picked":"Inflame","floor":12},{"not_picked":["Dark Embrace","Offering"],"picked":"Impervious","floor":16},{"not_picked":["Carnage","Perfected Strike"],"picked":"Warcry","floor":18}],"player_experience":434711,"relics_obtained":[{"floor":5,"key":"Happy Flower"},{"floor":7,"key":"PreservedInsect"},{"floor":9,"key":"Sundial"},{"floor":10,"key":"Bottled Tornado"},{"floor":12,"key":"Lantern"}],"event_choices":[{"damage_healed":0,"gold_gain":0,"player_choice":"Entered Light","damage_taken":23,"max_hp_gain":0,"max_hp_loss":0,"event_name":"Shining Light","floor":2,"gold_loss":0,"cards_upgraded":["Defend_R","Strike_R"]},{"cards_removed":["Strike_R"],"damage_healed":0,"gold_gain":0,"player_choice":"Forget","damage_taken":0,"max_hp_gain":0,"max_hp_loss":0,"event_name":"Living Wall","floor":3,"gold_loss":0}],"is_beta":false,"boss_relics":[{"not_picked":["Ectoplasm","Orrery"],"picked":"Philosopher\u0027s Stone"}],"items_purged_floors":[14],"is_endless":false,"potions_floor_spawned":[7,11,12,16],"killed_by":"2 Thieves","ascension_level":15}