{"gold_per_floor":[115,115,28,44,60,60,79,79,159,187,187,205,233,249,249,323,373,390,405,32,32,32,32,47,47,74,86,86,105,119,34,34,34],"floor_reached":33,"playtime":1698,"items_purged":[],"score":411,"play_id":"72922545-6d45-44c9-9162-98ece2337902","local_time":"20190223113928","is_ascension_mode":true,"campfire_choices":[{"data":"Zap","floor":6.0,"key":"SMITH"},{"data":"Dualcast","floor":8.0,"key":"SMITH"},{"data":"Sunder","floor":11.0,"key":"SMITH"},{"floor":15.0,"key":"REST"},{"data":"Creative AI","floor":23.0,"key":"SMITH"},{"data":"Consume","floor":25.0,"key":"SMITH"},{"floor":32,"key":"REST"}],"neow_cost":"NONE","seed_source_timestamp":60816272325484,"circlet_count":0,"master_deck":["AscendersBane","Strike_B+1","Strike_B+1","Strike_B+1","Defend_B+1","Defend_B+1","Defend_B+1","Defend_B+1","Zap+1","Dualcast+1","Creative AI+1","Sunder+1","Flash of Steel","Go for the Eyes","Conserve Battery","Consume+1","Echo Form","Cold Snap","Glacier","Cold Snap","Capacitor","Buffer"],"special_seed":0,"relics":["Cracked Core","Kunai","Smiling Mask","Odd Mushroom","Tiny House","Emotion Chip","Bottled Lightning","Happy Flower","Matryoshka"],"potions_floor_usage":[30],"damage_taken":[{"damage":1.0,"enemies":"2 Louse","floor":1.0,"turns":2.0},{"damage":0.0,"enemies":"Cultist","floor":4.0,"turns":5.0},{"damage":3.0,"enemies":"Small Slimes","floor":5.0,"turns":3.0},{"damage":8.0,"enemies":"Blue Slaver","floor":7.0,"turns":3.0},{"damage":26.0,"enemies":"3 Sentries","floor":10.0,"turns":7.0},{"damage":4.0,"enemies":"Exordium Wildlife","floor":12.0,"turns":3.0},{"damage":12.0,"enemies":"The Mushroom Lair","floor":13.0,"turns":4.0},{"damage":0.0,"enemies":"3 Louse","floor":14.0,"turns":3.0},{"damage":22.0,"enemies":"Hexaghost","floor":16.0,"turns":9.0},{"damage":23.0,"enemies":"2 Thieves","floor":18.0,"turns":4.0},{"damage":0.0,"enemies":"Spheric Guardian","floor":19.0,"turns":3.0},{"damage":2.0,"enemies":"Centurion and Healer","floor":24.0,"turns":10.0},{"damage":20.0,"enemies":"Snake Plant","floor":27.0,"turns":5.0},{"damage":15.0,"enemies":"Sentry and Sphere","floor":29.0,"turns":9.0},{"damage":3,"enemies":"3 Cultists","floor":30,"turns":6},{"damage":45,"enemies":"Collector","floor":33,"turns":3}],"seed_played":"-5138892584208554233","potions_obtained":[{"floor":1.0,"key":"Poison Potion"},{"floor":10.0,"key":"Block Potion"},{"floor":13.0,"key":"AttackPotion"},{"floor":17.0,"key":"Poison Potion"},{"floor":19.0,"key":"Swift Potion"},{"floor":27.0,"key":"Energy Potion"},{"floor":29.0,"key":"Poison Potion"}],"is_trial":false,"path_per_floor":["M","?","$","M","M","R","M","R","T","E","R","M","?","M","R","B",null,"M","M","$","?","T","R","M","R","T","M","$","M","M","?","R","B"],"character_chosen":"DEFECT","items_purchased":["Flash of Steel","Capacitor","Emotion Chip"],"campfire_rested":2,"item_purchase_floors":[3,20,20],"current_hp_per_floor":[67,67,67,67,64,64,56,56,56,30,30,26,14,14,36,14,65,42,42,42,42,42,42,40,40,40,20,20,5,2,2,26,0],"gold":34,"neow_bonus":"ONE_RANDOM_RARE_CARD","is_prod":false,"is_daily":false,"chose_seed":false,"campfire_upgraded":5,"win_rate":0,"timestamp":1550950768,"path_taken":["M","?","?","M","M","R","M","R","T","E","R","M","?","M","R","BOSS","M","M","$","?","?","R","M","R","T","M","?","M","M","?","R","BOSS"],"build_version":"2019-01-23","purchased_purges":0,"victory":false,"max_hp_per_floor":[75,75,75,75,75,75,75,75,75,75,75,75,75,75,75,75,80,80,80,80,80,80,80,80,80,80,80,80,80,80,80,80,80],"card_choices":[{"not_picked":["Fusion","Rip and Tear","Stack"],"picked":"SKIP","floor":1.0},{"not_picked":["Aggregate","Streamline","Turbo"],"picked":"SKIP","floor":4.0},{"not_picked":["Undo","Redo"],"picked":"Go for the Eyes","floor":5.0},{"not_picked":["Leap","Reinforced Body"],"picked":"Conserve Battery","floor":7.0},{"not_picked":["Rebound","Aggregate"],"picked":"Consume","floor":10.0},{"not_picked":["Compile Driver","Go for the Eyes","Leap"],"picked":"SKIP","floor":12.0},{"not_picked":["Rebound","Skim","Steam Power"],"picked":"SKIP","floor":14.0},{"not_picked":["Rainbow","Fission"],"picked":"Echo Form","floor":16.0},{"not_picked":["FTL","Chaos"],"picked":"Cold Snap","floor":17.0},{"not_picked":["Sweeping Beam","Go for the Eyes"],"picked":"Glacier","floor":18.0},{"not_picked":["Steam Power","Skim"],"picked":"Cold Snap","floor":19.0},{"not_picked":["Steam","Chaos","Go for the Eyes"],"picked":"SKIP","floor":24.0},{"not_picked":["Compile Driver","Steam","Ball Lightning"],"picked":"SKIP","floor":27.0},{"not_picked":["Hologram","Gash","Hello World"],"picked":"SKIP","floor":29.0},{"not_picked":["Recycle","Darkness"],"picked":"Buffer","floor":30}],"player_experience":482569,"relics_obtained":[{"floor":9.0,"key":"Kunai"},{"floor":10.0,"key":"Smiling Mask"},{"floor":13.0,"key":"Odd Mushroom"},{"floor":22.0,"key":"Bottled Lightning"},{"floor":26.0,"key":"Happy Flower"}],"event_choices":[{"damage_healed":0.0,"max_hp_gain":0.0,"max_hp_loss":0.0,"gold_gain":0.0,"cards_transformed":["Strike_B"],"event_name":"Transmorgrifier","player_choice":"Transformed","floor":2.0,"gold_loss":0.0,"damage_taken":0.0,"cards_obtained":["Sunder"]},{"damage_healed":0.0,"max_hp_gain":0.0,"max_hp_loss":0.0,"gold_gain":0.0,"event_name":"Mushrooms","player_choice":"Fought Mushrooms","floor":13.0,"gold_loss":0.0,"damage_taken":0.0},{"damage_healed":0.0,"max_hp_gain":0.0,"max_hp_loss":0.0,"gold_gain":0.0,"event_name":"Back to Basics","player_choice":"Simplicity","floor":21.0,"gold_loss":0.0,"damage_taken":0.0,"cards_upgraded":["Strike_B","Strike_B","Defend_B","Defend_B","Defend_B","Defend_B"]},{"damage_healed":0,"gold_gain":0,"player_choice":"Obtained Relic","damage_taken":0,"relics_obtained":["Matryoshka"],"max_hp_gain":0,"max_hp_loss":0,"event_name":"Addict","floor":31,"gold_loss":85}],"is_beta":false,"boss_relics":[{"not_picked":["Snecko Eye","Calling Bell"],"picked":"Tiny House"}],"items_purged_floors":[],"is_endless":false,"potions_floor_spawned":[1,10,13,19,27,29],"killed_by":"Collector","ascension_level":13}