{"gold_per_floor":[117,117,192,210,225,225,235,235,235,13,13,40,40,40,40,140,140,150,168,168,93,105,105],"floor_reached":23,"playtime":784,"items_purged":["Strike_B"],"score":227,"play_id":"a1977a5c-baff-4e88-9a5b-750d159024fe","local_time":"20190208092108","is_ascension_mode":true,"campfire_choices":[{"data":"Zap","floor":6,"key":"SMITH"},{"data":"Reinforced Body","floor":8,"key":"SMITH"},{"floor":13,"key":"RECALL"},{"data":"Dualcast","floor":15,"key":"SMITH"}],"neow_cost":"NONE","seed_source_timestamp":2457500458894112,"circlet_count":0,"master_deck":["Strike_B+1","Strike_B+1","Strike_B","Defend_B","Defend_B","Defend_B","Defend_B","Zap+1","Dualcast+1","Defragment+1","Reinforced Body+1","Capacitor","Conserve Battery","Creative AI","Cold Snap"],"relics":["Cracked Core","NeowsBlessing","DataDisk","Whetstone","Emotion Chip","Anchor","Cursed Key"],"potions_floor_usage":[16,18],"damage_taken":[{"damage":0,"enemies":"Small Slimes","floor":1,"turns":1},{"damage":0,"enemies":"Jaw Worm","floor":4,"turns":1},{"damage":0,"enemies":"Cultist","floor":5,"turns":1},{"damage":0,"enemies":"Blue Slaver","floor":7,"turns":6},{"damage":17,"enemies":"Lagavulin","floor":12,"turns":5},{"damage":11,"enemies":"Slime Boss","floor":16,"turns":4},{"damage":22,"enemies":"2 Thieves","floor":18,"turns":4},{"damage":25,"enemies":"Shell Parasite","floor":19,"turns":5},{"damage":23,"enemies":"3 Cultists","floor":22,"turns":7},{"damage":9,"enemies":"Book of Stabbing","floor":23,"turns":2}],"seed_played":"6960393893926259016","potions_obtained":[{"floor":1,"key":"LiquidBronze"},{"floor":4,"key":"Explosive Potion"},{"floor":5,"key":"AttackPotion"},{"floor":18,"key":"LiquidBronze"}],"is_trial":false,"path_per_floor":["M","?","?","M","M","R","M","R","T","$","T","E","R","?","R","B",null,"M","M","?","$","M","E"],"character_chosen":"DEFECT","items_purchased":["DataDisk","Capacitor"],"campfire_rested":0,"item_purchase_floors":[10,10],"current_hp_per_floor":[75,75,64,64,64,64,64,64,64,64,64,47,47,40,40,29,75,53,28,28,28,5,0],"gold":105,"neow_bonus":"THREE_ENEMY_KILL","is_prod":false,"is_daily":false,"chose_seed":false,"campfire_upgraded":3,"win_rate":0,"timestamp":1549646468,"path_taken":["M","?","?","M","?","R","M","R","T","$","?","E","R","?","R","BOSS","M","M","?","$","M","E"],"build_version":"2019-01-23","purchased_purges":1,"victory":false,"max_hp_per_floor":[75,75,75,75,75,75,75,75,75,75,75,75,75,75,75,75,75,75,75,75,75,75,75],"card_choices":[{"not_picked":["Genetic Algorithm","Double Energy"],"picked":"Defragment","floor":1},{"not_picked":["Stack","Scrape"],"picked":"Reinforced Body","floor":4},{"not_picked":["Compile Driver","Darkness","Fusion"],"picked":"SKIP","floor":5},{"not_picked":["Redo","Gash","Hello World"],"picked":"SKIP","floor":7},{"not_picked":["Ball Lightning","Force Field"],"picked":"Conserve Battery","floor":12},{"not_picked":["Core Surge","Meteor Strike"],"picked":"Creative AI","floor":16},{"not_picked":["Coolheaded","Redo+1","Sweeping Beam+1"],"picked":"SKIP","floor":18},{"not_picked":["Undo","Static Discharge"],"picked":"Cold Snap","floor":19},{"not_picked":["Redo","Beam Cell","Compile Driver"],"picked":"SKIP","floor":22}],"player_experience":294129,"relics_obtained":[{"floor":11,"key":"Whetstone"},{"floor":12,"key":"Emotion Chip"}],"event_choices":[{"damage_healed":0,"gold_gain":0,"player_choice":"Grow","damage_taken":0,"max_hp_gain":0,"max_hp_loss":0,"event_name":"Living Wall","floor":2,"gold_loss":0,"cards_upgraded":["Defragment"]},{"damage_healed":0,"gold_gain":75,"player_choice":"Gather Gold","damage_taken":11,"max_hp_gain":0,"max_hp_loss":0,"event_name":"World of Goop","floor":3,"gold_loss":0},{"damage_healed":0,"gold_gain":0,"player_choice":"Success","damage_taken":7,"relics_obtained":["Anchor"],"max_hp_gain":0,"max_hp_loss":0,"event_name":"Scrap Ooze","floor":14,"gold_loss":0},{"damage_healed":0,"gold_gain":0,"player_choice":"Bought 0 Potions","damage_taken":0,"max_hp_gain":0,"max_hp_loss":0,"event_name":"The Woman in Blue","floor":20,"gold_loss":0}],"is_beta":false,"boss_relics":[{"not_picked":["Velvet Choker","White Beast Statue"],"picked":"Cursed Key"}],"items_purged_floors":[21],"is_endless":false,"potions_floor_spawned":[1,4,5,18],"killed_by":"Book of Stabbing","ascension_level":4}