{"gold_per_floor":[112,62,10,10,10,43,4,45,68,68,68,108,128,168,168,292,292,315,33,47,47,72,72],"floor_reached":23,"playtime":943,"items_purged":["Strike_B"],"score":488,"play_id":"330b0d8e-2794-411f-8029-0abd5c648609","local_time":"20190129153428","is_ascension_mode":true,"campfire_choices":[{"data":"Zap","floor":11,"key":"SMITH"},{"data":"Machine Learning","floor":15,"key":"SMITH"}],"neow_cost":"NONE","seed_source_timestamp":1004632116343001,"circlet_count":0,"master_deck":["AscendersBane","Defend_B","Defend_B","Defend_B","Defend_B","Zap+1","Dualcast+1","Leap","Conserve Battery","Rip and Tear","Storm","Genetic Algorithm+1","Multi-Cast+1","Machine Learning+1","Cold Snap","Steam+1","Multi-Cast+1","BootSequence+1","Storm","Coolheaded+1"],"relics":["Cracked Core","NeowsBlessing","Golden Idol","Bag of Preparation","Toxic Egg 2","War Paint","Gremlin Horn","Bottled Tornado","Singing Bowl","Fusion Hammer","Toy Ornithopter"],"potions_floor_usage":[14,20,22],"damage_taken":[{"damage":0,"enemies":"2 Louse","floor":1,"turns":1},{"damage":0,"enemies":"3 Sentries","floor":6,"turns":1},{"damage":0,"enemies":"Lagavulin","floor":8,"turns":1},{"damage":23,"enemies":"3 Sentries","floor":12,"turns":6},{"damage":0,"enemies":"Small Slimes","floor":13,"turns":3},{"damage":7,"enemies":"Gremlin Nob","floor":14,"turns":3},{"damage":0,"enemies":"The Guardian","floor":16,"turns":15},{"damage":17,"enemies":"Spheric Guardian","floor":18,"turns":5},{"damage":0,"enemies":"Chosen","floor":20,"turns":3},{"damage":26,"enemies":"3 Cultists","floor":22,"turns":7},{"damage":6,"enemies":"Gremlin Leader","floor":23,"turns":3}],"seed_played":"7155982388063296523","potions_obtained":[{"floor":6,"key":"Strength Potion"},{"floor":8,"key":"FearPotion"},{"floor":14,"key":"SpeedPotion"},{"floor":18,"key":"Weak Potion"}],"is_trial":false,"path_per_floor":["M","?","$","?","?","E","$","E","T","?","R","E","M","E","R","B",null,"M","$","M","?","M","E"],"character_chosen":"DEFECT","items_purchased":["Conserve Battery","Genetic Algorithm","Toy Ornithopter"],"campfire_rested":0,"item_purchase_floors":[3,7,19],"current_hp_per_floor":[68,68,68,68,68,68,68,68,68,68,68,45,45,38,38,38,61,44,44,49,49,28,22],"gold":72,"neow_bonus":"THREE_ENEMY_KILL","is_prod":false,"is_daily":false,"chose_seed":false,"campfire_upgraded":2,"win_rate":0,"timestamp":1548794068,"path_taken":["M","?","$","?","?","E","?","E","T","?","R","E","M","E","R","BOSS","M","$","M","?","?","E"],"build_version":"2019-01-23","purchased_purges":1,"victory":false,"max_hp_per_floor":[75,75,75,69,69,69,69,69,69,69,69,69,69,69,69,69,69,69,69,69,69,69,69],"card_choices":[{"not_picked":["Turbo","Force Field"],"picked":"Leap","floor":1},{"not_picked":["Go for the Eyes","Meteor Strike"],"picked":"Storm","floor":6},{"not_picked":["Coolheaded","Conserve Battery"],"picked":"Multi-Cast","floor":8},{"not_picked":["Scrape","Stack+1"],"picked":"Machine Learning","floor":12},{"not_picked":["Barrage","Doom and Gloom"],"picked":"Cold Snap","floor":13},{"not_picked":["Aggregate+1","Chaos+1"],"picked":"Steam+1","floor":14},{"not_picked":["Thunder Strike","Hyperbeam"],"picked":"Multi-Cast+1","floor":16},{"not_picked":["Ball Lightning","Streamline"],"picked":"BootSequence+1","floor":18},{"not_picked":["Conserve Battery+1","Redo+1"],"picked":"Storm","floor":20},{"not_picked":["Beam Cell","Lockon"],"picked":"Coolheaded+1","floor":22}],"player_experience":540743,"relics_obtained":[{"floor":6,"key":"Bag of Preparation"},{"floor":8,"key":"Toxic Egg 2"},{"floor":9,"key":"War Paint"},{"floor":12,"key":"Bottled Tornado"},{"floor":14,"key":"Singing Bowl"}],"event_choices":[{"cards_removed":["Strike_B"],"damage_healed":0,"gold_gain":0,"player_choice":"Card Removal","damage_taken":0,"max_hp_gain":0,"max_hp_loss":0,"event_name":"The Cleric","floor":2,"gold_loss":50},{"damage_healed":0,"gold_gain":0,"player_choice":"Lose Max HP","damage_taken":0,"relics_obtained":["Golden Idol"],"max_hp_gain":0,"max_hp_loss":6,"event_name":"Golden Idol","floor":4,"gold_loss":0},{"damage_healed":0,"gold_gain":0,"cards_transformed":["Strike_B"],"player_choice":"Change","damage_taken":0,"max_hp_gain":0,"max_hp_loss":0,"event_name":"Living Wall","floor":5,"gold_loss":0,"cards_obtained":["Rip and Tear"]},{"damage_healed":0,"gold_gain":0,"player_choice":"Gave Potion","damage_taken":0,"relics_obtained":["Gremlin Horn"],"max_hp_gain":0,"max_hp_loss":0,"event_name":"WeMeetAgain","floor":10,"gold_loss":0},{"cards_removed":["Strike_B"],"damage_healed":0,"gold_gain":0,"player_choice":"Purged","damage_taken":0,"max_hp_gain":0,"max_hp_loss":0,"event_name":"Purifier","floor":21,"gold_loss":0}],"is_beta":false,"boss_relics":[{"not_picked":["Lizard Tail","Runic Pyramid"],"picked":"Fusion Hammer"}],"items_purged_floors":[19],"is_endless":false,"potions_floor_spawned":[6,8,14,18],"killed_by":"Gremlin Leader","ascension_level":11}