{"gold_per_floor":[110,129,99,24,24,82,99,99,123,143,143,43,43,43,43,142,142,157,172,172,87,19,19,19],"floor_reached":24,"playtime":747,"items_purged":["Defend_B","Strike_B"],"score":307,"play_id":"685c4ef0-0a3d-49d0-bdac-a384c2f2e60c","local_time":"20190201102930","is_ascension_mode":true,"campfire_choices":[{"data":"Darkness","floor":8,"key":"SMITH"},{"floor":11,"key":"REST"},{"data":"Loop","floor":13,"key":"SMITH"},{"data":"Zap","floor":15,"key":"SMITH"},{"floor":23,"key":"REST"}],"neow_cost":"PERCENT_DAMAGE","seed_source_timestamp":1245753426285202,"circlet_count":0,"master_deck":["AscendersBane","Strike_B+1","Defend_B","Defend_B","Defend_B","Zap+1","Dualcast","Loop+1","Leap","Darkness+1","Cold Snap+1","Auto Shields","Biased Cognition","Self Repair","Defragment","Decay","BootSequence"],"relics":["Cracked Core","Tiny Chest","Whetstone","Juzu Bracelet","Philosopher\u0027s Stone","Strawberry"],"potions_floor_usage":[],"damage_taken":[{"damage":2,"enemies":"Jaw Worm","floor":1,"turns":4},{"damage":0,"enemies":"Cultist","floor":2,"turns":3},{"damage":32,"enemies":"Lagavulin","floor":6,"turns":8},{"damage":1,"enemies":"2 Louse","floor":7,"turns":3},{"damage":9,"enemies":"Blue Slaver","floor":10,"turns":5},{"damage":11,"enemies":"The Guardian","floor":16,"turns":8},{"damage":13,"enemies":"Spheric Guardian","floor":18,"turns":5},{"damage":29,"enemies":"2 Thieves","floor":19,"turns":4},{"damage":85,"enemies":"Gremlin Leader","floor":24,"turns":7}],"seed_played":"7960175410153867387","potions_obtained":[{"floor":3,"key":"FairyPotion"},{"floor":3,"key":"SneckoOil"},{"floor":6,"key":"Energy Potion"}],"is_trial":false,"path_per_floor":["M","M","?","$","$","E","M","R","T","M","R","$","R","T","R","B",null,"M","M","?","?","$","R","E"],"character_chosen":"DEFECT","items_purchased":["BootSequence"],"campfire_rested":2,"item_purchase_floors":[22],"current_hp_per_floor":[48,48,48,48,48,16,15,15,15,6,28,28,28,28,28,17,61,48,26,26,33,33,57,0],"gold":19,"neow_bonus":"REMOVE_TWO","is_prod":false,"is_daily":false,"chose_seed":false,"campfire_upgraded":3,"win_rate":0,"timestamp":1549034970,"path_taken":["M","M","?","?","$","E","M","R","T","?","R","$","R","?","R","BOSS","M","M","?","?","$","R","E"],"build_version":"2019-01-23","purchased_purges":2,"victory":false,"max_hp_per_floor":[75,75,75,75,75,75,75,75,75,75,75,75,75,75,75,75,75,75,75,75,82,82,82,82],"card_choices":[{"not_picked":["Barrage","Stack"],"picked":"Loop","floor":1},{"not_picked":["Sweeping Beam","Compile Driver"],"picked":"Leap","floor":2},{"not_picked":["Ball Lightning","Sweeping Beam"],"picked":"Darkness","floor":6},{"not_picked":["Lockon","Double Energy"],"picked":"Cold Snap","floor":7},{"not_picked":["Blizzard","Beam Cell"],"picked":"Auto Shields","floor":10},{"not_picked":["Buffer","Core Surge"],"picked":"Biased Cognition","floor":16},{"not_picked":["Sweeping Beam","Leap"],"picked":"Self Repair","floor":18},{"not_picked":["Gash","Rebound"],"picked":"Defragment","floor":19}],"player_experience":619067,"relics_obtained":[{"floor":6,"key":"Tiny Chest"},{"floor":9,"key":"Whetstone"},{"floor":14,"key":"Juzu Bracelet"}],"event_choices":[{"damage_healed":0,"gold_gain":0,"player_choice":"Bought 2 Potions","damage_taken":0,"max_hp_gain":0,"max_hp_loss":0,"event_name":"The Woman in Blue","floor":3,"gold_loss":0},{"damage_healed":0,"gold_gain":0,"player_choice":"Smashed Altar","damage_taken":0,"max_hp_gain":0,"max_hp_loss":0,"event_name":"Forgotten Altar","floor":20,"gold_loss":0,"cards_obtained":["Decay"]},{"damage_healed":0,"gold_gain":0,"player_choice":"Obtained Relic","damage_taken":0,"relics_obtained":["Strawberry"],"max_hp_gain":0,"max_hp_loss":0,"event_name":"Addict","floor":21,"gold_loss":85}],"is_beta":false,"boss_relics":[{"not_picked":["Lizard Tail","Coffee Dripper"],"picked":"Philosopher\u0027s Stone"}],"items_purged_floors":[4,12],"is_endless":false,"potions_floor_spawned":[6,10],"killed_by":"Gremlin Leader","ascension_level":12}