{"gold_per_floor":[112,112,112,122,47,73,73,90,90,100,0,15,27,37,37,132,132,148,161,70,80,97,97,117,117,117,132,149,149],"floor_reached":29,"playtime":2545,"items_purged":["Strike_G","Defend_G"],"score":233,"play_id":"6c3d23d2-df54-4a71-b6fe-0eba4cc3076a","local_time":"20181013151030","is_ascension_mode":false,"campfire_choices":[{"data":"Calculated Gamble","floor":7,"key":"SMITH"},{"data":"Neutralize","floor":15,"key":"SMITH"},{"floor":23,"key":"REST"},{"data":"Tools of the Trade","floor":25,"key":"SMITH"}],"neow_cost":"NONE","seed_source_timestamp":340116628125265,"circlet_count":0,"master_deck":["Defend_G","Defend_G","Defend_G","Defend_G","Strike_G","Survivor","Neutralize+1","Dagger Throw","Malaise","Dash","Calculated Gamble+1","Predator","Predator","Acrobatics","Dagger Throw","Dash","Tools of the Trade+1","Tactician+1","Riddle With Holes","PanicButton","Flying Knee+1","Eviscerate","Escape Plan","Cloak And Dagger","Escape Plan+1"],"relics":["Sozu","Bottled Flame","Boot","Empty Cage","Pen Nib"],"potions_floor_usage":[],"damage_taken":[{"damage":3,"enemies":"Jaw Worm","floor":1,"turns":4},{"damage":1,"enemies":"Cultist","floor":4,"turns":4},{"damage":1,"enemies":"Lagavulin","floor":6,"turns":9},{"damage":0,"enemies":"Small Slimes","floor":8,"turns":3},{"damage":2,"enemies":"Blue Slaver","floor":10,"turns":3},{"damage":0,"enemies":"2 Fungi Beasts","floor":12,"turns":2},{"damage":17,"enemies":"Gremlin Gang","floor":13,"turns":3},{"damage":1,"enemies":"Exordium Wildlife","floor":14,"turns":2},{"damage":3,"enemies":"Hexaghost","floor":16,"turns":11},{"damage":4,"enemies":"Spheric Guardian","floor":18,"turns":4},{"damage":12,"enemies":"Shell Parasite","floor":19,"turns":4},{"damage":6,"enemies":"Cultist and Chosen","floor":21,"turns":8},{"damage":22,"enemies":"Centurion and Healer","floor":22,"turns":6},{"damage":9,"enemies":"3 Cultists","floor":24,"turns":6},{"damage":23,"enemies":"Shelled Parasite and Fungi","floor":27,"turns":5},{"damage":12,"enemies":"Chosen and Byrds","floor":28,"turns":4},{"damage":0,"enemies":"Centurion and Healer","floor":29,"turns":1}],"seed_played":"6907407582408611293","potions_obtained":[],"is_trial":false,"path_per_floor":["M","?","?","M","$","E","R","M","T","M","$","M","M","M","R","B",null,"M","M","$","M","M","R","M","R","T","M","M"],"character_chosen":"THE_SILENT","items_purchased":["PanicButton"],"campfire_rested":1,"item_purchase_floors":[20],"current_hp_per_floor":[67,67,67,66,66,65,65,65,65,63,63,63,46,45,45,42,70,66,54,54,48,26,47,38,38,38,15,3,3],"gold":149,"neow_bonus":"BOSS_RELIC","is_prod":false,"is_daily":false,"chose_seed":false,"campfire_upgraded":3,"win_rate":0,"timestamp":1539457830,"path_taken":["M","?","?","M","$","E","R","M","T","M","$","M","M","M","R","BOSS","M","M","?","M","M","R","?","R","T","?","M","M"],"build_version":"2018-10-11","purchased_purges":2,"victory":false,"max_hp_per_floor":[70,70,70,70,70,70,70,70,70,70,70,70,70,70,70,70,70,70,70,70,70,70,70,70,70,70,70,70,70],"card_choices":[{"not_picked":["Cloak And Dagger","Infinite Blades"],"picked":"Dagger Throw","floor":1},{"not_picked":["Poisoned Stab","Cloak And Dagger"],"picked":"Dash","floor":4},{"not_picked":["Flying Knee","Masterful Stab"],"picked":"Calculated Gamble","floor":6},{"not_picked":["Expertise","Finisher"],"picked":"Predator","floor":8},{"not_picked":["Dodge and Roll","Expertise"],"picked":"Predator","floor":10},{"not_picked":["Deflect","Dodge and Roll"],"picked":"Acrobatics","floor":12},{"not_picked":["Deflect","Dodge and Roll"],"picked":"Dagger Throw","floor":13},{"not_picked":["Poisoned Stab","Bouncing Flask"],"picked":"Dash","floor":14},{"not_picked":["Wraith Form v2","Adrenaline"],"picked":"Tools of the Trade","floor":16},{"not_picked":["Predator","Acrobatics"],"picked":"Tactician+1","floor":18},{"not_picked":["Poisoned Stab","Deadly Poison"],"picked":"Riddle With Holes","floor":19},{"not_picked":["Deadly Poison+1","Sucker Punch+1"],"picked":"Flying Knee+1","floor":21},{"not_picked":["Sucker Punch+1","Malaise"],"picked":"Eviscerate","floor":22},{"not_picked":["Noxious Fumes","Choke"],"picked":"Escape Plan","floor":24},{"not_picked":["Acrobatics+1","Choke+1"],"picked":"Cloak And Dagger","floor":27},{"not_picked":["Dash","PiercingWail"],"picked":"Escape Plan+1","floor":28}],"player_experience":124744,"relics_obtained":[{"floor":6,"key":"Bottled Flame"},{"floor":9,"key":"Boot"},{"floor":26,"key":"Pen Nib"}],"event_choices":[{"event_name":"Transmorgrifier","player_choice":"Transform","floor":2,"damage_taken":0},{"event_name":"The Lab","player_choice":"Got Potions","floor":3,"damage_taken":0}],"is_beta":false,"boss_relics":[{"not_picked":["WristBlade","Eternal Feather"],"picked":"Empty Cage"}],"items_purged_floors":[5,11],"is_endless":false,"potions_floor_spawned":[4,12,13,16,18,21,27],"killed_by":"Centurion and Healer","ascension_level":0}