{"gold_per_floor":[16,34,50,50,125,159,159,159,209,209,226,151,151,183,183,183],"floor_reached":16,"playtime":471,"items_purged":["Regret"],"score":189,"play_id":"eed39ba2-566a-44dc-8832-6017f0332820","local_time":"20190125165947","is_ascension_mode":true,"campfire_choices":[{"floor":8,"key":"REST"},{"data":"Perfected Strike","floor":10,"key":"SMITH"},{"floor":13,"key":"REST"},{"floor":15,"key":"REST"}],"neow_cost":"NO_GOLD","seed_source_timestamp":664548136717794,"circlet_count":0,"master_deck":["AscendersBane","Strike_R","Strike_R","Strike_R","Strike_R","Strike_R","Defend_R","Defend_R+1","Defend_R+1","Defend_R","Bash","Impatience","Panacea","Thunderclap","Twin Strike","Perfected Strike+1","Offering+1","Perfected Strike","Pommel Strike"],"relics":["Burning Blood","Bag of Preparation","Toxic Egg 2","War Paint","Calipers"],"potions_floor_usage":[6,16],"damage_taken":[{"damage":9,"enemies":"Jaw Worm","floor":1,"turns":5},{"damage":9,"enemies":"2 Louse","floor":2,"turns":3},{"damage":0,"enemies":"Small Slimes","floor":3,"turns":3},{"damage":54,"enemies":"3 Sentries","floor":6,"turns":9},{"damage":23,"enemies":"Exordium Thugs","floor":11,"turns":5},{"damage":33,"enemies":"Lagavulin","floor":14,"turns":4},{"damage":35,"enemies":"The Guardian","floor":16,"turns":4}],"seed_played":"1587844627585035662","potions_obtained":[{"floor":2,"key":"Weak Potion"},{"floor":6,"key":"Swift Potion"}],"is_trial":false,"path_per_floor":["M","M","M","?","?","E","?","R","T","R","M","$","R","E","R","B"],"character_chosen":"IRONCLAD","items_purchased":[],"campfire_rested":3,"item_purchase_floors":[],"current_hp_per_floor":[65,62,68,68,57,9,9,31,31,31,14,14,36,9,31,0],"gold":183,"neow_bonus":"RANDOM_COLORLESS_2","is_prod":false,"is_daily":false,"chose_seed":false,"campfire_upgraded":1,"win_rate":0,"timestamp":1548453587,"path_taken":["M","M","M","?","?","E","?","R","T","R","?","$","R","E","R","BOSS"],"build_version":"2019-01-23","purchased_purges":1,"victory":false,"max_hp_per_floor":[75,75,75,75,75,75,75,75,75,75,75,75,75,75,75,75],"card_choices":[{"not_picked":["Armaments","Body Slam"],"picked":"Thunderclap","floor":1},{"not_picked":["Thunderclap","Anger"],"picked":"Twin Strike","floor":2},{"not_picked":["Clash","Havoc"],"picked":"Perfected Strike","floor":3},{"not_picked":["Iron Wave","Sword Boomerang"],"picked":"Offering","floor":6},{"not_picked":["Twin Strike","Shrug It Off+1"],"picked":"Perfected Strike","floor":11},{"not_picked":["Headbutt","Armaments+1"],"picked":"Pommel Strike","floor":14}],"player_experience":447367,"relics_obtained":[{"floor":6,"key":"Toxic Egg 2"},{"floor":9,"key":"War Paint"},{"floor":14,"key":"Calipers"}],"event_choices":[{"damage_healed":0,"gold_gain":0,"player_choice":"Box","damage_taken":0,"relics_obtained":["Bag of Preparation"],"max_hp_gain":0,"max_hp_loss":0,"event_name":"Big Fish","floor":4,"gold_loss":0,"cards_obtained":["Regret"]},{"damage_healed":0,"gold_gain":75,"player_choice":"Gather Gold","damage_taken":11,"max_hp_gain":0,"max_hp_loss":0,"event_name":"World of Goop","floor":5,"gold_loss":0},{"damage_healed":0,"gold_gain":0,"player_choice":"Fled","damage_taken":0,"max_hp_gain":0,"max_hp_loss":0,"event_name":"Scrap Ooze","floor":7,"gold_loss":0}],"is_beta":false,"boss_relics":[],"items_purged_floors":[12],"is_endless":false,"potions_floor_spawned":[2,6],"killed_by":"The Guardian","ascension_level":15}