{"gold_per_floor":[115,126,143,153,164,180,180,57,80,110,129,143,143,93,93,191,191,181,198,212,212,231,231,156,170,170,170,185,185,185,202,202,202],"floor_reached":33,"playtime":1781,"items_purged":["Strike_B"],"score":344,"play_id":"16ce2a8e-bfa0-450c-96f1-2f64548cc0cf","local_time":"20190205203741","is_ascension_mode":true,"campfire_choices":[{"floor":7,"key":"REST"},{"floor":13,"key":"REST"},{"floor":15,"key":"REST"},{"floor":23,"key":"REST"},{"data":"Fission","floor":27,"key":"SMITH"},{"floor":29,"key":"REST"},{"floor":32,"key":"REST"}],"neow_cost":"CURSE","seed_source_timestamp":21547516291809,"circlet_count":0,"master_deck":["Strike_B","Strike_B","Defend_B","Defend_B","Defend_B","Defend_B","Zap","Dualcast","Writhe","Creative AI","Glacier","Streamline","Gash","Cold Snap","Rebound","Core Surge","Hologram","Gash","Steam","Fission+1","Leap+1","Gash","Go for the Eyes","Buffer","Glacier","Coolheaded+1"],"relics":["Cracked Core","Oddly Smooth Stone","Omamori","Calling Bell","Bronze Scales","Kunai","WingedGreaves","Matryoshka","MutagenicStrength"],"potions_floor_usage":[10,10,10,25,25,33],"damage_taken":[{"damage":1,"enemies":"Cultist","floor":1,"turns":4},{"damage":5,"enemies":"Jaw Worm","floor":2,"turns":6},{"damage":13,"enemies":"Small Slimes","floor":3,"turns":5},{"damage":10,"enemies":"Looter","floor":4,"turns":4},{"damage":6,"enemies":"Blue Slaver","floor":5,"turns":5},{"damage":14,"enemies":"3 Louse","floor":6,"turns":3},{"damage":14,"enemies":"Gremlin Nob","floor":10,"turns":3},{"damage":26,"enemies":"Lots of Slimes","floor":11,"turns":5},{"damage":0,"enemies":"Red Slaver","floor":12,"turns":3},{"damage":40,"enemies":"Hexaghost","floor":16,"turns":14},{"damage":23,"enemies":"2 Thieves","floor":18,"turns":4},{"damage":20,"enemies":"Chosen","floor":19,"turns":5},{"damage":5,"enemies":"Centurion and Healer","floor":20,"turns":12},{"damage":11,"enemies":"Snake Plant","floor":22,"turns":5},{"damage":6,"enemies":"Cultist and Chosen","floor":25,"turns":5},{"damage":21,"enemies":"Centurion and Healer","floor":28,"turns":7},{"damage":4,"enemies":"Shelled Parasite and Fungi","floor":31,"turns":7},{"damage":71,"enemies":"Champ","floor":33,"turns":20}],"seed_played":"7553902821609524783","potions_obtained":[{"floor":1,"key":"FearPotion"},{"floor":2,"key":"FearPotion"},{"floor":4,"key":"Swift Potion"},{"floor":16,"key":"PowerPotion"},{"floor":20,"key":"AttackPotion"},{"floor":22,"key":"SpeedPotion"}],"is_trial":false,"path_per_floor":["M","M","M","M","M","M","R","$","T","E","M","M","R","?","R","B",null,"M","M","M","?","M","R","?","M","T","R","M","R","?","M","R","B"],"character_chosen":"DEFECT","items_purchased":["Hologram"],"campfire_rested":6,"item_purchase_floors":[8],"current_hp_per_floor":[67,62,49,39,33,19,41,41,41,27,1,1,23,23,45,5,58,35,15,10,35,24,46,46,40,40,40,19,41,41,37,59,0],"gold":202,"neow_bonus":"THREE_RARE_CARDS","is_prod":false,"is_daily":false,"chose_seed":false,"campfire_upgraded":1,"win_rate":0,"timestamp":1549366661,"path_taken":["M","M","M","M","M","M","R","?","T","E","M","?","R","?","R","BOSS","M","M","M","?","M","R","?","M","T","R","M","R","?","M","R","BOSS"],"build_version":"2019-01-23","purchased_purges":1,"victory":false,"max_hp_per_floor":[75,75,75,75,75,75,75,75,75,75,75,75,75,75,75,75,75,75,75,75,75,75,75,75,75,75,75,75,75,75,75,75,75],"card_choices":[{"not_picked":["Machine Learning","Amplify"],"picked":"Creative AI","floor":0},{"not_picked":["Consume","Steam Power"],"picked":"Glacier","floor":1},{"not_picked":["Stack","Coolheaded"],"picked":"Streamline","floor":2},{"not_picked":["Sunder","Coolheaded"],"picked":"Gash","floor":3},{"not_picked":["Double Energy","Coolheaded"],"picked":"Cold Snap","floor":4},{"not_picked":["Streamline","Redo"],"picked":"Rebound","floor":5},{"not_picked":["Turbo","Recycle"],"picked":"Core Surge","floor":6},{"not_picked":["Double Energy","FTL","Scrape"],"picked":"SKIP","floor":10},{"not_picked":["Undo","Sweeping Beam"],"picked":"Gash","floor":11},{"not_picked":["Cold Snap","Compile Driver"],"picked":"Steam","floor":12},{"not_picked":["Electrodynamics","Rainbow"],"picked":"Fission","floor":16},{"not_picked":["Barrage","Storm"],"picked":"Leap+1","floor":18},{"not_picked":["Hello World","Steam+1"],"picked":"Gash","floor":19},{"not_picked":["Steam","Doom and Gloom"],"picked":"Go for the Eyes","floor":20},{"not_picked":["Lockon+1","Stack"],"picked":"Buffer","floor":22},{"not_picked":["Sweeping Beam","Barrage","Conserve Battery"],"picked":"SKIP","floor":25},{"not_picked":["Rip and Tear","Blizzard+1"],"picked":"Glacier","floor":28},{"not_picked":["Barrage","Melter"],"picked":"Coolheaded+1","floor":31}],"player_experience":264025,"relics_obtained":[{"floor":9,"key":"Oddly Smooth Stone"},{"floor":10,"key":"Omamori"},{"floor":17,"key":"Bronze Scales"},{"floor":17,"key":"Kunai"},{"floor":17,"key":"WingedGreaves"},{"floor":26,"key":"Matryoshka"}],"event_choices":[{"cards_removed":["Strike_B"],"damage_healed":0,"gold_gain":0,"player_choice":"Card Removal","damage_taken":0,"max_hp_gain":0,"max_hp_loss":0,"event_name":"The Cleric","floor":14,"gold_loss":50},{"damage_healed":25,"gold_gain":0,"player_choice":"Heal","damage_taken":0,"max_hp_gain":0,"max_hp_loss":0,"event_name":"The Library","floor":21,"gold_loss":0},{"cards_removed":["Injury"],"damage_healed":0,"gold_gain":0,"player_choice":"Gave Gold","damage_taken":0,"max_hp_gain":0,"max_hp_loss":0,"event_name":"Beggar","floor":24,"gold_loss":75},{"damage_healed":0,"gold_gain":0,"player_choice":"Inject Mutagens","damage_taken":0,"relics_obtained":["MutagenicStrength"],"max_hp_gain":0,"max_hp_loss":0,"event_name":"Drug Dealer","floor":30,"gold_loss":0}],"is_beta":false,"boss_relics":[{"not_picked":["Velvet Choker","Tiny House"],"picked":"Calling Bell"}],"items_purged_floors":[8],"is_endless":false,"potions_floor_spawned":[1,2,4,16,20,22],"killed_by":"Champ","ascension_level":7}