{"gold_per_floor":[116,116,116,116,127,152,1,26,52,86,116,163,175,197,209,318,330,356,368,398,410,268,268,282,282,282,282,381,411,268,279,279,382,382,395,395,442,442,453,481,82,95,142,142,161,181,198,215,215,215],"floor_reached":50,"playtime":2494,"items_purged":["Corruption"],"score":788,"play_id":"408842a3-3950-491d-899d-beb8dbb2d47b","local_time":"20190117124754","is_ascension_mode":true,"campfire_choices":[{"data":"Double Tap","floor":13.0,"key":"SMITH"},{"floor":15.0,"key":"REST"},{"data":"Demon Form","floor":23.0,"key":"SMITH"},{"data":"Bite","floor":25.0,"key":"SMITH"},{"data":"Bite","floor":27.0,"key":"SMITH"},{"data":"Bite","floor":32.0,"key":"SMITH"},{"data":"Exhume","floor":44.0,"key":"SMITH"},{"data":"Armaments","floor":49,"key":"SMITH"}],"neow_cost":"NONE","seed_source_timestamp":8934415090307,"circlet_count":0,"master_deck":["Defend_R","Defend_R","Defend_R","Defend_R","Bash","Clash","Armaments+1","Evolve","Ghostly Armor","Double Tap+1","Pommel Strike","Offering","Reaper","Battle Trance","True Grit","Demon Form+1","Bite+1","Bite+1","Bite+1","Bite","Bite","Inflame+1","Shockwave","Barricade+1","Madness","Madness","Flame Barrier","Exhume+1","Heavy Blade+1"],"special_seed":0,"relics":["Burning Blood","NeowsBlessing","Happy Flower","Magic Flower","Red Skull","MawBank","Oddly Smooth Stone","Orrery","Orichalcum","Letter Opener","Pen Nib","Omamori","Sozu","Pocketwatch","Potion Belt","Mango","Regal Pillow"],"potions_floor_usage":[],"damage_taken":[{"damage":0.0,"enemies":"Small Slimes","floor":1.0,"turns":1.0},{"damage":0.0,"enemies":"2 Louse","floor":5.0,"turns":1.0},{"damage":0.0,"enemies":"3 Sentries","floor":6.0,"turns":2.0},{"damage":53.0,"enemies":"Lagavulin","floor":8.0,"turns":8.0},{"damage":24.0,"enemies":"Gremlin Nob","floor":10.0,"turns":4.0},{"damage":0.0,"enemies":"Jaw Worm","floor":11.0,"turns":3.0},{"damage":5.0,"enemies":"3 Sentries","floor":12.0,"turns":7.0},{"damage":13.0,"enemies":"Blue Slaver","floor":14.0,"turns":2.0},{"damage":59.0,"enemies":"Hexaghost","floor":16.0,"turns":10.0},{"damage":24.0,"enemies":"Spheric Guardian","floor":18.0,"turns":4.0},{"damage":12.0,"enemies":"Chosen","floor":20.0,"turns":3.0},{"damage":44.0,"enemies":"Snecko","floor":24.0,"turns":7.0},{"damage":88.0,"enemies":"Gremlin Leader","floor":29.0,"turns":8.0},{"damage":32.0,"enemies":"Sentry and Sphere","floor":31.0,"turns":5.0},{"damage":124.0,"enemies":"Automaton","floor":33.0,"turns":11.0},{"damage":63.0,"enemies":"3 Darklings","floor":35.0,"turns":6.0},{"damage":92.0,"enemies":"2 Orb Walkers","floor":37.0,"turns":7.0},{"damage":18.0,"enemies":"Orb Walker","floor":39.0,"turns":4.0},{"damage":66.0,"enemies":"Giant Head","floor":40.0,"turns":7.0},{"damage":50.0,"enemies":"Jaw Worm Horde","floor":42.0,"turns":5.0},{"damage":57.0,"enemies":"Writhing Mass","floor":45.0,"turns":9.0},{"damage":34.0,"enemies":"Sphere and 2 Shapes","floor":46.0,"turns":5.0},{"damage":6.0,"enemies":"Maw","floor":47.0,"turns":7.0},{"damage":66,"enemies":"Transient","floor":48,"turns":5},{"damage":89,"enemies":"Time Eater","floor":50,"turns":7}],"seed_played":"-6883562058067747766","potions_obtained":[{"floor":5.0,"key":"SteroidPotion"},{"floor":10.0,"key":"BloodPotion"},{"floor":12.0,"key":"FearPotion"},{"floor":14.0,"key":"Poison Potion"},{"floor":29.0,"key":"Poison Potion"},{"floor":33.0,"key":"SpeedPotion"}],"is_trial":false,"path_per_floor":["M","?","?","?","M","E","$","E","T","E","M","E","R","M","R","B",null,"M","?","M","?","$","R","M","R","T","R","?","E","$","M","R","B",null,"M","?","?","?","M","E","$","M","T","R","M","M","M","M","R","B"],"character_chosen":"IRONCLAD","items_purchased":["Corruption","Ghostly Armor","Orichalcum","Omamori","Mango","Flame Barrier"],"campfire_rested":1,"item_purchase_floors":[7,7,22,30,41,41],"current_hp_per_floor":[78,78,78,78,80,80,80,33,33,18,39,43,43,39,63,13,63,48,33,38,38,38,38,48,48,48,48,48,43,43,54,54,32,52,59,52,21,21,58,59,73,73,73,73,73,62,73,56,56,0],"gold":215,"neow_bonus":"THREE_ENEMY_KILL","is_prod":false,"is_daily":false,"chose_seed":false,"campfire_upgraded":7,"win_rate":0,"timestamp":1547696874,"path_taken":["M","?","?","?","M","E","?","E","T","E","M","E","R","M","R","BOSS","M","?","M","?","$","R","M","R","T","R","?","E","?","M","R","BOSS","M","?","?","?","M","E","$","M","T","R","?","M","M","M","R","BOSS"],"build_version":"2019-01-10","purchased_purges":1,"victory":false,"max_hp_per_floor":[80,80,80,80,80,80,80,80,80,80,80,80,80,80,80,80,80,80,85,85,59,59,59,59,59,59,59,59,59,59,59,59,59,59,59,59,59,59,59,59,73,73,73,73,73,73,73,73,73,73],"card_choices":[{"not_picked":["Feel No Pain","Rage"],"picked":"Clash","floor":1.0},{"not_picked":["Burning Pact","Feel No Pain"],"picked":"Armaments","floor":5.0},{"not_picked":["Anger","Clash"],"picked":"Evolve","floor":6.0},{"not_picked":["Warcry","Battle Trance"],"picked":"Double Tap","floor":8.0},{"not_picked":["Iron Wave","Intimidate"],"picked":"Pommel Strike","floor":10.0},{"not_picked":["Heavy Blade","Flex","Warcry"],"picked":"SKIP","floor":11.0},{"not_picked":["Bloodletting","Wild Strike","Clothesline"],"picked":"SKIP","floor":12.0},{"not_picked":["Shockwave","Cleave"],"picked":"Offering","floor":14.0},{"not_picked":["Juggernaut","Brutality"],"picked":"Reaper","floor":16.0},{"not_picked":["Twin Strike","Flex"],"picked":"Battle Trance","floor":17.0},{"not_picked":["Flex","Wild Strike"],"picked":"True Grit","floor":17.0},{"not_picked":["Pummel","Fire Breathing","Sword Boomerang"],"picked":"SKIP","floor":18.0},{"not_picked":["Seeing Red","True Grit"],"picked":"Demon Form","floor":20.0},{"not_picked":["Sentinel","Armaments"],"picked":"Inflame+1","floor":24.0},{"not_picked":["Sentinel","Sword Boomerang+1","Combust"],"picked":"SKIP","floor":29.0},{"not_picked":["Warcry","Flex"],"picked":"Shockwave","floor":31.0},{"not_picked":["Immolate","Juggernaut"],"picked":"Barricade","floor":33.0},{"not_picked":["Anger","Corruption","Twin Strike+1"],"picked":"SKIP","floor":35.0},{"not_picked":["Anger+1","Twin Strike","Flex+1"],"picked":"SKIP","floor":39.0},{"not_picked":["Carnage+1","Flex+1","Thunderclap+1"],"picked":"SKIP","floor":40.0},{"not_picked":["Twin Strike","Combust+1"],"picked":"Exhume","floor":42.0},{"not_picked":["Second Wind","Reckless Charge+1","Twin Strike+1"],"picked":"SKIP","floor":45.0},{"not_picked":["Clothesline","Havoc+1","Battle Trance"],"picked":"SKIP","floor":46.0},{"not_picked":["Clothesline","Havoc+1","Battle Trance"],"picked":"SKIP","floor":46.0},{"not_picked":["Searing Blow+1","Havoc","Wild Strike+1"],"picked":"SKIP","floor":47.0},{"not_picked":["Searing Blow+1","Havoc","Wild Strike+1"],"picked":"SKIP","floor":47.0},{"not_picked":["Corruption+1","Clothesline"],"picked":"Heavy Blade+1","floor":48}],"player_experience":242875,"relics_obtained":[{"floor":6.0,"key":"Happy Flower"},{"floor":8.0,"key":"Magic Flower"},{"floor":9.0,"key":"Red Skull"},{"floor":10.0,"key":"MawBank"},{"floor":12.0,"key":"Oddly Smooth Stone"},{"floor":26.0,"key":"Letter Opener"},{"floor":29.0,"key":"Pen Nib"},{"floor":37.0,"key":"Pocketwatch"},{"floor":40.0,"key":"Potion Belt"},{"floor":43.0,"key":"Regal Pillow"}],"event_choices":[{"damage_healed":0.0,"max_hp_gain":0.0,"max_hp_loss":0.0,"gold_gain":0.0,"event_name":"Golden Idol","player_choice":"Ignored","floor":2.0,"gold_loss":0.0,"damage_taken":0.0},{"damage_healed":0.0,"max_hp_gain":0.0,"max_hp_loss":0.0,"gold_gain":0.0,"event_name":"Liars Game","player_choice":"Ignored","floor":3.0,"gold_loss":0.0,"damage_taken":0.0},{"cards_removed":["Strike_R"],"damage_healed":0.0,"max_hp_gain":0.0,"max_hp_loss":0.0,"gold_gain":0.0,"event_name":"Living Wall","player_choice":"Forget","floor":4.0,"gold_loss":0.0,"damage_taken":0.0},{"damage_healed":0.0,"max_hp_gain":5.0,"max_hp_loss":0.0,"gold_gain":0.0,"event_name":"Forgotten Altar","player_choice":"Shed Blood","floor":19.0,"gold_loss":0.0,"damage_taken":20.0},{"damage_healed":0.0,"max_hp_gain":0.0,"max_hp_loss":26.0,"gold_gain":0.0,"event_name":"Vampires","player_choice":"Became a vampire","floor":21.0,"gold_loss":0.0,"damage_taken":0.0,"cards_obtained":["Bite","Bite","Bite","Bite","Bite"]},{"damage_healed":0.0,"max_hp_gain":0.0,"max_hp_loss":0.0,"gold_gain":99.0,"event_name":"Nest","player_choice":"Stole From Cult","floor":28.0,"gold_loss":0.0,"damage_taken":0.0},{"damage_healed":0.0,"max_hp_gain":0.0,"max_hp_loss":0.0,"gold_gain":0.0,"event_name":"Winding Halls","player_choice":"Embrace Madness","floor":36.0,"gold_loss":0.0,"damage_taken":7.0,"cards_obtained":["Madness","Madness"]},{"damage_healed":0.0,"max_hp_gain":0.0,"max_hp_loss":0.0,"gold_gain":0.0,"event_name":"Mysterious Sphere","player_choice":"Fight","floor":37.0,"gold_loss":0.0,"damage_taken":0.0},{"damage_healed":0.0,"max_hp_gain":0.0,"max_hp_loss":0.0,"gold_gain":0.0,"event_name":"Upgrade Shrine","player_choice":"Upgraded","floor":38.0,"gold_loss":0.0,"damage_taken":0.0,"cards_upgraded":["Barricade"]}],"is_beta":false,"boss_relics":[{"not_picked":["Runic Dome","Busted Crown"],"picked":"Orrery"},{"not_picked":["Cursed Key","Empty Cage"],"picked":"Sozu"}],"items_purged_floors":[41],"is_endless":false,"potions_floor_spawned":[5,10,12,14,29,33,37,40,45,48],"killed_by":"Time Eater","ascension_level":8}