{"gold_per_floor":[112,112,37,2,15,15,56,131,131,165,186,221,221,265,265,265],"floor_reached":16,"playtime":603,"items_purged":["Strike_R"],"score":252,"play_id":"c0f9c6e3-4015-4b57-89e7-3ba084a9e0c8","local_time":"20190201113227","is_ascension_mode":true,"campfire_choices":[{"data":"Whirlwind","floor":6,"key":"SMITH"},{"data":"True Grit","floor":15,"key":"SMITH"}],"neow_cost":"TEN_PERCENT_HP_LOSS","seed_source_timestamp":1249678929525929,"circlet_count":0,"master_deck":["AscendersBane","Strike_R","Strike_R+1","Defend_R","Defend_R","Defend_R","Defend_R","Bash","Heavy Blade","True Grit+1","Pommel Strike+1","Whirlwind+1","Bludgeon","Sword Boomerang","Ghostly Armor","Ghostly Armor"],"relics":["Burning Blood","Golden Idol","Incense Burner","Whetstone","Magic Flower","Meat on the Bone","Mummified Hand"],"potions_floor_usage":[12,14,16],"damage_taken":[{"damage":0,"enemies":"Jaw Worm","floor":1,"turns":5},{"damage":1,"enemies":"Small Slimes","floor":5,"turns":4},{"damage":18,"enemies":"3 Sentries","floor":7,"turns":4},{"damage":30,"enemies":"Lagavulin","floor":10,"turns":6},{"damage":0,"enemies":"2 Louse","floor":11,"turns":1},{"damage":28,"enemies":"3 Sentries","floor":12,"turns":7},{"damage":8,"enemies":"Gremlin Nob","floor":14,"turns":3},{"damage":34,"enemies":"Hexaghost","floor":16,"turns":11}],"seed_played":"2481079834448431782","potions_obtained":[{"floor":10,"key":"Fire Potion"},{"floor":12,"key":"SkillPotion"},{"floor":14,"key":"SkillPotion"}],"is_trial":false,"path_per_floor":["M","?","$","?","M","R","E","?","T","E","M","E","?","E","R","B"],"character_chosen":"IRONCLAD","items_purchased":[],"campfire_rested":0,"item_purchase_floors":[],"current_hp_per_floor":[68,45,45,62,67,67,55,44,44,20,29,10,10,29,29,0],"gold":265,"neow_bonus":"TRANSFORM_TWO_CARDS","is_prod":false,"is_daily":false,"chose_seed":false,"campfire_upgraded":2,"win_rate":0,"timestamp":1549038747,"path_taken":["M","?","$","?","M","R","E","?","T","E","M","E","?","E","R","BOSS"],"build_version":"2019-01-23","purchased_purges":1,"victory":false,"max_hp_per_floor":[68,68,68,68,68,68,68,68,68,68,68,68,68,68,68,68],"card_choices":[{"not_picked":["Thunderclap","Heavy Blade"],"picked":"Pommel Strike","floor":1},{"not_picked":["Clash","Metallicize"],"picked":"Whirlwind","floor":5},{"not_picked":["Dark Embrace","Flex"],"picked":"Bludgeon","floor":7},{"not_picked":["Armaments","Iron Wave"],"picked":"Sword Boomerang","floor":10},{"not_picked":["Burning Pact","Body Slam"],"picked":"Ghostly Armor","floor":11},{"not_picked":["Rupture","True Grit","Seeing Red"],"picked":"SKIP","floor":12},{"not_picked":["Searing Blow","Anger"],"picked":"Ghostly Armor","floor":14}],"player_experience":622911,"relics_obtained":[{"floor":7,"key":"Incense Burner"},{"floor":9,"key":"Whetstone"},{"floor":10,"key":"Magic Flower"},{"floor":12,"key":"Meat on the Bone"},{"floor":14,"key":"Mummified Hand"}],"event_choices":[{"damage_healed":0,"gold_gain":0,"player_choice":"Take Damage","damage_taken":23,"relics_obtained":["Golden Idol"],"max_hp_gain":0,"max_hp_loss":0,"event_name":"Golden Idol","floor":2,"gold_loss":0},{"damage_healed":17,"gold_gain":0,"player_choice":"Healed","damage_taken":0,"max_hp_gain":0,"max_hp_loss":0,"event_name":"The Cleric","floor":4,"gold_loss":35},{"damage_healed":0,"gold_gain":75,"player_choice":"Gather Gold","damage_taken":11,"max_hp_gain":0,"max_hp_loss":0,"event_name":"World of Goop","floor":8,"gold_loss":0},{"damage_healed":0,"gold_gain":0,"player_choice":"Searched \u00270\u0027 times","damage_taken":0,"max_hp_gain":0,"max_hp_loss":0,"event_name":"Dead Adventurer","floor":13,"gold_loss":0}],"is_beta":false,"boss_relics":[],"items_purged_floors":[3],"is_endless":false,"potions_floor_spawned":[10,12,14],"killed_by":"Hexaghost","ascension_level":20}