{"gold_per_floor":[114,128,53,228,248,248,273,273,273,303,322,322,322,335,335,432,432,450,461,51,61,76,111,111,61,61,86,86,121,133,148,148,247,247,266,266,282,12,12,12,22,22,22,40,40,40,58,69,69,69],"floor_reached":50,"playtime":2040,"items_purged":["Strike_B","Aggregate+1","Sadistic Nature"],"score":701,"play_id":"24de27dc-98e5-48d1-af50-9f8d26921b33","local_time":"20190124175444","is_ascension_mode":true,"campfire_choices":[{"data":"Sunder","floor":6,"key":"SMITH"},{"data":"Auto Shields","floor":8,"key":"SMITH"},{"data":"Conserve Battery","floor":13,"key":"SMITH"},{"data":"Machine Learning","floor":15,"key":"SMITH"},{"data":"Zap","floor":24,"key":"SMITH"},{"data":"Darkness","floor":32,"key":"SMITH"},{"data":"Self Repair","floor":40,"key":"SMITH"},{"data":"Electrodynamics","floor":42,"key":"SMITH"},{"floor":45,"key":"REST"},{"floor":49,"key":"REST"}],"neow_cost":"TEN_PERCENT_HP_LOSS","seed_source_timestamp":579900100560389,"circlet_count":0,"master_deck":["Strike_B+1","Defend_B+1","Zap+1","Dualcast+1","Go for the Eyes+1","Auto Shields+1","Sunder+1","Machine Learning+1","Capacitor","Conserve Battery+1","Electrodynamics+1","Thunder Strike+1","Ball Lightning+1","Self Repair+1","Genetic Algorithm+1","Auto Shields+1","Defragment+1","Darkness+1","Echo Form+1","Conserve Battery+1","Madness","Master of Strategy","Rebound+1","Streamline","Loop+1","Defragment+1"],"relics":["Cracked Core","War Paint","Symbiotic Virus","Whetstone","Astrolabe","DataDisk","Oddly Smooth Stone","Strawberry","Gremlin Horn","Dream Catcher","Bag of Preparation","Snecko Eye","Art of War","Emotion Chip"],"potions_floor_usage":[16,18,21,23,23,27,27,33,48,50,50],"damage_taken":[{"damage":0,"enemies":"Small Slimes","floor":1,"turns":3},{"damage":2,"enemies":"Jaw Worm","floor":2,"turns":3},{"damage":0,"enemies":"Cultist","floor":5,"turns":3},{"damage":15,"enemies":"3 Sentries","floor":7,"turns":6},{"damage":2,"enemies":"Lagavulin","floor":10,"turns":5},{"damage":2,"enemies":"2 Fungi Beasts","floor":11,"turns":2},{"damage":1,"enemies":"Exordium Wildlife","floor":14,"turns":3},{"damage":3,"enemies":"Hexaghost","floor":16,"turns":11},{"damage":0,"enemies":"3 Byrds","floor":18,"turns":2},{"damage":12,"enemies":"2 Thieves","floor":19,"turns":3},{"damage":12,"enemies":"Cultist and Chosen","floor":21,"turns":5},{"damage":6,"enemies":"Snake Plant","floor":22,"turns":3},{"damage":0,"enemies":"Gremlin Leader","floor":23,"turns":5},{"damage":10,"enemies":"Book of Stabbing","floor":27,"turns":4},{"damage":32,"enemies":"Slavers","floor":29,"turns":3},{"damage":4,"enemies":"Centurion and Healer","floor":30,"turns":5},{"damage":10,"enemies":"3 Cultists","floor":31,"turns":4},{"damage":24,"enemies":"Automaton","floor":33,"turns":6},{"damage":21,"enemies":"Orb Walker","floor":35,"turns":4},{"damage":11,"enemies":"3 Darklings","floor":37,"turns":4},{"damage":0,"enemies":"Jaw Worm Horde","floor":41,"turns":3},{"damage":42,"enemies":"Spire Growth","floor":44,"turns":4},{"damage":0,"enemies":"Sphere and 2 Shapes","floor":47,"turns":3},{"damage":46,"enemies":"Transient","floor":48,"turns":5},{"damage":39,"enemies":"Awakened One","floor":50,"turns":3}],"seed_played":"5777252740918058040","potions_obtained":[{"floor":2,"key":"Energy Potion"},{"floor":5,"key":"Regen Potion"},{"floor":10,"key":"Explosive Potion"},{"floor":16,"key":"Block Potion"},{"floor":19,"key":"Regen Potion"},{"floor":21,"key":"Dexterity Potion"},{"floor":23,"key":"PowerPotion"},{"floor":33,"key":"SkillPotion"},{"floor":37,"key":"EssenceOfSteel"},{"floor":48,"key":"Dexterity Potion"}],"is_trial":false,"path_per_floor":["M","M","$","?","M","R","E","R","T","E","M","?","R","M","R","B",null,"M","M","$","M","M","E","R","$","T","E","?","E","M","M","R","B",null,"M","?","M","$","?","R","M","R","T","M","R","?","M","M","R","B"],"character_chosen":"DEFECT","items_purchased":["DataDisk","Oddly Smooth Stone","PowerPotion","Art of War"],"campfire_rested":2,"item_purchase_floors":[20,20,25,38],"current_hp_per_floor":[68,66,66,66,66,66,51,51,51,49,47,40,40,39,39,51,64,64,52,52,47,48,75,75,75,75,72,72,47,50,47,47,30,64,50,40,36,36,36,36,46,46,46,4,26,66,66,20,39,0],"gold":69,"neow_bonus":"REMOVE_TWO","is_prod":false,"is_daily":false,"chose_seed":false,"campfire_upgraded":8,"win_rate":0,"timestamp":1548370484,"path_taken":["M","M","$","?","M","R","E","R","T","E","M","?","R","M","R","BOSS","M","M","$","M","M","E","R","$","T","E","?","E","?","M","R","BOSS","M","?","M","$","?","R","?","R","T","M","R","?","M","M","R","BOSS"],"build_version":"2019-01-23","purchased_purges":3,"victory":false,"max_hp_per_floor":[68,68,68,68,68,68,68,68,68,68,68,68,68,68,68,68,68,68,68,68,68,68,75,75,75,75,75,75,75,75,75,75,75,75,75,75,75,75,75,75,75,75,75,75,75,66,66,66,66,66],"card_choices":[{"not_picked":["Compile Driver","Steam"],"picked":"Go for the Eyes","floor":1},{"not_picked":["Streamline","Redo"],"picked":"Auto Shields","floor":2},{"not_picked":["Conserve Battery","Sweeping Beam"],"picked":"Sunder","floor":5},{"not_picked":["Stack","Static Discharge"],"picked":"Machine Learning","floor":7},{"not_picked":["Cold Snap","Steam"],"picked":"Capacitor","floor":10},{"not_picked":["Go for the Eyes","Coolheaded"],"picked":"Conserve Battery","floor":11},{"not_picked":["Hello World","Heatsinks","Skim"],"picked":"SKIP","floor":14},{"not_picked":["Seek","Amplify"],"picked":"Electrodynamics","floor":16},{"not_picked":["Streamline","Glacier"],"picked":"Self Repair","floor":18},{"not_picked":["Sweeping Beam","Compile Driver"],"picked":"Genetic Algorithm+1","floor":19},{"not_picked":["Capacitor","Recycle"],"picked":"Auto Shields","floor":21},{"not_picked":["Melter","Rip and Tear","Cold Snap"],"picked":"SKIP","floor":22},{"not_picked":["Melter","Rip and Tear","Cold Snap"],"picked":"SKIP","floor":22},{"not_picked":["Biased Cognition","Reprogram"],"picked":"Defragment+1","floor":23},{"not_picked":["Beam Cell","Hologram","Glacier+1"],"picked":"SKIP","floor":27},{"not_picked":["Skim","Compile Driver"],"picked":"Darkness","floor":29},{"not_picked":["Hello World","Turbo+1","Skim"],"picked":"SKIP","floor":30},{"not_picked":["Barrage","Beam Cell+1","Skim+1"],"picked":"SKIP","floor":31},{"not_picked":["Thunder Strike","All For One"],"picked":"Echo Form","floor":33},{"not_picked":["Go for the Eyes","Compile Driver+1"],"picked":"Conserve Battery+1","floor":35},{"not_picked":["Transmutation","Swift Strike"],"picked":"Madness","floor":36},{"not_picked":["Blind","Flash of Steel"],"picked":"Sadistic Nature","floor":36},{"not_picked":["Dramatic Entrance","Mind Blast"],"picked":"Master of Strategy","floor":36},{"not_picked":["Hello World+1","Redo+1","Leap+1"],"picked":"SKIP","floor":37},{"not_picked":["Go for the Eyes+1","Redo+1"],"picked":"Rebound+1","floor":41},{"not_picked":["Reinforced Body+1","Go for the Eyes"],"picked":"Streamline","floor":44},{"not_picked":["Fusion+1","Echo Form"],"picked":"Loop+1","floor":45},{"not_picked":["Consume+1","Gash+1"],"picked":"Defragment+1","floor":47},{"not_picked":["Go for the Eyes+1","Steam Power","Gash+1"],"picked":"SKIP","floor":48}],"player_experience":423984,"relics_obtained":[{"floor":7,"key":"War Paint"},{"floor":9,"key":"Symbiotic Virus"},{"floor":10,"key":"Whetstone"},{"floor":23,"key":"Strawberry"},{"floor":26,"key":"Gremlin Horn"},{"floor":27,"key":"Dream Catcher"},{"floor":29,"key":"Bag of Preparation"},{"floor":43,"key":"Emotion Chip"}],"event_choices":[{"damage_healed":0,"gold_gain":175,"player_choice":"AGREE","damage_taken":0,"max_hp_gain":0,"max_hp_loss":0,"event_name":"Liars Game","floor":4,"gold_loss":0,"cards_obtained":["Doubt"]},{"cards_removed":["Doubt"],"damage_healed":0,"gold_gain":0,"player_choice":"Card Removal","damage_taken":7,"max_hp_gain":0,"max_hp_loss":0,"event_name":"Golden Wing","floor":12,"gold_loss":0},{"damage_healed":0,"gold_gain":0,"player_choice":"Forge","damage_taken":0,"max_hp_gain":0,"max_hp_loss":0,"event_name":"Accursed Blacksmith","floor":28,"gold_loss":0,"cards_upgraded":["Auto Shields"]},{"damage_healed":0,"gold_gain":0,"player_choice":"Memory 3","damage_taken":10,"max_hp_gain":0,"max_hp_loss":0,"event_name":"SensoryStone","floor":36,"gold_loss":0},{"damage_healed":0,"gold_gain":0,"player_choice":"Upgraded","damage_taken":0,"max_hp_gain":0,"max_hp_loss":0,"event_name":"Upgrade Shrine","floor":39,"gold_loss":0,"cards_upgraded":["Echo Form"]},{"damage_healed":66,"gold_gain":0,"player_choice":"Heal","damage_taken":0,"max_hp_gain":0,"max_hp_loss":9,"event_name":"The Moai Head","floor":46,"gold_loss":0}],"is_beta":false,"boss_relics":[{"not_picked":["Ectoplasm","Orrery"],"picked":"Astrolabe"},{"not_picked":["Nuclear Battery","Sozu"],"picked":"Snecko Eye"}],"items_purged_floors":[3,20,38],"is_endless":false,"potions_floor_spawned":[2,5,10,16,19,21,23,33,37,48],"killed_by":"Awakened One","ascension_level":6}