{"gold_per_floor":[116,41,41,57,57,57,89,89,89,124,141,161,173,173,173,274,274,293,306,306],"floor_reached":20,"playtime":658,"items_purged":["Strike_B"],"score":282,"play_id":"8f96f689-4881-43bb-b5b6-84b8f4ef9527","local_time":"20190205205337","is_ascension_mode":true,"campfire_choices":[{"data":"Streamline","floor":6,"key":"SMITH"},{"data":"Beam Cell","floor":8,"key":"SMITH"},{"floor":15,"key":"REST"}],"neow_cost":"NONE","seed_source_timestamp":23597567913655,"circlet_count":0,"master_deck":["Strike_B+1","Defend_B","Defend_B","Defend_B","Defend_B","Zap","Dualcast","Streamline+1","Gash+1","Beam Cell+1","Go for the Eyes","Stack","Gash","Steam","Chaos","Seek"],"special_seed":0,"relics":["Cracked Core","NeowsBlessing","Matryoshka","Shuriken","Omamori","Whetstone","Black Star"],"potions_floor_usage":[12,16,18],"damage_taken":[{"damage":0.0,"enemies":"Jaw Worm","floor":1.0,"turns":1.0},{"damage":0.0,"enemies":"2 Louse","floor":4.0,"turns":1.0},{"damage":0,"enemies":"Gremlin Nob","floor":7,"turns":1},{"damage":15,"enemies":"Lagavulin","floor":10,"turns":5},{"damage":0,"enemies":"Cultist","floor":11,"turns":3},{"damage":13,"enemies":"Lots of Slimes","floor":12,"turns":2},{"damage":31,"enemies":"Gremlin Gang","floor":13,"turns":5},{"damage":19,"enemies":"The Guardian","floor":16,"turns":9},{"damage":20,"enemies":"Spheric Guardian","floor":18,"turns":4},{"damage":25,"enemies":"3 Byrds","floor":19,"turns":6},{"damage":35,"enemies":"Snake Plant","floor":20,"turns":3}],"seed_played":"3646766820038192230","potions_obtained":[{"floor":7,"key":"Explosive Potion"},{"floor":13,"key":"GamblersBrew"},{"floor":16,"key":"Regen Potion"},{"floor":18,"key":"Swift Potion"}],"is_trial":false,"path_per_floor":["M","$","?","M","?","R","E","R","T","E","M","M","M","?","R","B",null,"M","M","M"],"character_chosen":"DEFECT","items_purchased":[],"campfire_rested":1,"item_purchase_floors":[],"current_hp_per_floor":[68,68,73,73,73,73,73,73,73,58,58,45,14,14,38,19,65,57,32,0],"gold":306,"neow_bonus":"THREE_ENEMY_KILL","is_prod":false,"is_daily":false,"chose_seed":false,"campfire_upgraded":2,"win_rate":0,"timestamp":1549367617,"path_taken":["M","$","?","M","?","R","E","R","T","E","M","M","M","?","R","BOSS","M","?","M"],"build_version":"2019-01-23","purchased_purges":1,"victory":false,"max_hp_per_floor":[75,75,80,80,80,80,80,80,80,80,80,80,80,80,80,80,80,80,80,80],"card_choices":[{"not_picked":["Heatsinks","Beam Cell"],"picked":"Streamline","floor":1.0},{"not_picked":["Loop","Compile Driver"],"picked":"Gash","floor":4.0},{"not_picked":["Force Field","Leap"],"picked":"Beam Cell","floor":7},{"not_picked":["Darkness","Turbo"],"picked":"Go for the Eyes","floor":10},{"not_picked":["Conserve Battery","Blizzard"],"picked":"Stack","floor":11},{"not_picked":["Auto Shields","Barrage"],"picked":"Gash","floor":12},{"not_picked":["Coolheaded","Multi-Cast"],"picked":"Steam","floor":13},{"not_picked":["Machine Learning","Echo Form"],"picked":"Seek","floor":16},{"not_picked":["Ball Lightning","Recycle","Conserve Battery"],"picked":"SKIP","floor":18},{"not_picked":["Fusion","Go for the Eyes","Hello World"],"picked":"SKIP","floor":19}],"player_experience":266055,"relics_obtained":[{"floor":7,"key":"Matryoshka"},{"floor":9,"key":"Shuriken"},{"floor":9,"key":"Omamori"},{"floor":10,"key":"Whetstone"}],"event_choices":[{"damage_healed":0.0,"max_hp_gain":5.0,"max_hp_loss":0.0,"gold_gain":0.0,"event_name":"Big Fish","player_choice":"Donut","floor":3.0,"gold_loss":0.0,"damage_taken":0.0},{"cards_removed":["Strike_B"],"damage_healed":0,"gold_gain":0,"player_choice":"Forget","damage_taken":0,"max_hp_gain":0,"max_hp_loss":0,"event_name":"Living Wall","floor":5,"gold_loss":0},{"damage_healed":0,"gold_gain":0,"cards_transformed":["Strike_B"],"player_choice":"Transformed","damage_taken":0,"max_hp_gain":0,"max_hp_loss":0,"event_name":"Transmorgrifier","floor":14,"gold_loss":0,"cards_obtained":["Chaos"]}],"is_beta":false,"boss_relics":[{"not_picked":["Busted Crown","Runic Dome"],"picked":"Black Star"}],"items_purged_floors":[2],"is_endless":false,"potions_floor_spawned":[7,13,16,18],"killed_by":"Snake Plant","ascension_level":7}