{"gold_per_floor":[109,109,133,83,108,108,139,139,163,206,54,107,107,128,128,252,252,267,283,283,183,183,183,214,214,214,214],"floor_reached":27,"playtime":1426,"items_purged":["Strike_R","Strike_R"],"score":298,"play_id":"09c17c2b-02de-452e-8bd1-c60d93a20e75","local_time":"20181019101902","is_ascension_mode":true,"campfire_choices":[{"data":"Carnage","floor":6,"key":"SMITH"},{"floor":8,"key":"REST"},{"data":"Feel No Pain","floor":13,"key":"SMITH"},{"data":"Corruption","floor":15,"key":"SMITH"},{"data":"Brutality","floor":23,"key":"SMITH"},{"data":"Reaper","floor":25,"key":"SMITH"}],"neow_cost":"PERCENT_DAMAGE","seed_source_timestamp":0,"circlet_count":0,"master_deck":["Strike_R","Strike_R","Defend_R","Defend_R","Defend_R","Defend_R","Bash","Corruption+1","Carnage+1","Clash","Ghostly Armor","Berserk","Feel No Pain+1","Infernal Blade","Brutality+1","Iron Wave+1","Iron Wave+1","Feel No Pain+1","Reaper+1","Clumsy"],"special_seed":0,"relics":["Burning Blood","Golden Idol","Happy Flower","Regal Pillow","Red Skull","Cursed Key","Nloth\u0027s Gift","Pen Nib","Bottled Lightning"],"potions_floor_usage":[16,16],"damage_taken":[{"damage":0.0,"enemies":"Small Slimes","floor":1.0,"turns":3.0},{"damage":9.0,"enemies":"2 Louse","floor":3.0,"turns":3.0},{"damage":12,"enemies":"Jaw Worm","floor":5,"turns":3},{"damage":25,"enemies":"3 Sentries","floor":7,"turns":6},{"damage":25,"enemies":"Gremlin Nob","floor":10,"turns":5},{"damage":13,"enemies":"Exordium Thugs","floor":14,"turns":5},{"damage":18,"enemies":"The Guardian","floor":16,"turns":7},{"damage":10,"enemies":"Spheric Guardian","floor":18,"turns":4},{"damage":32,"enemies":"3 Byrds","floor":19,"turns":5},{"damage":31,"enemies":"Book of Stabbing","floor":24,"turns":5},{"damage":57,"enemies":"Gremlin Leader","floor":27,"turns":7}],"seed_played":"-6069473752300300367","potions_obtained":[{"floor":3.0,"key":"Weak Potion"},{"floor":7,"key":"Strength Potion"},{"floor":14,"key":"Ancient Potion"},{"floor":16,"key":"Strength Potion"},{"floor":18,"key":"SkillPotion"},{"floor":19,"key":"Ancient Potion"}],"is_trial":false,"path_per_floor":["M","?","M","?","M","R","E","R","T","E","$","T","R","M","R","B",null,"M","M","?","$","?","R","E","R","T"],"character_chosen":"IRONCLAD","items_purchased":["Feel No Pain"],"campfire_rested":1,"item_purchase_floors":[11],"current_hp_per_floor":[78,54,51,51,45,45,26,54,54,35,35,35,35,28,28,16,96,92,66,66,66,66,66,41,41,41,0],"gold":214,"neow_bonus":"TWENTY_PERCENT_HP_BONUS","is_prod":false,"is_daily":false,"chose_seed":false,"campfire_upgraded":5,"win_rate":0,"timestamp":1539958742,"path_taken":["M","?","M","?","?","R","E","R","T","E","$","?","R","M","R","BOSS","M","M","?","$","?","R","E","R","T","E"],"build_version":"2018-10-18","purchased_purges":2,"victory":false,"max_hp_per_floor":[96,96,96,96,96,96,96,96,96,96,96,96,96,96,96,96,96,96,96,96,96,96,96,96,96,96,96],"card_choices":[{"not_picked":["Iron Wave","Combust"],"picked":"Corruption","floor":1.0},{"not_picked":["Anger","Wild Strike"],"picked":"Carnage","floor":3.0},{"not_picked":["Cleave","Twin Strike"],"picked":"Clash","floor":5},{"not_picked":["Entrench","Armaments"],"picked":"Ghostly Armor","floor":7},{"not_picked":["Body Slam","Warcry"],"picked":"Berserk","floor":10},{"not_picked":["Heavy Blade","Sword Boomerang"],"picked":"Infernal Blade","floor":14},{"not_picked":["Immolate","Berserk"],"picked":"Brutality","floor":16},{"not_picked":["Wild Strike","Fire Breathing"],"picked":"Iron Wave+1","floor":18},{"not_picked":["Cleave","Power Through+1"],"picked":"Iron Wave+1","floor":19},{"not_picked":["Blood for Blood","Warcry"],"picked":"Reaper","floor":24}],"player_experience":182144,"relics_obtained":[{"floor":7,"key":"Happy Flower"},{"floor":9,"key":"Regal Pillow"},{"floor":10,"key":"Red Skull"},{"floor":12,"key":"Omamori"},{"floor":24,"key":"Pen Nib"},{"floor":26,"key":"Bottled Lightning"}],"event_choices":[{"event_name":"Golden Idol","player_choice":"Take Damage","floor":2.0,"damage_taken":0.0},{"cards_removed":["Strike_R"],"damage_healed":0,"gold_gain":0,"player_choice":"Card Removal","damage_taken":0,"max_hp_gain":0,"max_hp_loss":0,"event_name":"The Cleric","floor":4,"gold_loss":50},{"damage_healed":0,"gold_gain":0,"player_choice":"Copied","damage_taken":0,"max_hp_gain":0,"max_hp_loss":0,"event_name":"Duplicator","floor":20,"gold_loss":0,"cards_obtained":["Feel No Pain"]},{"damage_healed":0,"gold_gain":0,"player_choice":"Traded Relic","damage_taken":0,"relics_obtained":["Nloth\u0027s Gift"],"max_hp_gain":0,"max_hp_loss":0,"event_name":"N\u0027loth","floor":22,"relics_lost":["Omamori"],"gold_loss":0}],"is_beta":false,"boss_relics":[{"not_picked":["Pandora\u0027s Box","Lizard Tail"],"picked":"Cursed Key"}],"items_purged_floors":[11,21],"is_endless":false,"potions_floor_spawned":[3,7,14,16,18,19],"killed_by":"Gremlin Leader","ascension_level":3}