{"gold_per_floor":[109,125,138,153,169,201,201,201,224,224,244,272,272,284,284,388,388,388,388,313,238,163,163,163,163,163,163,163,163,163,163,163,163,163,163,163,163,163,163,163,163,163,163,163,163,36,36,36,36,36],"floor_reached":51,"playtime":2150,"items_purged":["Strike_R","Strike_R"],"score":1001,"play_id":"313825e3-fd2e-4e30-b644-70c5c206e781","local_time":"20190113013051","is_ascension_mode":true,"campfire_choices":[{"data":"Rage","floor":7.0,"key":"SMITH"},{"data":"Cleave","floor":10.0,"key":"SMITH"},{"data":"Body Slam","floor":13.0,"key":"SMITH"},{"data":"Entrench","floor":15.0,"key":"SMITH"},{"data":"Barricade","floor":23.0,"key":"SMITH"},{"data":"Metallicize","floor":29.0,"key":"SMITH"},{"data":"Burning Pact","floor":32.0,"key":"SMITH"},{"data":"Impervious","floor":40.0,"key":"SMITH"},{"data":"Disarm","floor":42,"key":"SMITH"},{"data":"Shrug It Off","floor":45,"key":"SMITH"},{"data":"Entrench","floor":49,"key":"SMITH"}],"neow_cost":"NONE","seed_source_timestamp":59265242418516,"circlet_count":0,"master_deck":["Strike_R","Strike_R","Defend_R+1","Defend_R+1","Defend_R","Bash","Feed","Headbutt","Entrench+1","Body Slam+1","Rage+1","Cleave+1","Shrug It Off+1","Barricade+1","Burning Pact+1","Metallicize+1","Flame Barrier+1","True Grit+1","Shockwave+1","Double Tap","Disarm+1","Impervious+1","Body Slam+1","Entrench+1","Impervious"],"special_seed":0,"relics":["Burning Blood","Boot","Oddly Smooth Stone","War Paint","Ectoplasm","MutagenicStrength","Centennial Puzzle","Mark of Pain","Pen Nib","Smiling Mask","Du-Vu Doll"],"potions_floor_usage":[41,48,50],"damage_taken":[{"damage":6.0,"enemies":"2 Louse","floor":1.0,"turns":3.0},{"damage":1.0,"enemies":"Cultist","floor":2.0,"turns":3.0},{"damage":13.0,"enemies":"Jaw Worm","floor":3.0,"turns":4.0},{"damage":16.0,"enemies":"Looter","floor":4.0,"turns":4.0},{"damage":9.0,"enemies":"Red Slaver","floor":5.0,"turns":3.0},{"damage":24.0,"enemies":"Gremlin Nob","floor":6.0,"turns":4.0},{"damage":0.0,"enemies":"Lots of Slimes","floor":11.0,"turns":2.0},{"damage":19.0,"enemies":"3 Sentries","floor":12.0,"turns":7.0},{"damage":0.0,"enemies":"Large Slime","floor":14.0,"turns":5.0},{"damage":13.0,"enemies":"Slime Boss","floor":16.0,"turns":11.0},{"damage":0.0,"enemies":"3 Byrds","floor":18.0,"turns":5.0},{"damage":18.0,"enemies":"2 Thieves","floor":21.0,"turns":5.0},{"damage":9.0,"enemies":"Chosen and Byrds","floor":25.0,"turns":8.0},{"damage":14.0,"enemies":"Centurion and Healer","floor":27.0,"turns":6.0},{"damage":0.0,"enemies":"Cultist and Chosen","floor":28.0,"turns":6.0},{"damage":9.0,"enemies":"Snecko","floor":30.0,"turns":5.0},{"damage":15.0,"enemies":"Champ","floor":33.0,"turns":7.0},{"damage":30.0,"enemies":"3 Darklings","floor":35.0,"turns":6.0},{"damage":0.0,"enemies":"Orb Walker","floor":36.0,"turns":4.0},{"damage":15.0,"enemies":"Spire Growth","floor":39.0,"turns":7.0},{"damage":0,"enemies":"Giant Head","floor":41,"turns":9},{"damage":2,"enemies":"Mind Bloom Boss Battle","floor":44,"turns":5},{"damage":0,"enemies":"3 Darklings","floor":47,"turns":7},{"damage":6,"enemies":"Jaw Worm Horde","floor":48,"turns":6},{"damage":0,"enemies":"Awakened One","floor":50,"turns":8}],"seed_played":"-5766670034142284031","potions_obtained":[{"floor":1.0,"key":"Energy Potion"},{"floor":3.0,"key":"Dexterity Potion"},{"floor":5.0,"key":"AttackPotion"},{"floor":16.0,"key":"Poison Potion"},{"floor":25.0,"key":"SpeedPotion"},{"floor":28.0,"key":"Strength Potion"},{"floor":33.0,"key":"FearPotion"},{"floor":39.0,"key":"Regen Potion"},{"floor":41,"key":"Ancient Potion"},{"floor":48,"key":"GamblersBrew"}],"is_trial":false,"path_per_floor":["M","M","M","M","M","E","R","?","T","R","M","E","R","M","R","B",null,"M","?","$","M","?","R","?","M","T","M","M","R","M","?","R","B",null,"M","M","?","?","M","R","E","R","T","?","R","$","M","M","R","B",null],"character_chosen":"IRONCLAD","items_purchased":["Entrench"],"campfire_rested":0,"item_purchase_floors":[46],"current_hp_per_floor":[83,86,79,69,69,51,51,51,51,51,57,47,47,53,53,49,84,93,93,93,84,84,84,84,81,81,73,79,79,76,76,76,67,93,69,75,75,75,69,69,90,90,90,94,94,94,100,103,103,107],"gold":36,"neow_bonus":"ONE_RANDOM_RARE_CARD","is_prod":false,"is_daily":false,"chose_seed":false,"campfire_upgraded":11,"win_rate":0,"timestamp":1547310651,"path_taken":["M","M","M","M","M","E","R","?","T","R","M","E","R","M","R","BOSS","M","?","$","M","?","R","?","M","T","M","M","R","M","?","R","BOSS","M","?","?","?","?","R","E","R","T","?","R","$","M","M","R","BOSS"],"build_version":"2019-01-10","purchased_purges":2,"victory":true,"max_hp_per_floor":[83,86,86,86,89,89,89,89,89,89,89,92,92,92,92,95,95,98,98,98,101,101,101,101,101,101,101,101,101,101,101,101,101,101,101,101,101,101,104,104,104,104,104,104,104,104,104,107,107,107],"card_choices":[{"not_picked":["Reckless Charge","Wild Strike"],"picked":"Headbutt","floor":1.0},{"not_picked":["Blood for Blood","Perfected Strike"],"picked":"Entrench","floor":2.0},{"not_picked":["Second Wind","Dropkick"],"picked":"Body Slam","floor":3.0},{"not_picked":["Anger","Sever Soul"],"picked":"Rage","floor":4.0},{"not_picked":["Brutality","Disarm"],"picked":"Cleave","floor":5.0},{"not_picked":["Inflame","Headbutt"],"picked":"Shrug It Off","floor":6.0},{"not_picked":["Infernal Blade","Corruption","True Grit"],"picked":"SKIP","floor":11.0},{"not_picked":["Hemokinesis","Combust","Pommel Strike"],"picked":"SKIP","floor":12.0},{"not_picked":["Anger","Clash","Cleave"],"picked":"SKIP","floor":14.0},{"not_picked":["Bludgeon","Reaper"],"picked":"Barricade","floor":16.0},{"not_picked":["Sword Boomerang","Pummel+1"],"picked":"Burning Pact","floor":18.0},{"not_picked":["Corruption+1","Clash+1"],"picked":"Metallicize","floor":21.0},{"not_picked":["Headbutt+1","Sever Soul","Rupture"],"picked":"SKIP","floor":25.0},{"not_picked":["Heavy Blade","Shrug It Off"],"picked":"Flame Barrier+1","floor":27.0},{"not_picked":["Warcry","Thunderclap"],"picked":"True Grit+1","floor":28.0},{"not_picked":["Thunderclap","Inflame"],"picked":"Shockwave","floor":30.0},{"not_picked":["Fiend Fire","Immolate"],"picked":"Double Tap","floor":33.0},{"not_picked":["Warcry+1","Headbutt","Perfected Strike"],"picked":"SKIP","floor":35.0},{"not_picked":["Heavy Blade","Clash+1"],"picked":"Disarm","floor":36.0},{"not_picked":["Perfected Strike","Body Slam"],"picked":"Impervious","floor":39.0},{"not_picked":["Thunderclap","Warcry+1"],"picked":"Body Slam+1","floor":41},{"not_picked":["Havoc+1","Pommel Strike","Bloodletting+1"],"picked":"SKIP","floor":47},{"not_picked":["True Grit+1","Pommel Strike"],"picked":"Impervious","floor":48}],"player_experience":228544,"relics_obtained":[{"floor":6.0,"key":"Boot"},{"floor":9.0,"key":"Oddly Smooth Stone"},{"floor":12.0,"key":"War Paint"},{"floor":26.0,"key":"Centennial Puzzle"},{"floor":41,"key":"Pen Nib"},{"floor":43,"key":"Smiling Mask"},{"floor":44,"key":"Du-Vu Doll"}],"event_choices":[{"cards_removed":["Strike_R"],"damage_healed":0.0,"max_hp_gain":0.0,"max_hp_loss":0.0,"gold_gain":0.0,"event_name":"Purifier","player_choice":"Purged","floor":8.0,"gold_loss":0.0,"damage_taken":0.0},{"damage_healed":0.0,"max_hp_gain":0.0,"max_hp_loss":0.0,"gold_gain":0.0,"event_name":"Drug Dealer","player_choice":"Inject Mutagens","floor":19.0,"gold_loss":0.0,"damage_taken":0.0,"relics_obtained":["MutagenicStrength"]},{"cards_removed":["Defend_R"],"damage_healed":0.0,"max_hp_gain":0.0,"max_hp_loss":0.0,"gold_gain":0.0,"event_name":"Beggar","player_choice":"Gave Gold","floor":22.0,"gold_loss":75.0,"damage_taken":0.0},{"damage_healed":0.0,"max_hp_gain":0.0,"max_hp_loss":0.0,"gold_gain":99.0,"event_name":"Nest","player_choice":"Stole From Cult","floor":24.0,"gold_loss":0.0,"damage_taken":0.0},{"damage_healed":0.0,"max_hp_gain":0.0,"max_hp_loss":0.0,"gold_gain":0.0,"event_name":"Upgrade Shrine","player_choice":"Upgraded","floor":31.0,"gold_loss":0.0,"damage_taken":0.0,"cards_upgraded":["Shockwave"]},{"damage_healed":0.0,"max_hp_gain":0.0,"max_hp_loss":0.0,"gold_gain":0.0,"event_name":"Tomb of Lord Red Mask","player_choice":"Ignored","floor":37.0,"gold_loss":0.0,"damage_taken":0.0},{"damage_healed":0.0,"max_hp_gain":0.0,"max_hp_loss":0.0,"gold_gain":100.0,"event_name":"Golden Shrine","player_choice":"Pray","floor":38.0,"gold_loss":0.0,"damage_taken":0.0},{"damage_healed":0,"gold_gain":0,"player_choice":"Fight","damage_taken":0,"max_hp_gain":0,"max_hp_loss":0,"event_name":"MindBloom","floor":44,"gold_loss":0}],"is_beta":false,"boss_relics":[{"not_picked":["White Beast Statue","Runic Cube"],"picked":"Ectoplasm"},{"not_picked":["Calling Bell","Snecko Eye"],"picked":"Mark of Pain"}],"items_purged_floors":[20,46],"is_endless":false,"potions_floor_spawned":[1,3,5,16,25,28,30,33,39,41,48],"ascension_level":5}