{"gold_per_floor":[118,118,43,57,57,57,87,100,127,127,162,162,174,192,192,270,270,284,301,9,9,9,9,24,24,24,36,36,36],"floor_reached":29,"playtime":731,"items_purged":["Strike_R","Strike_R"],"score":452,"play_id":"c17fc042-8547-4d3c-a78d-ed4e3e74aefa","local_time":"20190125172829","is_ascension_mode":true,"campfire_choices":[{"data":"Bash","floor":6,"key":"SMITH"},{"data":"Berserk","floor":12,"key":"SMITH"},{"data":"Warcry","floor":15,"key":"SMITH"},{"data":"Apotheosis","floor":23,"key":"SMITH"},{"data":"Warcry","floor":25,"key":"SMITH"}],"neow_cost":"NONE","seed_source_timestamp":666033686139964,"circlet_count":0,"master_deck":["AscendersBane","Strike_R","Strike_R","Defend_R","Defend_R","Defend_R","Defend_R","Bash+1","Inflame+1","Pommel Strike","Clash","Iron Wave","Berserk+1","Pommel Strike","Warcry+1","Double Tap","Warcry+1","Clash","Apotheosis+1","J.A.X.","Pummel","Whirlwind+1","Whirlwind"],"relics":["Burning Blood","NeowsBlessing","Strawberry","Art of War","Ancient Tea Set","Mercury Hourglass","Sozu","StoneCalendar"],"potions_floor_usage":[11,11,19,27],"damage_taken":[{"damage":0,"enemies":"Small Slimes","floor":1,"turns":1},{"damage":0,"enemies":"Cultist","floor":4,"turns":1},{"damage":0,"enemies":"Lagavulin","floor":7,"turns":1},{"damage":5,"enemies":"2 Louse","floor":8,"turns":2},{"damage":23,"enemies":"3 Sentries","floor":11,"turns":8},{"damage":0,"enemies":"Exordium Thugs","floor":13,"turns":3},{"damage":11,"enemies":"Blue Slaver","floor":14,"turns":3},{"damage":62,"enemies":"Hexaghost","floor":16,"turns":7},{"damage":17,"enemies":"3 Byrds","floor":18,"turns":4},{"damage":14,"enemies":"Shell Parasite","floor":19,"turns":2},{"damage":3,"enemies":"Centurion and Healer","floor":24,"turns":4},{"damage":43,"enemies":"Shelled Parasite and Fungi","floor":27,"turns":4},{"damage":26,"enemies":"Book of Stabbing","floor":29,"turns":2}],"seed_played":"6058359743119843718","potions_obtained":[{"floor":1,"key":"BloodPotion"},{"floor":8,"key":"Block Potion"},{"floor":13,"key":"SneckoOil"},{"floor":16,"key":"AttackPotion"}],"is_trial":false,"path_per_floor":["M","?","$","M","?","R","E","M","T","?","E","R","M","M","R","B",null,"M","M","$","?","?","R","M","R","T","M","$","E"],"character_chosen":"IRONCLAD","items_purchased":["Apotheosis"],"campfire_rested":0,"item_purchase_floors":[20],"current_hp_per_floor":[74,74,74,75,82,82,82,82,82,82,73,73,79,74,74,18,66,55,47,47,47,47,47,50,50,50,13,13,0],"gold":36,"neow_bonus":"THREE_ENEMY_KILL","is_prod":false,"is_daily":false,"chose_seed":false,"campfire_upgraded":5,"win_rate":0,"timestamp":1548455309,"path_taken":["M","?","$","?","?","R","E","M","T","?","E","R","M","?","R","BOSS","M","M","$","?","?","R","M","R","T","M","$","E"],"build_version":"2019-01-23","purchased_purges":2,"victory":false,"max_hp_per_floor":[75,75,75,75,82,82,82,82,82,82,82,82,82,82,82,82,82,82,82,82,82,82,82,82,82,82,82,82,82],"card_choices":[{"not_picked":["Sentinel","Anger"],"picked":"Inflame","floor":1},{"not_picked":["Headbutt","Havoc"],"picked":"Pommel Strike","floor":4},{"not_picked":["Wild Strike","Iron Wave"],"picked":"Clash","floor":7},{"not_picked":["Rampage","Armaments"],"picked":"Iron Wave","floor":8},{"not_picked":["Power Through","Body Slam"],"picked":"Berserk","floor":11},{"not_picked":["Warcry","Flame Barrier"],"picked":"Pommel Strike","floor":13},{"not_picked":["Intimidate","Flame Barrier"],"picked":"Warcry","floor":14},{"not_picked":["Bludgeon","Impervious"],"picked":"Double Tap","floor":16},{"not_picked":["Shrug It Off","Wild Strike"],"picked":"Warcry","floor":18},{"not_picked":["Searing Blow","Flame Barrier"],"picked":"Clash","floor":19},{"not_picked":["Reckless Charge","Anger+1"],"picked":"Whirlwind+1","floor":24},{"not_picked":["Anger","Sword Boomerang"],"picked":"Whirlwind","floor":27}],"player_experience":448678,"relics_obtained":[{"floor":7,"key":"Art of War"},{"floor":9,"key":"Ancient Tea Set"},{"floor":11,"key":"Mercury Hourglass"},{"floor":26,"key":"StoneCalendar"}],"event_choices":[{"damage_healed":0,"gold_gain":0,"player_choice":"Upgraded","damage_taken":0,"max_hp_gain":0,"max_hp_loss":0,"event_name":"Upgrade Shrine","floor":2,"gold_loss":0,"cards_upgraded":["Inflame"]},{"damage_healed":0,"gold_gain":0,"player_choice":"Box","damage_taken":0,"relics_obtained":["Strawberry"],"max_hp_gain":0,"max_hp_loss":0,"event_name":"Big Fish","floor":5,"gold_loss":0,"cards_obtained":["Regret"]},{"cards_removed":["Regret"],"damage_healed":0,"gold_gain":0,"player_choice":"Removed Curses","damage_taken":0,"max_hp_gain":0,"max_hp_loss":0,"event_name":"Fountain of Cleansing","floor":10,"gold_loss":0},{"damage_healed":0,"gold_gain":0,"player_choice":"Obtain J.A.X.","damage_taken":0,"max_hp_gain":0,"max_hp_loss":0,"event_name":"Drug Dealer","floor":21,"gold_loss":0,"cards_obtained":["J.A.X."]},{"damage_healed":0,"gold_gain":0,"cards_transformed":["Strike_R"],"player_choice":"Transformed","damage_taken":0,"max_hp_gain":0,"max_hp_loss":0,"event_name":"Transmorgrifier","floor":22,"gold_loss":0,"cards_obtained":["Pummel"]}],"is_beta":false,"boss_relics":[{"not_picked":["Calling Bell","Ectoplasm"],"picked":"Sozu"}],"items_purged_floors":[3,20],"is_endless":false,"potions_floor_spawned":[1,8,13,16,19,27],"killed_by":"Book of Stabbing","ascension_level":15}