{"gold_per_floor":[116,116,11,11,11,40,56,56,56,56,75,75,106,6,6,78,78,96,16,31,31,31,31,61,61,86,113,113,130,148,8,8,81,81,92,92],"floor_reached":36,"playtime":1817,"items_purged":["Strike_R","Strike_R"],"score":812,"play_id":"b4a81da1-8dde-42be-b452-e23f8e8fad2e","local_time":"20190131183206","is_ascension_mode":true,"campfire_choices":[{"data":"True Grit","floor":10,"key":"SMITH"},{"data":"Inflame","floor":12,"key":"SMITH"},{"data":"Bash","floor":15,"key":"SMITH"},{"floor":23,"key":"REST"},{"floor":25,"key":"REST"},{"floor":28,"key":"REST"},{"data":"Rupture","floor":32,"key":"SMITH"}],"neow_cost":"NONE","seed_source_timestamp":1187241682042987,"circlet_count":0,"master_deck":["AscendersBane","Defend_R+1","Defend_R+1","Defend_R","Bash+1","Twin Strike+1","Immolate","True Grit+1","Ghostly Armor","Inflame+1","Anger","Reaper","Impervious+1","True Grit","Brutality","True Grit+1","Sword Boomerang","Flex+1","Power Through","Rupture+1","Berserk","Rampage+1","Double Tap+1","Impervious+1","Whirlwind"],"relics":["Black Blood","Vajra","Strawberry","Centennial Puzzle","Art of War","Incense Burner","Bag of Marbles","War Paint","Astrolabe"],"potions_floor_usage":[13,18,24,24,27,33],"damage_taken":[{"damage":4,"enemies":"Jaw Worm","floor":1,"turns":6},{"damage":12,"enemies":"3 Sentries","floor":6,"turns":3},{"damage":3,"enemies":"2 Louse","floor":7,"turns":3},{"damage":7,"enemies":"Small Slimes","floor":11,"turns":2},{"damage":15,"enemies":"Gremlin Nob","floor":13,"turns":4},{"damage":55,"enemies":"Hexaghost","floor":16,"turns":9},{"damage":31,"enemies":"Shell Parasite","floor":18,"turns":4},{"damage":5,"enemies":"2 Thieves","floor":19,"turns":4},{"damage":51,"enemies":"Snake Plant","floor":20,"turns":4},{"damage":53,"enemies":"Book of Stabbing","floor":24,"turns":5},{"damage":33,"enemies":"Gremlin Leader","floor":27,"turns":5},{"damage":10,"enemies":"Chosen and Byrds","floor":29,"turns":4},{"damage":8,"enemies":"Centurion and Healer","floor":30,"turns":5},{"damage":36,"enemies":"Champ","floor":33,"turns":11},{"damage":79,"enemies":"3 Darklings","floor":35,"turns":11},{"damage":36,"enemies":"3 Shapes","floor":36,"turns":2}],"seed_played":"275012586722610114","potions_obtained":[{"floor":7,"key":"Fire Potion"},{"floor":8,"key":"Weak Potion"},{"floor":16,"key":"Dexterity Potion"},{"floor":20,"key":"Energy Potion"},{"floor":24,"key":"Poison Potion"},{"floor":33,"key":"EssenceOfSteel"}],"is_trial":false,"path_per_floor":["M","?","$","?","?","E","M","?","T","R","M","R","E","$","R","B",null,"M","M","M","?","?","R","E","R","T","E","R","M","M","$","R","B",null,"M","M"],"character_chosen":"IRONCLAD","items_purchased":["True Grit","Rupture","FearPotion"],"campfire_rested":3,"item_purchase_floors":[3,31,31],"current_hp_per_floor":[70,70,70,47,72,73,76,76,76,76,75,75,66,66,66,25,68,47,68,35,35,35,59,28,52,52,29,53,62,82,82,82,75,80,19,0],"gold":92,"neow_bonus":"RANDOM_COMMON_RELIC","is_prod":false,"is_daily":false,"chose_seed":false,"campfire_upgraded":4,"win_rate":0,"timestamp":1548977526,"path_taken":["M","?","$","?","?","E","M","?","T","R","?","R","E","$","R","BOSS","M","M","M","?","?","R","E","R","T","E","R","M","M","$","R","BOSS","M","M"],"build_version":"2019-01-23","purchased_purges":2,"victory":false,"max_hp_per_floor":[75,75,75,75,75,82,82,82,82,82,82,82,82,82,82,82,82,82,82,82,82,82,82,82,82,82,82,82,82,82,82,82,82,82,82,82],"card_choices":[{"not_picked":["Flex","Thunderclap"],"picked":"Twin Strike","floor":1},{"not_picked":["Fire Breathing","Reckless Charge"],"picked":"Ghostly Armor","floor":6},{"not_picked":["Cleave","Evolve"],"picked":"Inflame","floor":7},{"not_picked":["Shrug It Off","Pommel Strike"],"picked":"Anger","floor":11},{"not_picked":["Hemokinesis","Reckless Charge"],"picked":"Reaper","floor":13},{"not_picked":["Brutality","Exhume"],"picked":"Impervious","floor":16},{"not_picked":["Twin Strike","Dual Wield"],"picked":"True Grit","floor":18},{"not_picked":["Heavy Blade+1","Shrug It Off"],"picked":"Brutality","floor":19},{"not_picked":["Anger","Perfected Strike"],"picked":"True Grit+1","floor":20},{"not_picked":["Thunderclap","Seeing Red"],"picked":"Sword Boomerang","floor":24},{"not_picked":["True Grit","Blood for Blood"],"picked":"Flex+1","floor":27},{"not_picked":["Rage","Warcry","Heavy Blade"],"picked":"SKIP","floor":29},{"not_picked":["Feel No Pain","Fire Breathing"],"picked":"Power Through","floor":30},{"not_picked":["Reaper","Feed"],"picked":"Berserk","floor":33},{"not_picked":["Bloodletting","Hemokinesis"],"picked":"Whirlwind","floor":35}],"player_experience":609219,"relics_obtained":[{"floor":6,"key":"Strawberry"},{"floor":9,"key":"Centennial Puzzle"},{"floor":13,"key":"Art of War"},{"floor":24,"key":"Incense Burner"},{"floor":26,"key":"Bag of Marbles"},{"floor":27,"key":"War Paint"}],"event_choices":[{"damage_healed":0,"gold_gain":0,"cards_transformed":["Strike_R"],"player_choice":"Change","damage_taken":0,"max_hp_gain":0,"max_hp_loss":0,"event_name":"Living Wall","floor":2,"gold_loss":0,"cards_obtained":["Immolate"]},{"damage_healed":0,"gold_gain":0,"player_choice":"Entered Light","damage_taken":23,"max_hp_gain":0,"max_hp_loss":0,"event_name":"Shining Light","floor":4,"gold_loss":0,"cards_upgraded":["Twin Strike","Defend_R"]},{"damage_healed":25,"gold_gain":0,"player_choice":"Banana","damage_taken":0,"max_hp_gain":0,"max_hp_loss":0,"event_name":"Big Fish","floor":5,"gold_loss":0},{"damage_healed":0,"gold_gain":0,"player_choice":"Got Potions","damage_taken":0,"max_hp_gain":0,"max_hp_loss":0,"event_name":"Lab","floor":8,"gold_loss":0},{"damage_healed":0,"gold_gain":0,"player_choice":"Ignored","damage_taken":0,"max_hp_gain":0,"max_hp_loss":0,"event_name":"Vampires","floor":21,"gold_loss":0},{"damage_healed":0,"gold_gain":0,"player_choice":"Ignored","damage_taken":0,"max_hp_gain":0,"max_hp_loss":0,"event_name":"Ghosts","floor":22,"gold_loss":0}],"is_beta":false,"boss_relics":[{"not_picked":["White Beast Statue","Fusion Hammer"],"picked":"Black Blood"},{"not_picked":["Eternal Feather","Tiny House"],"picked":"Astrolabe"}],"items_purged_floors":[3,14],"is_endless":false,"potions_floor_spawned":[7,16,20,24,33],"killed_by":"3 Shapes","ascension_level":20}