{"gold_per_floor":[118,43,63,63,81,81,113,124,124,124,124,143,169,179,179,179],"floor_reached":16,"playtime":1272,"items_purged":["Strike_B"],"score":123,"play_id":"a79f459f-73cc-40f3-a870-c3d38f98ef71","local_time":"20181023093702","is_ascension_mode":true,"campfire_choices":[{"data":"Consume","floor":6,"key":"SMITH"},{"data":"Fission","floor":10,"key":"SMITH"},{"floor":15,"key":"REST"}],"neow_cost":"NONE","seed_source_timestamp":661132836588198,"circlet_count":0,"master_deck":["Strike_B","Strike_B","Strike_B","Defend_B","Defend_B","Defend_B","Defend_B","Zap","Dualcast","Consume+1","FTL","Pain","Loop","Fission+1","Conserve Battery","Regret","Fission","Redo"],"relics":["Cracked Core","WarpedTongs","Pocketwatch","Kunai","Frozen Egg 2","Strawberry"],"potions_floor_usage":[7,13,14],"damage_taken":[{"damage":0,"enemies":"Cultist","floor":1,"turns":3},{"damage":0,"enemies":"Small Slimes","floor":3,"turns":2},{"damage":3,"enemies":"2 Louse","floor":5,"turns":3},{"damage":38,"enemies":"3 Sentries","floor":7,"turns":10},{"damage":8,"enemies":"Looter","floor":8,"turns":3},{"damage":11,"enemies":"2 Fungi Beasts","floor":12,"turns":4},{"damage":20,"enemies":"Gremlin Nob","floor":13,"turns":4},{"damage":4,"enemies":"Lots of Slimes","floor":14,"turns":2},{"damage":34,"enemies":"The Guardian","floor":16,"turns":9}],"seed_played":"540685617483459722","potions_obtained":[{"floor":3,"key":"Poison Potion"},{"floor":5,"key":"Dexterity Potion"},{"floor":7,"key":"Explosive Potion"},{"floor":13,"key":"SpeedPotion"}],"is_trial":false,"path_per_floor":["M","$","M","?","M","R","E","M","T","R","?","M","E","M","R"],"character_chosen":"DEFECT","items_purchased":[],"campfire_rested":1,"item_purchase_floors":[],"current_hp_per_floor":[82,82,82,82,79,79,41,33,33,33,33,22,9,5,31,0],"gold":179,"neow_bonus":"TEN_PERCENT_HP_BONUS","is_prod":false,"is_daily":false,"chose_seed":false,"campfire_upgraded":2,"win_rate":0,"timestamp":1540301822,"path_taken":["M","?","M","?","M","R","E","M","T","R","?","M","E","?","R","BOSS"],"build_version":"2018-10-18","purchased_purges":1,"victory":false,"max_hp_per_floor":[82,82,82,82,82,82,82,82,82,82,82,82,89,89,89,89],"card_choices":[{"not_picked":["Conserve Battery","Ball Lightning"],"picked":"Consume","floor":1},{"not_picked":["Streamline","Turbo"],"picked":"FTL","floor":3},{"not_picked":["Sweeping Beam","Scrape"],"picked":"Loop","floor":5},{"not_picked":["Beam Cell","Redo"],"picked":"Fission","floor":7},{"not_picked":["Scrape","Beam Cell"],"picked":"Conserve Battery","floor":8},{"not_picked":["Go for the Eyes","Beam Cell","Recycle"],"picked":"SKIP","floor":12},{"not_picked":["Cold Snap","White Noise"],"picked":"Fission","floor":13},{"not_picked":["Conserve Battery","Barrage"],"picked":"Redo","floor":14}],"player_experience":212387,"relics_obtained":[{"floor":7,"key":"Pocketwatch"},{"floor":9,"key":"Kunai"},{"floor":13,"key":"Strawberry"}],"event_choices":[{"damage_healed":0,"gold_gain":0,"player_choice":"Rummage","damage_taken":0,"relics_obtained":["WarpedTongs"],"max_hp_gain":0,"max_hp_loss":0,"event_name":"Accursed Blacksmith","floor":4,"gold_loss":0,"cards_obtained":["Pain"]},{"damage_healed":0,"gold_gain":0,"player_choice":"Box","damage_taken":0,"relics_obtained":["Frozen Egg 2"],"max_hp_gain":0,"max_hp_loss":0,"event_name":"Big Fish","floor":11,"gold_loss":0,"cards_obtained":["Regret"]}],"is_beta":false,"boss_relics":[],"items_purged_floors":[2],"is_endless":false,"potions_floor_spawned":[3,5,7,13],"killed_by":"The Guardian","ascension_level":2}