{"gold_per_floor":[113,127,202,214,227,227,254,254,254,254,269,304,304,317,317,391,391,406,25,51,62,161,194,194,227,273,273,283,28,28,38,38,114,114,129,142,242,33,33,33,66,166,166,196,196,212,226,76,76,76],"floor_reached":51,"playtime":3021,"items_purged":["Strike_B","Strike_B"],"score":1251,"play_id":"4231402a-1a80-44bf-a14c-90505664fa27","local_time":"20190210164825","is_ascension_mode":true,"campfire_choices":[{"floor":6.0,"key":"REST"},{"floor":8.0,"key":"REST"},{"data":"Defragment","floor":10.0,"key":"SMITH"},{"floor":13.0,"key":"REST"},{"data":"Zap","floor":15.0,"key":"SMITH"},{"floor":24.0,"key":"REST"},{"floor":27.0,"key":"REST"},{"data":"Echo Form","floor":32.0,"key":"SMITH"},{"data":"Redo","floor":40,"key":"SMITH"},{"data":"Loop","floor":45,"key":"SMITH"},{"floor":49,"key":"REST"}],"neow_cost":"NONE","seed_source_timestamp":14418079781588,"circlet_count":0,"master_deck":["AscendersBane","Strike_B","Strike_B+1","Defend_B","Defend_B","Defend_B","Defend_B","Zap+1","Dualcast","Defragment+1","Ball Lightning+1","Conserve Battery","Darkness","Streamline+1","Go for the Eyes+1","Reboot","Stack","Echo Form+1","Compile Driver+1","Defragment+1","Self Repair","Go for the Eyes+1","Redo+1","Cold Snap+1","Seek","Turbo","Core Surge+1","Glacier","Loop+1","Parasite","Lockon+1"],"special_seed":0,"relics":["FrozenCore","Potion Belt","Molten Egg 2","Matryoshka","Darkstone Periapt","DollysMirror","Red Mask","Whetstone","Art of War","Pantograph","Bag of Preparation","Mummified Hand","Cursed Key","Lee\u0027s Waffle","Question Card","Ice Cream","Girya"],"potions_floor_usage":[46,50,50,50],"damage_taken":[{"damage":0.0,"enemies":"2 Louse","floor":1.0,"turns":2.0},{"damage":7.0,"enemies":"Jaw Worm","floor":2.0,"turns":4.0},{"damage":11.0,"enemies":"Small Slimes","floor":4.0,"turns":3.0},{"damage":5.0,"enemies":"Looter","floor":5.0,"turns":4.0},{"damage":26.0,"enemies":"Gremlin Nob","floor":7.0,"turns":4.0},{"damage":16.0,"enemies":"Exordium Thugs","floor":11.0,"turns":5.0},{"damage":30.0,"enemies":"3 Sentries","floor":12.0,"turns":7.0},{"damage":6.0,"enemies":"2 Fungi Beasts","floor":14.0,"turns":3.0},{"damage":4.0,"enemies":"Hexaghost","floor":16.0,"turns":8.0},{"damage":4.0,"enemies":"Chosen","floor":18.0,"turns":6.0},{"damage":15.0,"enemies":"Masked Bandits","floor":20.0,"turns":3.0},{"damage":8.0,"enemies":"Shell Parasite","floor":21.0,"turns":5.0},{"damage":13.0,"enemies":"Gremlin Leader","floor":23.0,"turns":7.0},{"damage":32.0,"enemies":"Slavers","floor":25.0,"turns":7.0},{"damage":3.0,"enemies":"Snecko","floor":28.0,"turns":8.0},{"damage":6.0,"enemies":"Chosen and Byrds","floor":31.0,"turns":6.0},{"damage":55.0,"enemies":"Champ","floor":33.0,"turns":12.0},{"damage":13,"enemies":"3 Darklings","floor":35,"turns":6},{"damage":0,"enemies":"Orb Walker","floor":36,"turns":4},{"damage":40,"enemies":"Reptomancer","floor":41,"turns":8},{"damage":0,"enemies":"Mind Bloom Boss Battle","floor":42,"turns":8},{"damage":27,"enemies":"Giant Head","floor":44,"turns":8},{"damage":20,"enemies":"Writhing Mass","floor":46,"turns":7},{"damage":31,"enemies":"Transient","floor":47,"turns":5},{"damage":48,"enemies":"Donu and Deca","floor":50,"turns":12}],"seed_played":"-5522460535069399481","potions_obtained":[{"floor":5.0,"key":"FearPotion"},{"floor":7.0,"key":"Energy Potion"},{"floor":14.0,"key":"Block Potion"},{"floor":16.0,"key":"GamblersBrew"},{"floor":18.0,"key":"PowerPotion"},{"floor":23.0,"key":"EssenceOfSteel"},{"floor":28.0,"key":"PowerPotion"},{"floor":33.0,"key":"FearPotion"},{"floor":42,"key":"PowerPotion"},{"floor":46,"key":"Block Potion"},{"floor":47,"key":"SteroidPotion"}],"is_trial":false,"path_per_floor":["M","M","?","M","M","R","E","R","T","R","M","E","R","M","R","B",null,"M","$","?","M","?","E","R","E","T","R","M","$","?","M","R","B",null,"M","M","?","$","?","R","E","?","T","E","R","M","M","$","R","B",null],"character_chosen":"DEFECT","items_purchased":["DollysMirror","Self Repair","Go for the Eyes+1","Mummified Hand","Lee\u0027s Waffle","PowerPotion"],"campfire_rested":6,"item_purchase_floors":[19,19,19,29,38,48],"current_hp_per_floor":[68,61,50,39,34,56,30,52,52,52,36,6,28,22,22,18,61,57,57,42,34,34,21,43,25,25,47,44,44,44,38,38,15,60,47,54,54,82,78,78,45,77,77,57,57,57,33,33,58,42],"gold":76,"neow_bonus":"RANDOM_COMMON_RELIC","is_prod":false,"is_daily":false,"chose_seed":false,"campfire_upgraded":5,"win_rate":0,"timestamp":1549784905,"path_taken":["M","M","?","M","M","R","E","R","T","R","M","E","R","M","R","BOSS","M","$","?","M","?","E","R","E","T","R","M","$","?","M","R","BOSS","M","M","?","?","?","R","E","?","T","E","R","M","?","$","R","BOSS"],"build_version":"2019-01-23","purchased_purges":2,"victory":true,"max_hp_per_floor":[75,75,75,75,75,75,75,75,75,75,75,75,75,75,75,75,75,75,75,75,75,75,75,75,75,75,75,75,75,75,75,75,75,75,75,75,75,82,78,78,78,78,78,78,78,84,84,84,84,84],"card_choices":[{"not_picked":["Sweeping Beam","Conserve Battery"],"picked":"Defragment","floor":1.0},{"not_picked":["Tempest","Gash"],"picked":"Ball Lightning","floor":2.0},{"not_picked":["All For One","Gash"],"picked":"Conserve Battery","floor":4.0},{"not_picked":["Loop","Ball Lightning"],"picked":"Darkness","floor":5.0},{"not_picked":["Aggregate","Machine Learning"],"picked":"Streamline","floor":7.0},{"not_picked":["Beam Cell+1","Turbo"],"picked":"Go for the Eyes+1","floor":11.0},{"not_picked":["FTL+1","Reprogram"],"picked":"Reboot","floor":12.0},{"not_picked":["Skim","Loop"],"picked":"Stack","floor":14.0},{"not_picked":["Buffer","Fission"],"picked":"Echo Form","floor":16.0},{"not_picked":["Gash+1","Barrage+1"],"picked":"Compile Driver+1","floor":18.0},{"not_picked":["Sunder+1","Rebound+1"],"picked":"Redo","floor":20.0},{"not_picked":["Beam Cell+1","FTL+1"],"picked":"Cold Snap+1","floor":21.0},{"not_picked":["Fusion","Blizzard+1"],"picked":"Seek","floor":23.0},{"not_picked":["Chill","Gash+1","Compile Driver+1"],"picked":"SKIP","floor":25.0},{"not_picked":["Redo","Gash+1"],"picked":"Turbo","floor":28.0},{"not_picked":["Force Field","Barrage+1","Recycle"],"picked":"SKIP","floor":31.0},{"not_picked":["Echo Form","Fission"],"picked":"Core Surge+1","floor":33.0},{"not_picked":["Heatsinks","Redo","Barrage+1"],"picked":"SKIP","floor":35},{"not_picked":["Turbo","Hologram"],"picked":"Glacier","floor":36},{"not_picked":["Beam Cell+1","Force Field+1"],"picked":"Loop","floor":41},{"not_picked":["Gash+1","FTL+1","Beam Cell+1","Seek"],"picked":"SKIP","floor":44},{"not_picked":["Redo","Conserve Battery","Compile Driver+1"],"picked":"Lockon+1","floor":46},{"not_picked":["Go for the Eyes+1","Sweeping Beam+1","Leap","Self Repair"],"picked":"SKIP","floor":47}],"player_experience":322831,"relics_obtained":[{"floor":7.0,"key":"Molten Egg 2"},{"floor":9.0,"key":"Matryoshka"},{"floor":12.0,"key":"Darkstone Periapt"},{"floor":20.0,"key":"Red Mask"},{"floor":23.0,"key":"Whetstone"},{"floor":25.0,"key":"Art of War"},{"floor":26.0,"key":"Pantograph"},{"floor":26.0,"key":"Bag of Preparation"},{"floor":41,"key":"Question Card"},{"floor":42,"key":"Ice Cream"},{"floor":44,"key":"Girya"}],"event_choices":[{"damage_healed":0.0,"max_hp_gain":0.0,"max_hp_loss":0.0,"gold_gain":75.0,"event_name":"World of Goop","player_choice":"Gather Gold","floor":3.0,"gold_loss":0.0,"damage_taken":11.0},{"damage_healed":0.0,"max_hp_gain":0.0,"max_hp_loss":0.0,"gold_gain":0.0,"event_name":"Masked Bandits","player_choice":"Fought Bandits","floor":20.0,"gold_loss":0.0,"damage_taken":0.0},{"damage_healed":0.0,"max_hp_gain":0.0,"max_hp_loss":0.0,"gold_gain":99.0,"event_name":"Nest","player_choice":"Stole From Cult","floor":22.0,"gold_loss":0.0,"damage_taken":0.0},{"damage_healed":0,"gold_gain":100,"player_choice":"Pray","damage_taken":0,"max_hp_gain":0,"max_hp_loss":0,"event_name":"Golden Shrine","floor":37,"gold_loss":0},{"damage_healed":0,"gold_gain":0,"player_choice":"Max HP","damage_taken":0,"max_hp_gain":0,"max_hp_loss":4,"event_name":"Winding Halls","floor":39,"gold_loss":0},{"damage_healed":0,"gold_gain":0,"player_choice":"Fight","damage_taken":0,"max_hp_gain":0,"max_hp_loss":0,"event_name":"MindBloom","floor":42,"gold_loss":0}],"is_beta":false,"boss_relics":[{"not_picked":["Inserter","Fusion Hammer"],"picked":"FrozenCore"},{"not_picked":["Calling Bell","Runic Dome"],"picked":"Cursed Key"}],"items_purged_floors":[19,48],"is_endless":false,"potions_floor_spawned":[5,7,14,16,18,23,28,33,42,46,47],"ascension_level":13}