{"gold_per_floor":[218,4,41,316,10,76,111,111,111,111,111,139,203,215,215,215],"floor_reached":16,"playtime":550,"items_purged":[],"score":127,"play_id":"df3f486f-3614-4df4-a063-0ef88db0d425","local_time":"20190105091229","is_ascension_mode":true,"campfire_choices":[{"floor":8,"key":"REST"},{"floor":10,"key":"REST"},{"floor":15,"key":"REST"}],"neow_cost":"NONE","seed_source_timestamp":1320578012503201,"circlet_count":0,"master_deck":["Strike_B","Strike_B","Strike_B","Strike_B","Defend_B","Defend_B","Defend_B","Defend_B","Zap","Dualcast","Force Field","HandOfGreed+1","Conserve Battery","Regret","Consume","Steam","Turbo"],"relics":["Cracked Core","Incense Burner","Pantograph","Happy Flower","Unceasing Top"],"potions_floor_usage":[12,16],"damage_taken":[{"damage":14,"enemies":"Small Slimes","floor":1,"turns":3},{"damage":0,"enemies":"Cultist","floor":3,"turns":2},{"damage":32,"enemies":"3 Sentries","floor":6,"turns":8},{"damage":11,"enemies":"2 Louse","floor":7,"turns":3},{"damage":25,"enemies":"Gremlin Nob","floor":12,"turns":4},{"damage":14,"enemies":"Gremlin Gang","floor":13,"turns":5},{"damage":14,"enemies":"Looter","floor":14,"turns":2},{"damage":56,"enemies":"The Guardian","floor":16,"turns":11}],"seed_played":"-6419422790048320334","potions_obtained":[{"floor":1,"key":"Weak Potion"},{"floor":3,"key":"Block Potion"},{"floor":12,"key":"Weak Potion"}],"is_trial":false,"path_per_floor":["M","$","M","?","$","E","M","R","T","R","?","E","M","M","R","B"],"character_chosen":"DEFECT","items_purchased":["HandOfGreed","Fire Potion","Incense Burner"],"campfire_rested":3,"item_purchase_floors":[2,2,5],"current_hp_per_floor":[61,61,61,61,61,29,18,40,40,62,62,37,23,9,31,0],"gold":215,"neow_bonus":"HUNDRED_GOLD","is_prod":false,"is_daily":false,"chose_seed":false,"campfire_upgraded":0,"win_rate":0,"timestamp":1546697549,"path_taken":["M","$","M","?","$","E","?","R","T","R","?","E","?","M","R","BOSS"],"build_version":"2019-01-03v4","purchased_purges":0,"victory":false,"max_hp_per_floor":[75,75,75,75,75,75,75,75,75,75,75,75,75,75,75,75],"card_choices":[{"not_picked":["Skim","Reprogram"],"picked":"Force Field","floor":1},{"not_picked":["Sweeping Beam","Blizzard"],"picked":"Conserve Battery","floor":3},{"not_picked":["Ball Lightning","Turbo"],"picked":"Consume","floor":6},{"not_picked":["Stack","Go for the Eyes","Streamline"],"picked":"SKIP","floor":7},{"not_picked":["Go for the Eyes","Reprogram"],"picked":"Steam","floor":12},{"not_picked":["Gash","Hello World"],"picked":"Turbo","floor":13},{"not_picked":["Rip and Tear","Reinforced Body","White Noise"],"picked":"SKIP","floor":14}],"player_experience":316551,"relics_obtained":[{"floor":6,"key":"Pantograph"},{"floor":9,"key":"Happy Flower"},{"floor":12,"key":"Unceasing Top"}],"event_choices":[{"damage_healed":0,"gold_gain":275,"player_choice":"Desecrate","damage_taken":0,"max_hp_gain":0,"max_hp_loss":0,"event_name":"Golden Shrine","floor":4,"gold_loss":0,"cards_obtained":["Regret"]},{"damage_healed":0,"gold_gain":0,"player_choice":"Upgraded","damage_taken":0,"max_hp_gain":0,"max_hp_loss":0,"event_name":"Upgrade Shrine","floor":11,"gold_loss":0,"cards_upgraded":["HandOfGreed"]}],"is_beta":false,"boss_relics":[],"items_purged_floors":[],"is_endless":false,"potions_floor_spawned":[1,3,12],"killed_by":"The Guardian","ascension_level":3}