{"gold_per_floor":[118,43,59,59,59,90,100,131,157,172,172,185,205,234,234,333,333,350,350,97,131,151,184,184,201,279,305,92,127,9,26,26,122,122,139,158,168,187,199,199,234,234,234,92,126,140,156,166,166,166],"floor_reached":51,"playtime":2577,"items_purged":["Zap","Survivor","Bash","Regret"],"score":931,"play_id":"b89c649b-ed81-4f81-8175-4607b4ef0957","local_time":"20190205235105","daily_mods":["Chimera","Vintage","Night Terrors"],"is_ascension_mode":false,"campfire_choices":[{"data":"Brutality","floor":11,"key":"SMITH"},{"data":"Bloodletting","floor":15,"key":"SMITH"},{"data":"Dark Shackles","floor":24,"key":"SMITH"},{"data":"Fusion","floor":32,"key":"SMITH"},{"data":"Wraith Form v2","floor":40,"key":"SMITH"},{"data":"Dark Shackles","floor":42,"key":"SMITH"},{"data":"Double Tap","floor":49,"key":"SMITH"}],"neow_cost":"","seed_source_timestamp":0,"circlet_count":0,"master_deck":["Strike_R+1","Strike_G+1","Strike_B+1","Defend_R+1","Defend_G+1","Defend_B+1","Clothesline","Shrug It Off","Immolate+1","Dark Shackles+1","Pommel Strike","Brutality+1","Bloodletting+1","Double Tap+1","Backflip+1","Skim+1","Fusion+1","Carnage","Dark Shackles+1","Steam+1","Carnage","Wraith Form v2+1","Rip and Tear+1","Enlightenment"],"relics":["Burning Blood","Ancient Tea Set","Bag of Marbles","Strawberry","Centennial Puzzle","Pen Nib","Blood Vial","Whetstone","WingedGreaves","Smiling Mask","Odd Mushroom","Runic Pyramid","Ginger","PrismaticShard","Red Mask","Happy Flower","Nunchaku","Potion Belt","Darkstone Periapt","Anchor","Art of War","Bronze Scales","Cursed Key","Vajra","Bird Faced Urn","Question Card","Bag of Preparation","Oddly Smooth Stone","Orichalcum","Singing Bowl","Kunai","Shuriken","The Courier","Blue Candle"],"potions_floor_usage":[],"damage_taken":[{"damage":1,"enemies":"2 Louse","floor":1,"turns":3},{"damage":5,"enemies":"Cultist","floor":3,"turns":4},{"damage":23,"enemies":"Gremlin Nob","floor":6,"turns":5},{"damage":0,"enemies":"Small Slimes","floor":7,"turns":1},{"damage":5,"enemies":"3 Sentries","floor":8,"turns":4},{"damage":0,"enemies":"2 Fungi Beasts","floor":10,"turns":1},{"damage":4,"enemies":"Blue Slaver","floor":12,"turns":2},{"damage":1,"enemies":"Exordium Wildlife","floor":13,"turns":2},{"damage":7,"enemies":"The Mushroom Lair","floor":14,"turns":2},{"damage":23,"enemies":"Slime Boss","floor":16,"turns":5},{"damage":3,"enemies":"3 Byrds","floor":18,"turns":2},{"damage":1,"enemies":"Masked Bandits","floor":21,"turns":2},{"damage":11,"enemies":"2 Thieves","floor":22,"turns":3},{"damage":2,"enemies":"Slavers","floor":23,"turns":3},{"damage":13,"enemies":"Shelled Parasite and Fungi","floor":25,"turns":4},{"damage":13,"enemies":"Book of Stabbing","floor":27,"turns":4},{"damage":7,"enemies":"Gremlin Leader","floor":29,"turns":5},{"damage":6,"enemies":"Centurion and Healer","floor":31,"turns":4},{"damage":30,"enemies":"Automaton","floor":33,"turns":7},{"damage":5,"enemies":"3 Shapes","floor":35,"turns":3},{"damage":0,"enemies":"Orb Walker","floor":36,"turns":1},{"damage":7,"enemies":"Maw","floor":37,"turns":5},{"damage":10,"enemies":"Writhing Mass","floor":38,"turns":3},{"damage":6,"enemies":"Sphere and 2 Shapes","floor":39,"turns":4},{"damage":17,"enemies":"Giant Head","floor":41,"turns":7},{"damage":5,"enemies":"Nemesis","floor":45,"turns":5},{"damage":5,"enemies":"Spire Growth","floor":46,"turns":3},{"damage":9,"enemies":"Maw","floor":47,"turns":4},{"damage":1,"enemies":"Jaw Worm Horde","floor":48,"turns":2},{"damage":12,"enemies":"Time Eater","floor":50,"turns":6}],"seed_played":"-5987081801104213143","potions_obtained":[{"floor":3,"key":"Block Potion"},{"floor":6,"key":"Block Potion"},{"floor":8,"key":"Poison Potion"},{"floor":13,"key":"Strength Potion"},{"floor":29,"key":"FearPotion"},{"floor":33,"key":"AttackPotion"},{"floor":36,"key":"Ancient Potion"},{"floor":39,"key":"Dexterity Potion"},{"floor":45,"key":"Swift Potion"}],"is_trial":true,"path_per_floor":["M","$","M","?","$","E","M","E","T","M","R","M","M","?","R","B",null,"M","?","$","?","M","E","R","M","T","E","$","E","$","M","R","B",null,"M","M","M","M","M","R","E","R","T","$","E","M","M","M","R","B",null],"character_chosen":"IRONCLAD","items_purchased":["Clothesline","Shrug It Off","PrismaticShard","Carnage","Dark Shackles","Carnage","Enlightenment"],"campfire_rested":0,"item_purchase_floors":[2,2,20,28,28,30,44],"current_hp_per_floor":[80,80,80,80,80,70,76,77,77,85,85,87,87,86,86,70,87,87,87,87,87,82,87,87,80,80,75,75,76,76,78,78,56,87,87,87,87,83,87,87,80,80,86,86,95,95,94,95,95,93],"gold":166,"neow_bonus":"","is_prod":false,"is_daily":false,"chose_seed":false,"campfire_upgraded":7,"win_rate":0,"timestamp":1549428665,"path_taken":["M","$","M","?","$","E","M","E","T","M","R","M","?","?","R","BOSS","M","?","$","?","M","E","R","M","T","E","$","E","$","M","R","BOSS","M","M","M","M","M","R","E","R","T","$","E","M","M","M","R","BOSS"],"build_version":"2019-01-23","purchased_purges":4,"victory":true,"max_hp_per_floor":[80,80,80,80,80,87,87,87,87,87,87,87,87,87,87,87,87,87,87,87,87,87,87,87,87,87,87,87,87,87,87,87,87,87,87,87,87,87,87,87,87,87,93,93,95,95,95,95,95,95],"card_choices":[{"not_picked":["Reckless Charge","Wild Strike"],"picked":"Pommel Strike","floor":6},{"not_picked":["Flex","Wild Strike"],"picked":"Brutality","floor":8},{"not_picked":["Armaments","Sword Boomerang"],"picked":"Bloodletting","floor":14},{"not_picked":["Juggernaut","Barricade"],"picked":"Double Tap","floor":16},{"not_picked":["Armaments","Riddle With Holes+1"],"picked":"Backflip+1","floor":21},{"not_picked":["Escape Plan+1","Barrage"],"picked":"Skim+1","floor":23},{"not_picked":["Backflip","Purity+1"],"picked":"Fusion","floor":27},{"not_picked":["Searing Blow","Acrobatics+1"],"picked":"Steam+1","floor":29},{"not_picked":["Dark Embrace","All For One"],"picked":"Wraith Form v2","floor":33},{"not_picked":["Clash+1","Poisoned Stab","Pommel Strike"],"picked":"Rip and Tear+1","floor":41},{"not_picked":["Uppercut+1","Pommel Strike+1","Streamline","Sword Boomerang+1"],"picked":"Singing Bowl","floor":45}],"player_experience":689363,"relics_obtained":[{"floor":1,"key":"Ancient Tea Set"},{"floor":3,"key":"Bag of Marbles"},{"floor":6,"key":"Strawberry"},{"floor":7,"key":"Centennial Puzzle"},{"floor":8,"key":"Pen Nib"},{"floor":9,"key":"Blood Vial"},{"floor":10,"key":"Whetstone"},{"floor":12,"key":"WingedGreaves"},{"floor":13,"key":"Smiling Mask"},{"floor":14,"key":"Odd Mushroom"},{"floor":18,"key":"Ginger"},{"floor":21,"key":"Red Mask"},{"floor":22,"key":"Happy Flower"},{"floor":23,"key":"Nunchaku"},{"floor":25,"key":"Potion Belt"},{"floor":26,"key":"Darkstone Periapt"},{"floor":27,"key":"Anchor"},{"floor":29,"key":"Art of War"},{"floor":31,"key":"Bronze Scales"},{"floor":35,"key":"Vajra"},{"floor":36,"key":"Bird Faced Urn"},{"floor":37,"key":"Question Card"},{"floor":38,"key":"Bag of Preparation"},{"floor":39,"key":"Oddly Smooth Stone"},{"floor":41,"key":"Orichalcum"},{"floor":43,"key":"Singing Bowl"},{"floor":45,"key":"Kunai"},{"floor":46,"key":"Shuriken"},{"floor":47,"key":"The Courier"},{"floor":48,"key":"Blue Candle"}],"event_choices":[{"damage_healed":0,"gold_gain":0,"player_choice":"2 cards matched","damage_taken":0,"max_hp_gain":0,"max_hp_loss":0,"event_name":"Match and Keep!","floor":4,"gold_loss":0,"cards_obtained":["Immolate","Dark Shackles"]},{"damage_healed":0,"gold_gain":0,"player_choice":"Fought Mushrooms","damage_taken":0,"max_hp_gain":0,"max_hp_loss":0,"event_name":"Mushrooms","floor":14,"gold_loss":0},{"damage_healed":0,"gold_gain":0,"player_choice":"Simplicity","damage_taken":0,"max_hp_gain":0,"max_hp_loss":0,"event_name":"Back to Basics","floor":19,"gold_loss":0,"cards_upgraded":["Strike_R","Strike_G","Defend_R","Defend_G","Defend_B"]},{"damage_healed":0,"gold_gain":0,"player_choice":"Fought Bandits","damage_taken":0,"max_hp_gain":0,"max_hp_loss":0,"event_name":"Masked Bandits","floor":21,"gold_loss":0}],"is_beta":false,"boss_relics":[{"not_picked":["Black Star","Ectoplasm"],"picked":"Runic Pyramid"},{"not_picked":["Tiny House","Astrolabe"],"picked":"Cursed Key"}],"items_purged_floors":[20,28,30,44],"is_endless":false,"potions_floor_spawned":[3,6,8,13,23,29,33,36,39,45,46],"ascension_level":0}