{"gold_per_floor":[362,362,375,395,58,58,89,35,35,51,76,87,119,119,119,193,193,203,223,236,236,286,286,318,318,395,406,419,419,13,28,28,105,105,118,118],"floor_reached":36,"playtime":2316,"items_purged":["Strike_G","Strike_G"],"score":751,"play_id":"7eba23e1-2900-4c29-ab44-2ff2506dbba8","local_time":"20190222154804","is_ascension_mode":true,"campfire_choices":[{"data":"A Thousand Cuts","floor":6,"key":"SMITH"},{"floor":15,"key":"REST"},{"floor":23,"key":"REST"},{"data":"Ghostly","floor":25,"key":"SMITH"},{"data":"Ghostly","floor":29,"key":"SMITH"},{"floor":32,"key":"REST"}],"neow_cost":"TEN_PERCENT_HP_LOSS","seed_source_timestamp":275741957485796,"circlet_count":0,"master_deck":["AscendersBane","Defend_G","Defend_G","Defend_G","Defend_G","Defend_G","Strike_G","Strike_G","Strike_G","Survivor","Neutralize","A Thousand Cuts+1","Neutralize","Dodge and Roll","Endless Agony","Footwork","Blade Dance","Backstab+1","Doppelganger","Cloak And Dagger","Footwork","Adrenaline","Leg Sweep","Cloak And Dagger","Dagger Spray+1","Ghostly+1","Ghostly+1","Ghostly","Clumsy","Deflect+1","Expertise+1","Escape Plan+1","Adrenaline+1","PiercingWail+1"],"relics":["Ring of the Snake","Molten Egg 2","Shuriken","Gremlin Horn","Torii","PreservedInsect","Cursed Key","Toxic Egg 2","Pear","Toy Ornithopter","White Beast Statue"],"potions_floor_usage":[14,24,33,33],"damage_taken":[{"damage":3,"enemies":"2 Louse","floor":1,"turns":4},{"damage":3,"enemies":"Cultist","floor":3,"turns":6},{"damage":0,"enemies":"Small Slimes","floor":4,"turns":5},{"damage":5,"enemies":"3 Sentries","floor":7,"turns":5},{"damage":0,"enemies":"Blue Slaver","floor":10,"turns":4},{"damage":22,"enemies":"Lagavulin","floor":11,"turns":8},{"damage":0,"enemies":"Exordium Thugs","floor":12,"turns":2},{"damage":17,"enemies":"3 Sentries","floor":13,"turns":6},{"damage":1,"enemies":"Exordium Wildlife","floor":14,"turns":4},{"damage":21,"enemies":"Slime Boss","floor":16,"turns":10},{"damage":16,"enemies":"3 Byrds","floor":18,"turns":3},{"damage":0,"enemies":"2 Thieves","floor":19,"turns":3},{"damage":25,"enemies":"Cultist and Chosen","floor":20,"turns":8},{"damage":1,"enemies":"Gremlin Leader","floor":24,"turns":5},{"damage":17,"enemies":"Chosen and Byrds","floor":27,"turns":8},{"damage":0,"enemies":"3 Cultists","floor":28,"turns":5},{"damage":0,"enemies":"Shelled Parasite and Fungi","floor":31,"turns":7},{"damage":7,"enemies":"Champ","floor":33,"turns":15},{"damage":0,"enemies":"Orb Walker","floor":35,"turns":5},{"damage":38,"enemies":"2 Orb Walkers","floor":36,"turns":5}],"seed_played":"-6187973247582659505","potions_obtained":[{"floor":1,"key":"FearPotion"},{"floor":7,"key":"SmokeBomb"},{"floor":16,"key":"Energy Potion"},{"floor":19,"key":"Explosive Potion"},{"floor":27,"key":"GhostInAJar"},{"floor":31,"key":"SteroidPotion"},{"floor":35,"key":"SpeedPotion"}],"is_trial":false,"path_per_floor":["M","?","M","M","$","R","E","$","T","M","E","M","E","M","R","B",null,"M","M","M","?","?","R","E","R","T","M","M","R","$","M","R","B",null,"M","?"],"character_chosen":"THE_SILENT","items_purchased":["Molten Egg 2","Blade Dance","Toy Ornithopter","Escape Plan+1"],"campfire_rested":3,"item_purchase_floors":[5,8,30,30],"current_hp_per_floor":[56,56,53,53,53,53,48,48,48,48,26,26,9,8,26,5,46,30,30,5,5,5,14,13,13,23,6,6,6,6,6,18,21,35,35,0],"gold":118,"neow_bonus":"TWO_FIFTY_GOLD","is_prod":false,"is_daily":false,"chose_seed":false,"campfire_upgraded":3,"win_rate":0,"timestamp":1550868484,"path_taken":["M","?","M","M","$","R","E","?","T","M","E","M","E","M","R","BOSS","M","?","M","?","?","R","E","R","T","M","M","R","$","M","R","BOSS","M","?"],"build_version":"2019-01-23","purchased_purges":2,"victory":false,"max_hp_per_floor":[60,60,60,60,60,60,60,60,60,60,60,60,60,60,60,60,60,60,60,60,30,30,30,30,30,40,40,40,40,40,40,40,40,40,40,40],"card_choices":[{"not_picked":["Concentrate","Accuracy","Deflect"],"picked":"SKIP","floor":1},{"not_picked":["Bane","Tactician"],"picked":"Dodge and Roll","floor":3},{"not_picked":["Underhanded Strike","Dagger Spray"],"picked":"Endless Agony","floor":4},{"not_picked":["Expertise","Masterful Stab+1"],"picked":"Footwork","floor":7},{"not_picked":["Outmaneuver","Deflect"],"picked":"Backstab+1","floor":10},{"not_picked":["Distraction","Backflip"],"picked":"Doppelganger","floor":11},{"not_picked":["Blade Dance","Poisoned Stab+1"],"picked":"Cloak And Dagger","floor":12},{"not_picked":["Deflect","Blade Dance"],"picked":"Footwork","floor":13},{"not_picked":["Storm of Steel","Glass Knife+1"],"picked":"Adrenaline","floor":16},{"not_picked":["Acrobatics","Quick Slash+1"],"picked":"Leg Sweep","floor":18},{"not_picked":["Riddle With Holes+1","Calculated Gamble"],"picked":"Cloak And Dagger","floor":19},{"not_picked":["PiercingWail","Bane+1"],"picked":"Dagger Spray+1","floor":20},{"not_picked":["Quick Slash+1","Catalyst","Distraction"],"picked":"SKIP","floor":24},{"not_picked":["Bouncing Flask+1","Sucker Punch+1"],"picked":"Deflect+1","floor":27},{"not_picked":["Leg Sweep+1","Bane+1"],"picked":"Expertise+1","floor":28},{"not_picked":["Poisoned Stab+1","Dagger Throw+1","Deadly Poison+1"],"picked":"SKIP","floor":31},{"not_picked":["Venomology+1","A Thousand Cuts"],"picked":"Adrenaline+1","floor":33},{"not_picked":["Bouncing Flask+1","Deflect+1"],"picked":"PiercingWail+1","floor":35}],"player_experience":828035,"relics_obtained":[{"floor":7,"key":"Shuriken"},{"floor":9,"key":"Gremlin Horn"},{"floor":11,"key":"Torii"},{"floor":13,"key":"PreservedInsect"},{"floor":24,"key":"Toxic Egg 2"},{"floor":26,"key":"Pear"}],"event_choices":[{"damage_healed":0,"gold_gain":0,"player_choice":"2 cards matched","damage_taken":0,"max_hp_gain":0,"max_hp_loss":0,"event_name":"Match and Keep!","floor":2,"gold_loss":0,"cards_obtained":["A Thousand Cuts","Neutralize"]},{"damage_healed":0,"gold_gain":0,"player_choice":"Became a Ghost","damage_taken":0,"max_hp_gain":0,"max_hp_loss":30,"event_name":"Ghosts","floor":21,"gold_loss":0,"cards_obtained":["Ghostly","Ghostly","Ghostly"]},{"damage_healed":0,"gold_gain":50,"player_choice":"Pray","damage_taken":0,"max_hp_gain":0,"max_hp_loss":0,"event_name":"Golden Shrine","floor":22,"gold_loss":0},{"damage_healed":0,"gold_gain":0,"player_choice":"Fight","damage_taken":0,"max_hp_gain":0,"max_hp_loss":0,"event_name":"Mysterious Sphere","floor":36,"gold_loss":0}],"is_beta":false,"boss_relics":[{"not_picked":["Velvet Choker","Pandora\u0027s Box"],"picked":"Cursed Key"},{"not_picked":["WristBlade","Sozu"],"picked":"White Beast Statue"}],"items_purged_floors":[5,30],"is_endless":false,"potions_floor_spawned":[1,7,13,16,19,27,28,31,35],"killed_by":"2 Orb Walkers","ascension_level":17}