{"gold_per_floor":[217,217,231,231,251,282,282,62,62,73,73,38,38,49,49,125,125,140,140,152,162,162,162,181,181,208,234,234,234,3,3,3,79,129,149,167,184,84,98,98,114,127,127,127,2,102,119,136,136,136],"floor_reached":51,"playtime":2277,"items_purged":["Pain","Defend_B","Decay"],"score":1154,"play_id":"d137b5a9-2e72-4023-8c0b-bbd55237e3c2","local_time":"20190224175557","is_ascension_mode":true,"campfire_choices":[{"floor":7.0,"key":"REST"},{"data":"Sunder","floor":11.0,"key":"SMITH"},{"data":"Zap","floor":13.0,"key":"SMITH"},{"data":"Dualcast","floor":15.0,"key":"SMITH"},{"data":"Chill","floor":23.0,"key":"SMITH"},{"data":"Consume","floor":25.0,"key":"SMITH"},{"floor":28.0,"key":"REST"},{"data":"Defragment","floor":32.0,"key":"SMITH"},{"floor":40.0,"key":"REST"},{"data":"Defragment","floor":44.0,"key":"SMITH"},{"floor":49.0,"key":"REST"}],"neow_cost":"NONE","seed_source_timestamp":103051264133238,"circlet_count":0,"master_deck":["AscendersBane","Strike_B","Defend_B","Defend_B+1","Defend_B","Zap+1","Dualcast+1","Chill+1","Sunder+1","FTL","Electrodynamics","Consume+1","Conserve Battery","Tempest","Leap","Clumsy","Defragment+1","Glacier","Defragment+1","Loop","Capacitor","Defragment"],"special_seed":0,"relics":["Cracked Core","WarpedTongs","Symbiotic Virus","Regal Pillow","Mercury Hourglass","Cursed Key","Happy Flower","Bag of Marbles","Tiny House","Unceasing Top","Dead Branch"],"potions_floor_usage":[],"damage_taken":[{"damage":9.0,"enemies":"Jaw Worm","floor":1.0,"turns":4.0},{"damage":3.0,"enemies":"Cultist","floor":3.0,"turns":3.0},{"damage":3.0,"enemies":"Small Slimes","floor":5.0,"turns":3.0},{"damage":43.0,"enemies":"Gremlin Nob","floor":6.0,"turns":5.0},{"damage":1.0,"enemies":"Red Slaver","floor":10.0,"turns":2.0},{"damage":2.0,"enemies":"Looter","floor":14.0,"turns":3.0},{"damage":0.0,"enemies":"Slime Boss","floor":16.0,"turns":6.0},{"damage":5.0,"enemies":"3 Byrds","floor":18.0,"turns":2.0},{"damage":0.0,"enemies":"Spheric Guardian","floor":20.0,"turns":2.0},{"damage":5.0,"enemies":"Snake Plant","floor":21.0,"turns":3.0},{"damage":18.0,"enemies":"Shelled Parasite and Fungi","floor":24.0,"turns":5.0},{"damage":36.0,"enemies":"Gremlin Leader","floor":27.0,"turns":6.0},{"damage":0.0,"enemies":"Masked Bandits","floor":29.0,"turns":1.0},{"damage":20.0,"enemies":"Automaton","floor":33.0,"turns":9.0},{"damage":0.0,"enemies":"3 Shapes","floor":35.0,"turns":3.0},{"damage":0.0,"enemies":"3 Darklings","floor":36.0,"turns":2.0},{"damage":49.0,"enemies":"Transient","floor":37.0,"turns":5.0},{"damage":2.0,"enemies":"Spire Growth","floor":39.0,"turns":5.0},{"damage":0.0,"enemies":"Jaw Worm Horde","floor":41.0,"turns":3.0},{"damage":0.0,"enemies":"Sphere and 2 Shapes","floor":42.0,"turns":3.0},{"damage":19.0,"enemies":"Mind Bloom Boss Battle","floor":46.0,"turns":6.0},{"damage":20.0,"enemies":"Writhing Mass","floor":47.0,"turns":7.0},{"damage":6.0,"enemies":"Transient","floor":48.0,"turns":5.0},{"damage":53,"enemies":"Donu and Deca","floor":50,"turns":6}],"seed_played":"5240215755291584503","potions_obtained":[{"floor":3.0,"key":"Strength Potion"},{"floor":14.0,"key":"GamblersBrew"},{"floor":16.0,"key":"Poison Potion"},{"floor":18.0,"key":"SmokeBomb"},{"floor":27.0,"key":"SkillPotion"},{"floor":33.0,"key":"LiquidBronze"},{"floor":34.0,"key":"FairyPotion"},{"floor":39.0,"key":"SkillPotion"}],"is_trial":false,"path_per_floor":["M","?","M","?","M","E","R","$","T","M","R","?","R","M","R","B",null,"M","?","M","M","?","R","M","R","T","E","R","?","$","?","R","B",null,"M","M","M","$","M","R","M","M","T","R","$","?","M","M","R","B",null],"character_chosen":"DEFECT","items_purchased":["Regal Pillow","Defragment","Bag of Marbles"],"campfire_rested":4,"item_purchase_floors":[8,30,30],"current_hp_per_floor":[59,59,56,56,53,10,32,32,32,31,31,49,49,47,47,47,68,63,63,63,58,58,58,40,40,40,4,41,41,41,41,41,21,67,67,67,18,18,16,55,55,55,55,55,55,36,16,10,49,8],"gold":136,"neow_bonus":"HUNDRED_GOLD","is_prod":false,"is_daily":false,"chose_seed":false,"campfire_upgraded":7,"win_rate":0,"timestamp":1551059757,"path_taken":["M","?","?","?","M","E","R","$","T","?","R","?","R","M","R","BOSS","M","?","?","M","?","R","M","R","T","E","R","?","?","?","R","BOSS","M","M","M","$","M","R","M","M","T","R","$","?","M","M","R","BOSS"],"build_version":"2019-01-23","purchased_purges":3,"victory":true,"max_hp_per_floor":[75,75,75,75,75,75,75,75,75,75,75,75,75,75,75,75,75,75,75,75,75,75,75,75,75,75,75,75,75,75,75,75,75,80,80,80,80,80,80,80,80,80,80,80,80,80,80,80,80,80],"card_choices":[{"not_picked":["Coolheaded","Hologram"],"picked":"Chill","floor":1.0},{"not_picked":["Rebound","Streamline","Reprogram"],"picked":"SKIP","floor":3.0},{"not_picked":["Rebound","Beam Cell"],"picked":"Sunder","floor":5.0},{"not_picked":["Machine Learning","Sweeping Beam"],"picked":"FTL","floor":6.0},{"not_picked":["Gash","Compile Driver","Hologram"],"picked":"SKIP","floor":10.0},{"not_picked":["Fusion","Compile Driver","Sweeping Beam"],"picked":"SKIP","floor":14.0},{"not_picked":["Thunder Strike","Amplify"],"picked":"Electrodynamics","floor":16.0},{"not_picked":["Go for the Eyes","Leap"],"picked":"Consume","floor":18.0},{"not_picked":["Stack","Hologram"],"picked":"Conserve Battery","floor":20.0},{"not_picked":["Beam Cell","Ball Lightning","Recycle"],"picked":"SKIP","floor":21.0},{"not_picked":["Beam Cell","Stack","Hologram+1"],"picked":"SKIP","floor":24.0},{"not_picked":["Steam Power+1","Streamline+1","Rebound"],"picked":"SKIP","floor":27.0},{"not_picked":["Ball Lightning","Coolheaded+1","FTL"],"picked":"SKIP","floor":35.0},{"not_picked":["Blizzard","Sweeping Beam"],"picked":"Defragment","floor":36.0},{"not_picked":["Turbo","Auto Shields","Sunder"],"picked":"SKIP","floor":37.0},{"not_picked":["Rip and Tear","Gash"],"picked":"Loop","floor":39.0},{"not_picked":["FTL","Static Discharge+1","Rip and Tear"],"picked":"SKIP","floor":41.0},{"not_picked":["Rebound","Turbo","Hello World"],"picked":"SKIP","floor":42.0},{"not_picked":["Blizzard","Amplify"],"picked":"Capacitor","floor":46.0},{"not_picked":["Conserve Battery","Rip and Tear","Rebound"],"picked":"SKIP","floor":47.0},{"not_picked":["Redo","Machine Learning"],"picked":"Defragment","floor":48.0}],"player_experience":503325,"relics_obtained":[{"floor":6.0,"key":"Symbiotic Virus"},{"floor":9.0,"key":"Mercury Hourglass"},{"floor":27.0,"key":"Happy Flower"},{"floor":43.0,"key":"Unceasing Top"},{"floor":46.0,"key":"Dead Branch"}],"event_choices":[{"damage_healed":0.0,"max_hp_gain":0.0,"max_hp_loss":0.0,"gold_gain":0.0,"event_name":"Accursed Blacksmith","player_choice":"Rummage","floor":2.0,"gold_loss":0.0,"damage_taken":0.0,"relics_obtained":["WarpedTongs"],"cards_obtained":["Pain"]},{"damage_healed":0.0,"max_hp_gain":0.0,"max_hp_loss":0.0,"gold_gain":0.0,"event_name":"The Woman in Blue","player_choice":"Bought 0 Potions","floor":4.0,"gold_loss":0.0,"damage_taken":0.0},{"damage_healed":18.0,"max_hp_gain":0.0,"max_hp_loss":0.0,"gold_gain":0.0,"event_name":"The Cleric","player_choice":"Healed","floor":12.0,"gold_loss":35.0,"damage_taken":0.0},{"cards_removed":["Strike_B"],"damage_healed":0.0,"max_hp_gain":0.0,"max_hp_loss":0.0,"gold_gain":0.0,"event_name":"Bonfire Elementals","player_choice":"Offered Basic","floor":19.0,"gold_loss":0.0,"damage_taken":0.0},{"damage_healed":0.0,"max_hp_gain":0.0,"max_hp_loss":0.0,"gold_gain":0.0,"cards_transformed":["Strike_B","Strike_B"],"event_name":"Drug Dealer","player_choice":"Became Test Subject","floor":22.0,"gold_loss":0.0,"damage_taken":0.0,"cards_obtained":["Tempest","Leap"]},{"damage_healed":0.0,"max_hp_gain":0.0,"max_hp_loss":0.0,"gold_gain":0.0,"event_name":"Masked Bandits","player_choice":"Fought Bandits","floor":29.0,"gold_loss":0.0,"damage_taken":0.0},{"damage_healed":0.0,"max_hp_gain":0.0,"max_hp_loss":0.0,"gold_gain":0.0,"event_name":"The Library","player_choice":"Read","floor":31.0,"gold_loss":0.0,"damage_taken":0.0,"cards_obtained":["Glacier"]},{"damage_healed":0.0,"max_hp_gain":0.0,"max_hp_loss":0.0,"gold_gain":0.0,"event_name":"MindBloom","player_choice":"Fight","floor":46.0,"gold_loss":0.0,"damage_taken":0.0}],"is_beta":false,"boss_relics":[{"not_picked":["Empty Cage","Orrery"],"picked":"Cursed Key"},{"not_picked":["Busted Crown","Snecko Eye"],"picked":"Tiny House"}],"items_purged_floors":[8,38,45],"is_endless":false,"potions_floor_spawned":[3,14,16,18,27,33,35,39,41],"ascension_level":13}