{"gold_per_floor":[118,132,22,38,38,38,52,52,52,64,64,76,76,87,87,185,185,200,200,200,214,214,214,234,234,234,234,245,245,261,277,277,372,372,392,392],"floor_reached":36,"playtime":1449,"items_purged":["Strike_R"],"score":383,"play_id":"150dc606-b644-427e-a121-733c6d1caf7e","local_time":"20190216143409","is_ascension_mode":false,"campfire_choices":[{"data":"Whirlwind","floor":6,"key":"SMITH"},{"data":"Shockwave","floor":11,"key":"SMITH"},{"data":"Demon Form","floor":15,"key":"SMITH"},{"data":"Hemokinesis","floor":23,"key":"SMITH"},{"data":"Rage","floor":25,"key":"SMITH"},{"data":"Clothesline","floor":27,"key":"SMITH"},{"data":"Spot Weakness","floor":29,"key":"SMITH"},{"floor":32,"key":"REST"}],"neow_cost":"NONE","seed_source_timestamp":105694790096629,"circlet_count":0,"master_deck":["Defend_R","Defend_R","Defend_R","Armaments+1","Dual Wield+1","Bloodletting+1","Shockwave+1","Whirlwind+1","Rage+1","Headbutt","Thunderclap","Spot Weakness+1","Demon Form+1","Reaper","Rupture+1","Bite","Bite","Bite","Bite","Bite","Hemokinesis+1","Clothesline+1","Shrug It Off","Inflame","Shrug It Off","Reaper","Burning Pact"],"relics":["Astrolabe"],"potions_floor_usage":[16,16,21,33,33],"damage_taken":[{"damage":3,"enemies":"Cultist","floor":1,"turns":3},{"damage":3,"enemies":"Small Slimes","floor":2,"turns":3},{"damage":3,"enemies":"2 Louse","floor":4,"turns":4},{"damage":2,"enemies":"Blue Slaver","floor":7,"turns":5},{"damage":9,"enemies":"Exordium Thugs","floor":10,"turns":3},{"damage":1,"enemies":"Exordium Wildlife","floor":12,"turns":5},{"damage":12,"enemies":"Large Slime","floor":14,"turns":6},{"damage":15,"enemies":"Hexaghost","floor":16,"turns":6},{"damage":21,"enemies":"Chosen","floor":18,"turns":6},{"damage":30,"enemies":"2 Thieves","floor":21,"turns":3},{"damage":27,"enemies":"Centurion and Healer","floor":24,"turns":8},{"damage":37,"enemies":"Snecko","floor":28,"turns":5},{"damage":19,"enemies":"3 Cultists","floor":30,"turns":3},{"damage":24,"enemies":"Centurion and Healer","floor":31,"turns":7},{"damage":98,"enemies":"Automaton","floor":33,"turns":10},{"damage":60,"enemies":"3 Darklings","floor":35,"turns":5},{"damage":39,"enemies":"Orb Walker","floor":36,"turns":4}],"seed_played":"-7277609789490491840","potions_obtained":[{"floor":1,"key":"Ancient Potion"},{"floor":4,"key":"SpeedPotion"},{"floor":10,"key":"SteroidPotion"},{"floor":16,"key":"Explosive Potion"},{"floor":24,"key":"Dexterity Potion"},{"floor":28,"key":"EssenceOfSteel"},{"floor":33,"key":"FearPotion"},{"floor":35,"key":"LiquidBronze"}],"is_trial":false,"path_per_floor":["M","M","$","M","T","R","M","$","T","M","R","M","?","M","R","B",null,"M","?","?","M","?","R","M","R","T","R","M","R","M","M","R","B",null,"M","M"],"character_chosen":"IRONCLAD","items_purchased":["Whirlwind"],"campfire_rested":1,"item_purchase_floors":[3],"current_hp_per_floor":[77,74,74,71,71,71,69,69,69,60,60,59,64,52,52,37,85,64,59,59,47,47,47,49,49,49,49,46,46,31,31,48,10,59,23,0],"gold":392,"neow_bonus":"BOSS_RELIC","is_prod":false,"is_daily":false,"chose_seed":false,"campfire_upgraded":7,"win_rate":0,"timestamp":1550345649,"path_taken":["M","M","$","?","?","R","M","$","T","M","R","M","?","M","R","BOSS","M","?","?","M","?","R","?","R","T","R","M","R","M","M","R","BOSS","M","M"],"build_version":"2019-01-23","purchased_purges":1,"victory":false,"max_hp_per_floor":[80,80,80,80,80,80,80,80,80,80,80,80,85,85,85,85,85,85,59,59,59,59,59,59,59,59,59,59,59,59,59,59,59,59,59,59],"card_choices":[{"not_picked":["Searing Blow","Havoc"],"picked":"Shockwave","floor":1},{"not_picked":["Flex","Perfected Strike","Clash"],"picked":"SKIP","floor":2},{"not_picked":["Rupture","Blood for Blood"],"picked":"Rage","floor":4},{"not_picked":["Corruption","Sever Soul"],"picked":"Headbutt","floor":7},{"not_picked":["Body Slam","Clash"],"picked":"Thunderclap","floor":10},{"not_picked":["Flex","Whirlwind"],"picked":"Spot Weakness","floor":12},{"not_picked":["Sword Boomerang","Shockwave"],"picked":"Demon Form","floor":14},{"not_picked":["Berserk","Demon Form"],"picked":"Reaper","floor":16},{"not_picked":["Sentinel","Power Through"],"picked":"Rupture+1","floor":18},{"not_picked":["Cleave","Spot Weakness"],"picked":"Shrug It Off","floor":21},{"not_picked":["True Grit","Clothesline","Heavy Blade"],"picked":"SKIP","floor":24},{"not_picked":["Seeing Red","Armaments+1","Warcry"],"picked":"SKIP","floor":28},{"not_picked":["Armaments","Heavy Blade"],"picked":"Inflame","floor":30},{"not_picked":["Corruption","Fire Breathing+1"],"picked":"Shrug It Off","floor":31},{"not_picked":["Exhume","Berserk"],"picked":"Reaper","floor":33},{"not_picked":["Heavy Blade+1","Wild Strike+1"],"picked":"Burning Pact","floor":35}],"player_experience":777098,"relics_obtained":[],"event_choices":[{"damage_healed":0,"gold_gain":0,"player_choice":"Donut","damage_taken":0,"max_hp_gain":5,"max_hp_loss":0,"event_name":"Big Fish","floor":13,"gold_loss":0},{"damage_healed":0,"gold_gain":0,"player_choice":"Became a vampire","damage_taken":0,"max_hp_gain":0,"max_hp_loss":26,"event_name":"Vampires","floor":19,"gold_loss":0,"cards_obtained":["Bite","Bite","Bite","Bite","Bite"]},{"damage_healed":0,"gold_gain":0,"cards_transformed":["Bash","Defend_R"],"player_choice":"Became Test Subject","damage_taken":0,"max_hp_gain":0,"max_hp_loss":0,"event_name":"Drug Dealer","floor":20,"gold_loss":0,"cards_obtained":["Hemokinesis","Clothesline"]},{"damage_healed":0,"gold_gain":0,"player_choice":"Ignored","damage_taken":0,"max_hp_gain":0,"max_hp_loss":0,"event_name":"The Mausoleum","floor":22,"gold_loss":0}],"is_beta":false,"boss_relics":[{"not_picked":[]},{"not_picked":[]}],"items_purged_floors":[3],"is_endless":false,"potions_floor_spawned":[1,4,10,14,16,24,28,33,35],"killed_by":"Orb Walker","ascension_level":0}