{"gold_per_floor":[218,16,28,46,64,64,96,114,114,129,129,155,155,166,166,268,268,282,297,297],"floor_reached":20,"playtime":1018,"items_purged":[],"score":235,"play_id":"60d73b33-889f-4203-83b0-806d6e4c810f","local_time":"20190127125749","is_ascension_mode":true,"campfire_choices":[{"data":"Bash","floor":6,"key":"SMITH"},{"data":"True Grit","floor":13,"key":"SMITH"},{"data":"Berserk","floor":15,"key":"SMITH"}],"neow_cost":"NONE","seed_source_timestamp":27793894704652,"circlet_count":0,"master_deck":["Strike_R","Strike_R","Strike_R","Strike_R","Strike_R","Defend_R","Defend_R","Defend_R","Defend_R","Bash+1","Berserk+1","Headbutt","Thunderclap","Dark Embrace","Cleave","Battle Trance","True Grit+1","Shrug It Off","Barricade","Body Slam","Sentinel"],"relics":["Burning Blood","Strange Spoon","Matryoshka","Paper Frog","Blue Candle","Shuriken","Cursed Key"],"potions_floor_usage":[7,12,16,19,19,19],"damage_taken":[{"damage":7,"enemies":"Small Slimes","floor":1,"turns":3},{"damage":1,"enemies":"Cultist","floor":3,"turns":4},{"damage":13,"enemies":"Jaw Worm","floor":4,"turns":3},{"damage":0,"enemies":"Large Slime","floor":5,"turns":5},{"damage":40,"enemies":"Gremlin Nob","floor":7,"turns":4},{"damage":25,"enemies":"Blue Slaver","floor":8,"turns":4},{"damage":17,"enemies":"Looter","floor":10,"turns":3},{"damage":27,"enemies":"Lagavulin","floor":12,"turns":5},{"damage":0,"enemies":"2 Fungi Beasts","floor":14,"turns":2},{"damage":57,"enemies":"Slime Boss","floor":16,"turns":5},{"damage":23,"enemies":"Spheric Guardian","floor":18,"turns":6},{"damage":32,"enemies":"2 Thieves","floor":19,"turns":3},{"damage":25,"enemies":"Shelled Parasite and Fungi","floor":20,"turns":2}],"seed_played":"-8321215261196534635","potions_obtained":[{"floor":3,"key":"Explosive Potion"},{"floor":4,"key":"LiquidBronze"},{"floor":5,"key":"SkillPotion"},{"floor":8,"key":"EssenceOfSteel"},{"floor":14,"key":"SteroidPotion"},{"floor":18,"key":"AttackPotion"}],"is_trial":false,"path_per_floor":["M","$","M","M","M","R","E","M","T","M","?","E","R","M","R","B",null,"M","M","M"],"character_chosen":"IRONCLAD","items_purchased":["Strange Spoon"],"campfire_rested":0,"item_purchase_floors":[2],"current_hp_per_floor":[79,79,80,73,79,79,45,26,26,15,80,59,59,65,65,14,64,47,21,0],"gold":297,"neow_bonus":"HUNDRED_GOLD","is_prod":false,"is_daily":false,"chose_seed":false,"campfire_upgraded":3,"win_rate":0,"timestamp":1548622669,"path_taken":["M","$","M","M","M","R","E","M","T","M","?","E","R","M","R","BOSS","M","?","M"],"build_version":"2019-01-23","purchased_purges":0,"victory":false,"max_hp_per_floor":[80,80,80,80,80,80,80,80,80,80,80,80,80,80,80,80,80,80,80,80],"card_choices":[{"not_picked":["Sword Boomerang","Wild Strike","Anger"],"picked":"SKIP","floor":1},{"not_picked":["Anger","Iron Wave"],"picked":"Berserk","floor":3},{"not_picked":["Wild Strike","Clash"],"picked":"Headbutt","floor":4},{"not_picked":["Fire Breathing","Searing Blow"],"picked":"Thunderclap","floor":5},{"not_picked":["Blood for Blood","Pommel Strike"],"picked":"Dark Embrace","floor":7},{"not_picked":["Headbutt","Twin Strike"],"picked":"Cleave","floor":8},{"not_picked":["Inflame","Wild Strike"],"picked":"Battle Trance","floor":10},{"not_picked":["Rage","Rupture"],"picked":"True Grit","floor":12},{"not_picked":["Cleave","True Grit"],"picked":"Shrug It Off","floor":14},{"not_picked":["Immolate","Impervious"],"picked":"Barricade","floor":16},{"not_picked":["Twin Strike","Feel No Pain"],"picked":"Body Slam","floor":18},{"not_picked":["Carnage","Iron Wave"],"picked":"Sentinel","floor":19}],"player_experience":243067,"relics_obtained":[{"floor":7,"key":"Matryoshka"},{"floor":9,"key":"Paper Frog"},{"floor":9,"key":"Blue Candle"},{"floor":12,"key":"Shuriken"}],"event_choices":[{"damage_healed":65,"gold_gain":0,"player_choice":"Full Heal","damage_taken":0,"max_hp_gain":0,"max_hp_loss":0,"event_name":"Wheel of Change","floor":11,"gold_loss":0}],"is_beta":false,"boss_relics":[{"not_picked":["Lizard Tail","Black Blood"],"picked":"Cursed Key"}],"items_purged_floors":[],"is_endless":false,"potions_floor_spawned":[3,4,5,8,14,18],"killed_by":"Shelled Parasite and Fungi","ascension_level":5}