{"gold_per_floor":[116,130,55,55,69,69,69,98,124,124,139,139,167,199,199,199],"floor_reached":16,"playtime":682,"items_purged":[],"score":272,"play_id":"47a1986a-c344-404f-8eb5-cedcdc0afa87","local_time":"20190212174140","is_ascension_mode":true,"campfire_choices":[{"data":"Sunder","floor":6.0,"key":"SMITH"},{"data":"Zap","floor":10.0,"key":"SMITH"},{"data":"Leap","floor":12.0,"key":"SMITH"},{"floor":15.0,"key":"REST"}],"neow_cost":"NONE","seed_source_timestamp":531035118154724,"circlet_count":0,"master_deck":["AscendersBane","Strike_B","Strike_B","Strike_B","Strike_B","Defend_B","Defend_B","Defend_B","Zap+1","Dualcast","Sunder+1","Leap","Ball Lightning","Regret","Leap+1","Cold Snap","Capacitor","Glacier"],"special_seed":0,"relics":["Cracked Core","Anchor","Strawberry","Shuriken","WingedGreaves","Pen Nib","Gremlin Horn","Matryoshka"],"potions_floor_usage":[],"damage_taken":[{"damage":4.0,"enemies":"Small Slimes","floor":1.0,"turns":3.0},{"damage":0.0,"enemies":"Jaw Worm","floor":2.0,"turns":3.0},{"damage":0.0,"enemies":"2 Louse","floor":5.0,"turns":2.0},{"damage":22.0,"enemies":"Lagavulin","floor":8.0,"turns":7.0},{"damage":2.0,"enemies":"Blue Slaver","floor":11.0,"turns":3.0},{"damage":4.0,"enemies":"Gremlin Nob","floor":13.0,"turns":2.0},{"damage":18.0,"enemies":"3 Sentries","floor":14.0,"turns":5.0},{"damage":42,"enemies":"Slime Boss","floor":16,"turns":7}],"seed_played":"6379969992763677816","potions_obtained":[{"floor":1.0,"key":"PowerPotion"},{"floor":5.0,"key":"Swift Potion"}],"is_trial":false,"path_per_floor":["M","M","?","?","M","R","?","E","T","R","M","R","E","E","R","B"],"character_chosen":"DEFECT","items_purchased":[],"campfire_rested":1,"item_purchase_floors":[],"current_hp_per_floor":[60,60,60,49,49,49,49,27,27,27,25,25,21,3,26,0],"gold":199,"neow_bonus":"RANDOM_COMMON_RELIC","is_prod":false,"is_daily":false,"chose_seed":false,"campfire_upgraded":3,"win_rate":0,"timestamp":1549989700,"path_taken":["M","M","?","?","M","R","?","E","T","R","M","R","E","E","R","BOSS"],"build_version":"2019-01-23","purchased_purges":0,"victory":false,"max_hp_per_floor":[71,71,71,78,78,78,78,78,78,78,78,78,78,78,78,78],"card_choices":[{"not_picked":["Conserve Battery","Storm"],"picked":"Sunder","floor":1.0},{"not_picked":["Sweeping Beam","Blizzard"],"picked":"Leap","floor":2.0},{"not_picked":["Streamline","Steam"],"picked":"Ball Lightning","floor":5.0},{"not_picked":["Gash","Turbo"],"picked":"Leap","floor":8.0},{"not_picked":["Rebound","Coolheaded"],"picked":"Cold Snap","floor":11.0},{"not_picked":["All For One","Loop"],"picked":"Capacitor","floor":13.0},{"not_picked":["Gash","Scrape"],"picked":"Glacier","floor":14.0}],"player_experience":655702,"relics_obtained":[{"floor":8.0,"key":"WingedGreaves"},{"floor":9.0,"key":"Pen Nib"},{"floor":13.0,"key":"Gremlin Horn"},{"floor":14.0,"key":"Matryoshka"}],"event_choices":[{"cards_removed":["Defend_B"],"damage_healed":0.0,"max_hp_gain":0.0,"max_hp_loss":0.0,"gold_gain":0.0,"event_name":"The Cleric","player_choice":"Card Removal","floor":3.0,"gold_loss":75.0,"damage_taken":0.0},{"damage_healed":0.0,"max_hp_gain":0.0,"max_hp_loss":0.0,"gold_gain":0.0,"event_name":"Scrap Ooze","player_choice":"Success","floor":4.0,"gold_loss":0.0,"damage_taken":18.0,"relics_obtained":["Strawberry"]},{"damage_healed":0.0,"max_hp_gain":0.0,"max_hp_loss":0.0,"gold_gain":0.0,"event_name":"Big Fish","player_choice":"Box","floor":7.0,"gold_loss":0.0,"damage_taken":0.0,"relics_obtained":["Shuriken"],"cards_obtained":["Regret"]}],"is_beta":false,"boss_relics":[],"items_purged_floors":[],"is_endless":false,"potions_floor_spawned":[1,5],"killed_by":"Slime Boss","ascension_level":18}