{"gold_per_floor":[119,134,134,37,37,37,70,82,137,168,188,43,73,88,88,186,186,203,218,218,244,276,276,310,310,361,393,412,337,337,372,372,372,372,388,388,388,388,388],"floor_reached":40,"playtime":2517,"items_purged":["Strike_G"],"score":990,"play_id":"bcd2b113-8ca6-4171-934d-df47f76f12ce","local_time":"20190130074241","is_ascension_mode":true,"campfire_choices":[{"data":"Neutralize","floor":6,"key":"SMITH"},{"floor":15,"key":"REST"},{"floor":25,"key":"REST"},{"data":"Outmaneuver","floor":30,"key":"SMITH"},{"data":"Caltrops","floor":32,"key":"SMITH"}],"neow_cost":"NONE","seed_source_timestamp":1061152343077873,"circlet_count":0,"master_deck":["Defend_G+1","Defend_G+1","Defend_G+1","Defend_G+1","Defend_G+1","Strike_G+1","Strike_G+1","Survivor+1","Neutralize+1","Footwork+1","Flying Knee+1","Grand Finale+1","Backflip+1","Dodge and Roll+1","Caltrops+1","Backflip+1","Doppelganger+1","Outmaneuver+1","PiercingWail+1","Acrobatics+1","Underhanded Strike+1"],"relics":["Ring of the Snake","NeowsBlessing","Potion Belt","Boot","Ornamental Fan","Juzu Bracelet","Blood Vial","Art of War","Darkstone Periapt","Runic Pyramid","PreservedInsect","Red Mask","Calipers","Oddly Smooth Stone","Regal Pillow","Happy Flower","Empty Cage","Mark of the Bloom"],"potions_floor_usage":[10,14,16,22,33,33,33],"damage_taken":[{"damage":0,"enemies":"Cultist","floor":1,"turns":1},{"damage":0,"enemies":"Jaw Worm","floor":2,"turns":1},{"damage":0,"enemies":"Lagavulin","floor":7,"turns":1},{"damage":0,"enemies":"Small Slimes","floor":8,"turns":3},{"damage":44,"enemies":"3 Sentries","floor":10,"turns":19},{"damage":0,"enemies":"Exordium Wildlife","floor":11,"turns":4},{"damage":3,"enemies":"Gremlin Gang","floor":14,"turns":5},{"damage":0,"enemies":"The Guardian","floor":16,"turns":13},{"damage":2,"enemies":"3 Byrds","floor":18,"turns":3},{"damage":8,"enemies":"Spheric Guardian","floor":19,"turns":6},{"damage":4,"enemies":"Masked Bandits","floor":22,"turns":4},{"damage":34,"enemies":"Slavers","floor":24,"turns":9},{"damage":0,"enemies":"Gremlin Leader","floor":27,"turns":6},{"damage":4,"enemies":"Chosen and Byrds","floor":28,"turns":6},{"damage":0,"enemies":"Book of Stabbing","floor":31,"turns":5},{"damage":29,"enemies":"Collector","floor":33,"turns":9},{"damage":1,"enemies":"3 Shapes","floor":35,"turns":4},{"damage":23,"enemies":"Donu and Deca","floor":39,"turns":11}],"seed_played":"5636972650891497589","potions_obtained":[{"floor":2,"key":"Swift Potion"},{"floor":7,"key":"Poison Potion"},{"floor":10,"key":"GhostInAJar"},{"floor":16,"key":"Poison Potion"},{"floor":18,"key":"PowerPotion"},{"floor":27,"key":"Weak Potion"},{"floor":31,"key":"Poison Potion"}],"is_trial":false,"path_per_floor":["M","M","?","$","T","R","E","M","T","E","M","$","?","M","R","B",null,"M","M","?","T","?","?","E","R","T","E","M","?","R","E","R","B",null,"M","?","?","?","B",null],"character_chosen":"THE_SILENT","items_purchased":["Flying Knee","Art of War"],"campfire_rested":2,"item_purchase_floors":[4,12],"current_hp_per_floor":[63,63,63,63,63,63,63,63,63,19,21,21,21,20,41,43,63,63,57,57,57,55,61,29,51,51,53,51,51,51,53,53,26,64,65,65,65,65,42],"gold":388,"neow_bonus":"THREE_ENEMY_KILL","is_prod":false,"is_daily":false,"chose_seed":false,"campfire_upgraded":3,"win_rate":0,"timestamp":1548852161,"path_taken":["M","?","?","$","?","R","E","M","T","E","M","$","?","M","R","BOSS","M","M","?","?","?","?","E","R","T","E","M","?","R","E","R","BOSS","M","?","?","?","BOSS"],"build_version":"2019-01-23","purchased_purges":1,"victory":true,"max_hp_per_floor":[70,70,70,70,70,70,70,70,70,70,70,70,70,70,70,70,70,70,70,70,70,70,76,76,76,76,76,76,76,76,76,76,76,76,76,76,76,76,76],"card_choices":[{"not_picked":["Prepared","Reflex"],"picked":"Dagger Spray","floor":1},{"not_picked":["Sucker Punch","Backflip"],"picked":"Footwork","floor":2},{"not_picked":["Distraction","Deflect"],"picked":"Grand Finale","floor":7},{"not_picked":["Deadly Poison","Acrobatics"],"picked":"Backflip","floor":8},{"not_picked":["Catalyst","Wraith Form v2"],"picked":"Dodge and Roll","floor":10},{"not_picked":["Noxious Fumes","Leg Sweep"],"picked":"Caltrops","floor":11},{"not_picked":["Endless Agony","Accuracy"],"picked":"Backflip","floor":14},{"not_picked":["Corpse Explosion","Wraith Form v2"],"picked":"Doppelganger","floor":16},{"not_picked":["Well Laid Plans","Slice"],"picked":"Outmaneuver","floor":18},{"not_picked":["Endless Agony","Cloak And Dagger","Underhanded Strike"],"picked":"SKIP","floor":19},{"not_picked":["Glass Knife","Poisoned Stab","Outmaneuver"],"picked":"SKIP","floor":24},{"not_picked":["Reflex+1","Bane"],"picked":"PiercingWail","floor":27},{"not_picked":["A Thousand Cuts","Noxious Fumes"],"picked":"Acrobatics","floor":28},{"not_picked":["Bouncing Flask","Deadly Poison"],"picked":"Underhanded Strike+1","floor":31},{"not_picked":["Slice","Acrobatics","Riddle With Holes"],"picked":"SKIP","floor":35}],"player_experience":554238,"relics_obtained":[{"floor":3,"key":"Potion Belt"},{"floor":5,"key":"Boot"},{"floor":7,"key":"Ornamental Fan"},{"floor":9,"key":"Juzu Bracelet"},{"floor":10,"key":"Blood Vial"},{"floor":21,"key":"PreservedInsect"},{"floor":22,"key":"Red Mask"},{"floor":24,"key":"Calipers"},{"floor":26,"key":"Oddly Smooth Stone"},{"floor":27,"key":"Regal Pillow"},{"floor":31,"key":"Happy Flower"}],"event_choices":[{"damage_healed":0,"gold_gain":0,"player_choice":"Relic","damage_taken":0,"max_hp_gain":0,"max_hp_loss":0,"event_name":"Wheel of Change","floor":3,"gold_loss":0},{"damage_healed":0,"gold_gain":30,"player_choice":"Searched \u00273\u0027 times","damage_taken":0,"relics_obtained":["Darkstone Periapt"],"max_hp_gain":0,"max_hp_loss":0,"event_name":"Dead Adventurer","floor":13,"gold_loss":0},{"damage_healed":0,"gold_gain":0,"player_choice":"Ignored","damage_taken":0,"max_hp_gain":0,"max_hp_loss":0,"event_name":"The Mausoleum","floor":20,"gold_loss":0},{"damage_healed":0,"gold_gain":0,"player_choice":"Fought Bandits","damage_taken":0,"max_hp_gain":0,"max_hp_loss":0,"event_name":"Masked Bandits","floor":22,"gold_loss":0},{"damage_healed":0,"gold_gain":0,"player_choice":"Smashed Altar","damage_taken":0,"max_hp_gain":0,"max_hp_loss":0,"event_name":"Forgotten Altar","floor":23,"gold_loss":0,"cards_obtained":["Decay"]},{"cards_removed":["Decay"],"damage_healed":0,"gold_gain":0,"player_choice":"Gave Gold","damage_taken":0,"max_hp_gain":0,"max_hp_loss":0,"event_name":"Beggar","floor":29,"gold_loss":75},{"damage_healed":0,"gold_gain":0,"player_choice":"Upgrade","damage_taken":0,"relics_obtained":["Mark of the Bloom"],"max_hp_gain":0,"max_hp_loss":0,"event_name":"MindBloom","floor":36,"gold_loss":0,"cards_upgraded":["Defend_G","Defend_G","Defend_G","Defend_G","Defend_G","Strike_G","Strike_G","Survivor","Dagger Spray","Footwork","Flying Knee","Grand Finale","Backflip","Dodge and Roll","Backflip","Doppelganger","PiercingWail","Acrobatics"]},{"cards_removed":["Dagger Spray"],"damage_healed":0,"gold_gain":0,"player_choice":"Removed Attack","damage_taken":0,"max_hp_gain":0,"max_hp_loss":0,"event_name":"Falling","floor":37,"gold_loss":0},{"damage_healed":0,"gold_gain":0,"player_choice":"Took Portal","damage_taken":0,"max_hp_gain":0,"max_hp_loss":0,"event_name":"SecretPortal","floor":38,"gold_loss":0}],"is_beta":false,"boss_relics":[{"not_picked":["Tiny House","Philosopher\u0027s Stone"],"picked":"Runic Pyramid"},{"not_picked":["Velvet Choker","Black Star"],"picked":"Empty Cage"}],"items_purged_floors":[4],"is_endless":false,"potions_floor_spawned":[2,7,10,16,18,27,31,33],"ascension_level":6}