{"gold_per_floor":[112,112,131,281,25,58,58,89,89,132,157,157,4,17,17,116,116,140,140,160,160],"floor_reached":21,"playtime":801,"items_purged":["Doubt","Strike_R"],"score":444,"play_id":"bc7d0faf-71bc-43a4-bdb6-715fa6408d51","local_time":"20190201080008","is_ascension_mode":true,"campfire_choices":[{"data":"Carnage","floor":7,"key":"SMITH"},{"data":"Strike_R","floor":12,"key":"PURGE"},{"data":"Strike_R","floor":15,"key":"PURGE"}],"neow_cost":"NONE","seed_source_timestamp":1236737786513320,"circlet_count":0,"master_deck":["AscendersBane","Strike_R","Strike_R","Defend_R","Defend_R","Defend_R","Defend_R","Bash","Warcry+1","Wild Strike","Evolve","Carnage+1","Cleave","Anger","Shockwave","Combust","Cleave","Demon Form","Pommel Strike"],"relics":["Burning Blood","NeowsBlessing","Golden Idol","Bottled Tornado","Dodecahedron","Peace Pipe","Matryoshka","Fusion Hammer"],"potions_floor_usage":[8,10,14,16,16,18],"damage_taken":[{"damage":0,"enemies":"Cultist","floor":1,"turns":1},{"damage":0,"enemies":"2 Louse","floor":3,"turns":2},{"damage":0,"enemies":"Lagavulin","floor":6,"turns":1},{"damage":8,"enemies":"Gremlin Nob","floor":8,"turns":3},{"damage":23,"enemies":"3 Sentries","floor":10,"turns":6},{"damage":0,"enemies":"Small Slimes","floor":11,"turns":2},{"damage":22,"enemies":"Exordium Thugs","floor":14,"turns":4},{"damage":28,"enemies":"Hexaghost","floor":16,"turns":8},{"damage":20,"enemies":"Chosen","floor":18,"turns":4},{"damage":30,"enemies":"Shell Parasite","floor":20,"turns":4},{"damage":32,"enemies":"Sentry and Sphere","floor":21,"turns":4}],"seed_played":"-7125975060692539630","potions_obtained":[{"floor":3,"key":"Fire Potion"},{"floor":10,"key":"Fire Potion"},{"floor":14,"key":"Strength Potion"},{"floor":16,"key":"Regen Potion"}],"is_trial":false,"path_per_floor":["M","?","M","?","$","E","R","E","T","E","M","R","$","M","R","B",null,"M","?","M","M"],"character_chosen":"IRONCLAD","items_purchased":["Evolve","Carnage","Block Potion","Block Potion"],"campfire_rested":0,"item_purchase_floors":[5,5,5,13],"current_hp_per_floor":[74,48,54,54,54,60,60,58,58,41,47,47,47,31,31,9,59,54,54,30,0],"gold":160,"neow_bonus":"THREE_ENEMY_KILL","is_prod":false,"is_daily":false,"chose_seed":false,"campfire_upgraded":1,"win_rate":0,"timestamp":1549026008,"path_taken":["M","?","M","?","$","E","R","E","T","E","M","R","$","M","R","BOSS","M","?","?","M"],"build_version":"2019-01-23","purchased_purges":2,"victory":false,"max_hp_per_floor":[75,75,75,75,75,75,75,75,75,75,75,75,75,75,75,75,75,75,75,75,75],"card_choices":[{"not_picked":["Flex","Blood for Blood"],"picked":"Warcry","floor":1},{"not_picked":["Thunderclap","Clash"],"picked":"Wild Strike","floor":3},{"not_picked":["Sword Boomerang","Pommel Strike"],"picked":"Cleave","floor":6},{"not_picked":["Infernal Blade","Rupture"],"picked":"Anger","floor":8},{"not_picked":["Havoc","Anger"],"picked":"Shockwave","floor":10},{"not_picked":["Pommel Strike","Searing Blow"],"picked":"Combust","floor":11},{"not_picked":["Hemokinesis","Sword Boomerang"],"picked":"Cleave","floor":14},{"not_picked":["Limit Break","Dark Embrace"],"picked":"Demon Form","floor":16},{"not_picked":["Flex","Rage","Spot Weakness"],"picked":"SKIP","floor":18},{"not_picked":["Body Slam","Heavy Blade"],"picked":"Pommel Strike","floor":20}],"player_experience":612123,"relics_obtained":[{"floor":6,"key":"Bottled Tornado"},{"floor":8,"key":"Dodecahedron"},{"floor":9,"key":"Peace Pipe"},{"floor":10,"key":"Matryoshka"}],"event_choices":[{"damage_healed":0,"gold_gain":0,"player_choice":"Take Damage","damage_taken":26,"relics_obtained":["Golden Idol"],"max_hp_gain":0,"max_hp_loss":0,"event_name":"Golden Idol","floor":2,"gold_loss":0},{"damage_healed":0,"gold_gain":150,"player_choice":"AGREE","damage_taken":0,"max_hp_gain":0,"max_hp_loss":0,"event_name":"Liars Game","floor":4,"gold_loss":0,"cards_obtained":["Doubt"]},{"damage_healed":0,"gold_gain":0,"player_choice":"Forge","damage_taken":0,"max_hp_gain":0,"max_hp_loss":0,"event_name":"Accursed Blacksmith","floor":19,"gold_loss":0,"cards_upgraded":["Warcry"]}],"is_beta":false,"boss_relics":[{"not_picked":["Snecko Eye","Tiny House"],"picked":"Fusion Hammer"}],"items_purged_floors":[5,13],"is_endless":false,"potions_floor_spawned":[3,10,14,16],"killed_by":"Sentry and Sphere","ascension_level":20}