{"gold_per_floor":[116,116,126,138,148,148,173,184,184,215,215,215,234,261,261,335,335,347,362,33,33,52,52,52],"floor_reached":24,"playtime":1250,"items_purged":[],"score":425,"play_id":"5c02107c-ca8a-4efc-b81e-0dbd3fe1aa81","local_time":"20190131142514","is_ascension_mode":true,"campfire_choices":[{"floor":6,"key":"REST"},{"floor":12,"key":"REST"},{"data":"Havoc","floor":15,"key":"SMITH"},{"floor":23,"key":"REST"}],"neow_cost":"CURSE","seed_source_timestamp":1172993775900561,"circlet_count":0,"master_deck":["AscendersBane","Strike_R","Strike_R","Strike_R","Strike_R","Strike_R","Defend_R","Defend_R","Defend_R","Defend_R","Bash","Demon Form","Perfected Strike+1","Burning Pact","Battle Trance","Shrug It Off","True Grit","Havoc+1","Dark Embrace","Feed","Rage","Havoc"],"relics":["Burning Blood","Orichalcum","Mercury Hourglass","Ancient Tea Set","Turnip","Runic Pyramid","Dead Branch"],"potions_floor_usage":[8,10,14,14,16,18,19,24],"damage_taken":[{"damage":7,"enemies":"2 Louse","floor":1,"turns":3},{"damage":1,"enemies":"Cultist","floor":3,"turns":3},{"damage":14,"enemies":"Small Slimes","floor":4,"turns":4},{"damage":28,"enemies":"Blue Slaver","floor":5,"turns":7},{"damage":48,"enemies":"Lagavulin","floor":7,"turns":8},{"damage":6,"enemies":"Exordium Thugs","floor":8,"turns":4},{"damage":13,"enemies":"3 Sentries","floor":10,"turns":7},{"damage":5,"enemies":"Looter","floor":13,"turns":3},{"damage":27,"enemies":"Gremlin Nob","floor":14,"turns":4},{"damage":12,"enemies":"Hexaghost","floor":16,"turns":9},{"damage":23,"enemies":"Shell Parasite","floor":18,"turns":7},{"damage":7,"enemies":"Chosen","floor":19,"turns":5},{"damage":28,"enemies":"3 Cultists","floor":22,"turns":5},{"damage":35,"enemies":"Slavers","floor":24,"turns":3}],"seed_played":"6770609205575945222","potions_obtained":[{"floor":4,"key":"Weak Potion"},{"floor":5,"key":"Ancient Potion"},{"floor":8,"key":"AttackPotion"},{"floor":13,"key":"Dexterity Potion"},{"floor":14,"key":"Poison Potion"},{"floor":16,"key":"Block Potion"},{"floor":18,"key":"EssenceOfSteel"},{"floor":22,"key":"BloodPotion"}],"is_trial":false,"path_per_floor":["M","?","M","M","M","R","E","M","T","E","?","R","M","E","R","B",null,"M","M","$","?","M","R","E"],"character_chosen":"IRONCLAD","items_purchased":["Dead Branch"],"campfire_rested":3,"item_purchase_floors":[20],"current_hp_per_floor":[67,67,72,64,42,64,22,22,22,15,15,37,38,17,17,11,59,42,41,41,41,22,45,20],"gold":52,"neow_bonus":"THREE_RARE_CARDS","is_prod":false,"is_daily":false,"chose_seed":false,"campfire_upgraded":1,"win_rate":0,"timestamp":1548962714,"path_taken":["M","?","M","M","M","R","E","M","T","E","?","R","M","E","R","BOSS","M","?","$","?","?","R","E"],"build_version":"2019-01-23","purchased_purges":0,"victory":false,"max_hp_per_floor":[75,75,75,75,75,75,75,75,75,75,75,75,75,75,75,75,75,75,75,75,75,78,78,81],"card_choices":[{"not_picked":["Exhume","Dark Embrace"],"picked":"Demon Form","floor":0},{"not_picked":["Shrug It Off","Rampage"],"picked":"Perfected Strike","floor":1},{"not_picked":["Iron Wave","Spot Weakness"],"picked":"Burning Pact","floor":3},{"not_picked":["Heavy Blade","Sentinel","Clash"],"picked":"SKIP","floor":4},{"not_picked":["Reckless Charge","Rupture"],"picked":"Battle Trance","floor":5},{"not_picked":["Clothesline","Perfected Strike"],"picked":"Shrug It Off","floor":7},{"not_picked":["Pommel Strike","Corruption"],"picked":"True Grit","floor":8},{"not_picked":["Twin Strike","Bloodletting"],"picked":"Havoc","floor":10},{"not_picked":["Body Slam","Wild Strike","Second Wind"],"picked":"SKIP","floor":13},{"not_picked":["Body Slam","Thunderclap"],"picked":"Dark Embrace","floor":14},{"not_picked":["Dark Embrace","Exhume"],"picked":"Feed","floor":16},{"not_picked":["Carnage","Rampage"],"picked":"Rage","floor":18},{"not_picked":["Inflame+1","Headbutt"],"picked":"Havoc","floor":19},{"not_picked":["Searing Blow","Dropkick","Rupture"],"picked":"SKIP","floor":22}],"player_experience":601872,"relics_obtained":[{"floor":7,"key":"Orichalcum"},{"floor":9,"key":"Mercury Hourglass"},{"floor":10,"key":"Ancient Tea Set"},{"floor":14,"key":"Turnip"}],"event_choices":[{"damage_healed":0,"gold_gain":0,"player_choice":"Grow","damage_taken":0,"max_hp_gain":0,"max_hp_loss":0,"event_name":"Living Wall","floor":2,"gold_loss":0,"cards_upgraded":["Perfected Strike"]},{"cards_removed":["Decay"],"damage_healed":0,"gold_gain":0,"player_choice":"Purged","damage_taken":0,"max_hp_gain":0,"max_hp_loss":0,"event_name":"Purifier","floor":11,"gold_loss":0},{"damage_healed":0,"gold_gain":0,"player_choice":"Leave","damage_taken":0,"max_hp_gain":0,"max_hp_loss":0,"event_name":"FaceTrader","floor":21,"gold_loss":0}],"is_beta":false,"boss_relics":[{"not_picked":["White Beast Statue","Ectoplasm"],"picked":"Runic Pyramid"}],"items_purged_floors":[],"is_endless":false,"potions_floor_spawned":[4,5,8,13,14,16,18,22],"killed_by":"Slavers","ascension_level":19}