{"gold_per_floor":[114,114,124,74,90,115,115,140,140,140,159,159,84,97,97,196,196,210,229,229,79,79,79,97,47,71,71,91,43,43,43],"floor_reached":31,"playtime":677,"items_purged":["Strike_R","Writhe"],"score":365,"play_id":"8551cb3e-5435-47e3-95fe-9453d60e3981","local_time":"20190108150227","is_ascension_mode":true,"campfire_choices":[{"floor":7,"key":"REST"},{"floor":10,"key":"REST"},{"data":"Heavy Blade","floor":15,"key":"SMITH"},{"floor":23,"key":"REST"},{"data":"Bash","floor":27,"key":"SMITH"},{"floor":30,"key":"REST"}],"neow_cost":"NONE","seed_source_timestamp":1600651885151427,"circlet_count":0,"master_deck":["AscendersBane","Strike_R","Strike_R","Strike_R","Strike_R","Defend_R+1","Defend_R","Defend_R+1","Defend_R","Bash+1","Spot Weakness","Inflame","Sword Boomerang","Heavy Blade+1","Reaper","Sword Boomerang"],"relics":["Burning Blood","NeowsBlessing","Pen Nib","Mummified Hand","Potion Belt","Centennial Puzzle","Boot","Philosopher\u0027s Stone","Nunchaku","War Paint"],"potions_floor_usage":[6,8,22],"damage_taken":[{"damage":0,"enemies":"2 Louse","floor":1,"turns":1},{"damage":2,"enemies":"Small Slimes","floor":3,"turns":2},{"damage":0,"enemies":"Cultist","floor":5,"turns":1},{"damage":40,"enemies":"3 Sentries","floor":6,"turns":8},{"damage":40,"enemies":"Lagavulin","floor":8,"turns":4},{"damage":28,"enemies":"Exordium Wildlife","floor":11,"turns":4},{"damage":1,"enemies":"3 Louse","floor":14,"turns":3},{"damage":36,"enemies":"The Guardian","floor":16,"turns":7},{"damage":36,"enemies":"2 Thieves","floor":18,"turns":3},{"damage":32,"enemies":"Shell Parasite","floor":19,"turns":4},{"damage":33,"enemies":"Colosseum Slavers","floor":22,"turns":3},{"damage":24,"enemies":"Snake Plant","floor":24,"turns":3},{"damage":47,"enemies":"Shelled Parasite and Fungi","floor":28,"turns":5},{"damage":0,"enemies":"Chosen and Byrds","floor":31,"turns":1}],"seed_played":"-4947293083540859306","potions_obtained":[{"floor":1,"key":"Explosive Potion"},{"floor":6,"key":"SteroidPotion"},{"floor":11,"key":"Swift Potion"},{"floor":19,"key":"BloodPotion"},{"floor":24,"key":"SkillPotion"}],"is_trial":false,"path_per_floor":["M","?","M","?","M","E","R","E","T","R","M","?","$","M","R","B",null,"M","M","?","$","?","R","M","$","T","R","M","$","R","M"],"character_chosen":"IRONCLAD","items_purchased":["Strength Potion","Block Potion","Explosive Potion"],"campfire_rested":4,"item_purchase_floors":[21,25,29],"current_hp_per_floor":[78,78,80,80,80,46,70,36,36,60,38,38,38,43,43,13,63,41,24,24,24,43,67,49,49,49,49,8,8,32,32],"gold":43,"neow_bonus":"THREE_ENEMY_KILL","is_prod":false,"is_daily":false,"chose_seed":false,"campfire_upgraded":2,"win_rate":0,"timestamp":1546977747,"path_taken":["M","?","M","?","M","E","R","E","T","R","M","?","$","?","R","BOSS","M","M","?","$","?","R","M","$","T","R","M","$","R","M"],"build_version":"2019-01-03v4","purchased_purges":2,"victory":false,"max_hp_per_floor":[80,80,80,80,80,80,80,80,80,80,80,80,80,80,80,80,80,80,80,80,80,80,80,80,80,80,80,80,80,80,80],"card_choices":[{"not_picked":["Infernal Blade","Flex"],"picked":"Spot Weakness","floor":1},{"not_picked":["Wild Strike","True Grit"],"picked":"Inflame","floor":3},{"not_picked":["Disarm","Carnage","Cleave"],"picked":"SKIP","floor":5},{"not_picked":["Intimidate","Pommel Strike","Iron Wave"],"picked":"SKIP","floor":6},{"not_picked":["Perfected Strike","Battle Trance"],"picked":"Sword Boomerang","floor":8},{"not_picked":["Sever Soul","Sword Boomerang"],"picked":"Heavy Blade","floor":11},{"not_picked":["Seeing Red","Bloodletting","Thunderclap"],"picked":"SKIP","floor":14},{"not_picked":["Offering","Berserk"],"picked":"Reaper","floor":16},{"not_picked":["Iron Wave+1","Twin Strike"],"picked":"Sword Boomerang","floor":18},{"not_picked":["Entrench","Feed","Evolve+1"],"picked":"SKIP","floor":19},{"not_picked":["Clothesline+1","Feel No Pain","Shrug It Off"],"picked":"SKIP","floor":24},{"not_picked":["Disarm","Warcry+1","Searing Blow"],"picked":"SKIP","floor":28}],"player_experience":353937,"relics_obtained":[{"floor":6,"key":"Mummified Hand"},{"floor":8,"key":"Potion Belt"},{"floor":9,"key":"Centennial Puzzle"},{"floor":26,"key":"War Paint"}],"event_choices":[{"damage_healed":0,"gold_gain":0,"player_choice":"Box","damage_taken":0,"relics_obtained":["Pen Nib"],"max_hp_gain":0,"max_hp_loss":0,"event_name":"Big Fish","floor":2,"gold_loss":0,"cards_obtained":["Regret"]},{"cards_removed":["Regret"],"damage_healed":0,"gold_gain":0,"player_choice":"Card Removal","damage_taken":0,"max_hp_gain":0,"max_hp_loss":0,"event_name":"The Cleric","floor":4,"gold_loss":50},{"damage_healed":0,"gold_gain":0,"player_choice":"Gave Potion","damage_taken":0,"relics_obtained":["Boot"],"max_hp_gain":0,"max_hp_loss":0,"event_name":"WeMeetAgain","floor":12,"gold_loss":0},{"damage_healed":0,"gold_gain":0,"player_choice":"Opened","damage_taken":0,"relics_obtained":["Nunchaku"],"max_hp_gain":0,"max_hp_loss":0,"event_name":"The Mausoleum","floor":20,"gold_loss":0,"cards_obtained":["Writhe"]},{"damage_healed":0,"gold_gain":0,"player_choice":"Fight","damage_taken":0,"max_hp_gain":0,"max_hp_loss":0,"event_name":"Colosseum","floor":22,"gold_loss":0},{"damage_healed":0,"gold_gain":0,"player_choice":"Fled From Nobs","damage_taken":0,"max_hp_gain":0,"max_hp_loss":0,"event_name":"Colosseum","floor":22,"gold_loss":0}],"is_beta":false,"boss_relics":[{"not_picked":["Runic Cube","Ectoplasm"],"picked":"Philosopher\u0027s Stone"}],"items_purged_floors":[13,21],"is_endless":false,"potions_floor_spawned":[1,6,11,19,24],"killed_by":"Chosen and Byrds","ascension_level":10}