{"gold_per_floor":[110,126,146,157,82,82,113,113,113,140,153,167,187,174,174,174],"floor_reached":16,"playtime":556,"items_purged":["Strike_G"],"score":116,"play_id":"183f870b-12b2-4ff9-9edb-73468c7dedf9","local_time":"20190111145702","is_ascension_mode":false,"campfire_choices":[{"floor":6,"key":"REST"},{"floor":8,"key":"REST"},{"floor":15,"key":"REST"}],"neow_cost":"NONE","seed_source_timestamp":17333811885629,"circlet_count":0,"master_deck":["Defend_G","Defend_G","Defend_G","Defend_G","Defend_G","Strike_G","Strike_G","Strike_G","Strike_G","Survivor","Neutralize","Wraith Form v2","Quick Slash","Acrobatics","Die Die Die","Dagger Spray","Blur","Dodge and Roll","Cloak And Dagger"],"special_seed":0,"relics":["Ring of the Snake","Bag of Preparation","Centennial Puzzle","Pear"],"potions_floor_usage":[14],"damage_taken":[{"damage":7,"enemies":"Cultist","floor":1,"turns":4},{"damage":0,"enemies":"Small Slimes","floor":2,"turns":3},{"damage":1,"enemies":"2 Louse","floor":3,"turns":2},{"damage":28,"enemies":"Exordium Wildlife","floor":4,"turns":10},{"damage":30,"enemies":"Gremlin Nob","floor":7,"turns":6},{"damage":14,"enemies":"3 Sentries","floor":10,"turns":8},{"damage":2,"enemies":"Blue Slaver","floor":11,"turns":5},{"damage":6,"enemies":"Looter","floor":12,"turns":3},{"damage":8,"enemies":"Large Slime","floor":13,"turns":8},{"damage":2,"enemies":"Exordium Thugs","floor":14,"turns":4},{"damage":0,"enemies":"The Guardian","floor":16,"turns":1}],"seed_played":"-5770128779089792459","potions_obtained":[{"floor":2,"key":"FairyPotion"},{"floor":10,"key":"FearPotion"},{"floor":11,"key":"Poison Potion"},{"floor":13,"key":"SkillPotion"},{"floor":14,"key":"Ancient Potion"}],"is_trial":false,"path_per_floor":["M","M","M","M","$","R","E","R","T","E","M","M","M","M","R","B"],"character_chosen":"THE_SILENT","items_purchased":[],"campfire_rested":3,"item_purchase_floors":[],"current_hp_per_floor":[63,63,62,34,34,55,25,46,46,42,40,34,26,24,48,48],"gold":174,"neow_bonus":"ONE_RANDOM_RARE_CARD","is_prod":false,"is_daily":false,"chose_seed":false,"campfire_upgraded":0,"win_rate":0,"timestamp":1547186222,"path_taken":["M","M","M","M","$","R","E","R","T","E","M","M","M","M","R","BOSS"],"build_version":"2019-01-10","purchased_purges":1,"victory":false,"max_hp_per_floor":[70,70,70,70,70,70,70,70,70,80,80,80,80,80,80,80],"card_choices":[{"not_picked":["Prepared","Acrobatics"],"picked":"Quick Slash","floor":1},{"not_picked":["Dagger Throw","Sucker Punch"],"picked":"Acrobatics","floor":2},{"not_picked":["Slice","Prepared","Quick Slash"],"picked":"SKIP","floor":3},{"not_picked":["Deadly Poison","PiercingWail"],"picked":"Die Die Die","floor":4},{"not_picked":["Backstab","Bouncing Flask"],"picked":"Dagger Spray","floor":7},{"not_picked":["Terror","Die Die Die"],"picked":"Blur","floor":10},{"not_picked":["Deflect","Acrobatics"],"picked":"Dodge and Roll","floor":11},{"not_picked":["Prepared","Concentrate"],"picked":"Cloak And Dagger","floor":12},{"not_picked":["Skewer","Acrobatics","Flying Knee"],"picked":"SKIP","floor":13},{"not_picked":["Quick Slash","Accuracy","Acrobatics"],"picked":"SKIP","floor":14}],"player_experience":206748,"relics_obtained":[{"floor":7,"key":"Bag of Preparation"},{"floor":9,"key":"Centennial Puzzle"},{"floor":10,"key":"Pear"}],"event_choices":[],"is_beta":false,"boss_relics":[],"items_purged_floors":[5],"is_endless":false,"potions_floor_spawned":[2,10,11,13,14],"killed_by":"The Guardian","ascension_level":0}