{"gold_per_floor":[118,19,32,50,225,225,253,253,253,287,31,31,4,30,30,132,132,148,248,236,252,252],"floor_reached":22,"playtime":1420,"items_purged":["Strike_B","Doubt"],"score":323,"play_id":"2b75f2e8-89fa-4239-ad7e-6741f46adfb4","local_time":"20190130180653","is_ascension_mode":true,"campfire_choices":[{"data":"Streamline","floor":6,"key":"SMITH"},{"data":"Hologram","floor":8,"key":"SMITH"},{"data":"Loop","floor":15,"key":"SMITH"}],"neow_cost":"NONE","seed_source_timestamp":1099703018474076,"circlet_count":0,"master_deck":["AscendersBane","Strike_B","Strike_B","Strike_B","Defend_B","Defend_B","Defend_B","Defend_B","Zap","Dualcast","Ball Lightning","Hologram+1","Streamline+1","Melter","Reinforced Body","Self Repair","Loop+1","Undo","Capacitor","Self Repair","Echo Form","Recycle+1","Capacitor","BootSequence"],"relics":["Eternal Feather","Darkstone Periapt","The Courier","Art of War","Singing Bowl","Anchor","Cursed Key","Dead Branch","Blue Candle"],"potions_floor_usage":[10,10],"damage_taken":[{"damage":3,"enemies":"Jaw Worm","floor":1,"turns":6},{"damage":5,"enemies":"2 Louse","floor":3,"turns":2},{"damage":1,"enemies":"Cultist","floor":4,"turns":3},{"damage":42,"enemies":"Gremlin Nob","floor":7,"turns":5},{"damage":22,"enemies":"3 Sentries","floor":10,"turns":9},{"damage":13,"enemies":"Lagavulin","floor":14,"turns":7},{"damage":42,"enemies":"The Guardian","floor":16,"turns":11},{"damage":0,"enemies":"Spheric Guardian","floor":18,"turns":3},{"damage":21,"enemies":"Colosseum Slavers","floor":19,"turns":6},{"damage":56,"enemies":"Colosseum Nobs","floor":19,"turns":8},{"damage":28,"enemies":"2 Thieves","floor":20,"turns":5},{"damage":10,"enemies":"Sentry and Sphere","floor":21,"turns":7},{"damage":74,"enemies":"3 Cultists","floor":22,"turns":5}],"seed_played":"9055465375162688512","potions_obtained":[{"floor":4,"key":"Dexterity Potion"},{"floor":7,"key":"Regen Potion"},{"floor":14,"key":"FearPotion"},{"floor":18,"key":"Weak Potion"}],"is_trial":false,"path_per_floor":["M","$","M","M","?","R","E","R","T","E","$","?","$","E","R","B",null,"M","?","M","M","M"],"character_chosen":"DEFECT","items_purchased":["Hologram","Loop","Undo","Capacitor","Self Repair"],"campfire_rested":0,"item_purchase_floors":[2,11,11,11,13],"current_hp_per_floor":[65,65,60,59,59,68,26,35,35,28,28,28,28,31,43,15,62,76,48,43,61,0],"gold":252,"neow_bonus":"BOSS_RELIC","is_prod":false,"is_daily":false,"chose_seed":false,"campfire_upgraded":3,"win_rate":0,"timestamp":1548889613,"path_taken":["M","$","M","M","?","R","E","R","T","E","$","?","?","E","R","BOSS","M","?","M","M","M"],"build_version":"2019-01-23","purchased_purges":2,"victory":false,"max_hp_per_floor":[75,75,75,75,75,75,75,75,75,75,75,75,75,77,77,77,77,77,77,79,79,79],"card_choices":[{"not_picked":["Steam Power","Steam"],"picked":"Ball Lightning","floor":1},{"not_picked":["Stack","Sweeping Beam"],"picked":"Streamline","floor":3},{"not_picked":["Beam Cell","Barrage"],"picked":"Melter","floor":4},{"not_picked":["Auto Shields","Lockon"],"picked":"Reinforced Body","floor":7},{"not_picked":["Go for the Eyes","Gash"],"picked":"Self Repair","floor":10},{"not_picked":["Turbo","Doom and Gloom","Storm"],"picked":"Singing Bowl","floor":14},{"not_picked":["Electrodynamics","Meteor Strike"],"picked":"Echo Form","floor":16},{"not_picked":["Darkness","Go for the Eyes"],"picked":"Recycle+1","floor":18},{"not_picked":["Turbo","Compile Driver"],"picked":"Capacitor","floor":19},{"not_picked":["Fusion","Beam Cell+1","Ball Lightning"],"picked":"Singing Bowl","floor":20},{"not_picked":["Sweeping Beam","Tempest"],"picked":"BootSequence","floor":21}],"player_experience":582127,"relics_obtained":[{"floor":7,"key":"Darkstone Periapt"},{"floor":9,"key":"The Courier"},{"floor":10,"key":"Art of War"},{"floor":14,"key":"Anchor"},{"floor":19,"key":"Dead Branch"},{"floor":19,"key":"Blue Candle"}],"event_choices":[{"damage_healed":0,"gold_gain":175,"player_choice":"AGREE","damage_taken":0,"max_hp_gain":0,"max_hp_loss":0,"event_name":"Liars Game","floor":5,"gold_loss":0,"cards_obtained":["Doubt"]},{"damage_healed":0,"gold_gain":0,"player_choice":"Searched \u00271\u0027 times","damage_taken":0,"relics_obtained":["Singing Bowl"],"max_hp_gain":0,"max_hp_loss":0,"event_name":"Dead Adventurer","floor":12,"gold_loss":0},{"damage_healed":0,"gold_gain":0,"player_choice":"Searched \u00271\u0027 times","damage_taken":0,"relics_obtained":["Singing Bowl"],"max_hp_gain":0,"max_hp_loss":0,"event_name":"Dead Adventurer","floor":12,"gold_loss":0},{"damage_healed":0,"gold_gain":0,"player_choice":"Fight","damage_taken":0,"max_hp_gain":0,"max_hp_loss":0,"event_name":"Colosseum","floor":19,"gold_loss":0},{"damage_healed":0,"gold_gain":0,"player_choice":"Fought Nobs","damage_taken":0,"max_hp_gain":0,"max_hp_loss":0,"event_name":"Colosseum","floor":19,"gold_loss":0}],"is_beta":false,"boss_relics":[{"not_picked":["Fusion Hammer","Busted Crown"],"picked":"Cursed Key"}],"items_purged_floors":[2,11],"is_endless":false,"potions_floor_spawned":[4,7,14,18,19,20],"killed_by":"3 Cultists","ascension_level":12}