{"gold_per_floor":[111,124,124,135,135,135,164,164,164,193,143,153,153,78,78,178,228,241,141,159,175,250,250,281,295,295,314,326,72,72,107,107,212,212,230,248,248,261,315,315,327,340,340,367,383,69,119,132,132,132],"floor_reached":51,"playtime":2765,"items_purged":["Defend_R","Strike_R","Defend_R"],"score":1011,"play_id":"8e756667-e576-4723-b837-5d46bc27d788","local_time":"20190108104741","is_ascension_mode":true,"campfire_choices":[{"data":"Body Slam","floor":6,"key":"SMITH"},{"data":"Ghostly Armor","floor":8,"key":"SMITH"},{"data":"Bash","floor":13,"key":"SMITH"},{"data":"Shockwave","floor":15,"key":"SMITH"},{"data":"Defend_R","floor":23,"key":"SMITH"},{"data":"Iron Wave","floor":30,"key":"SMITH"},{"data":"Defend_R","floor":32,"key":"SMITH"},{"data":"Berserk","floor":40,"key":"SMITH"},{"floor":49,"key":"REST"}],"neow_cost":"TEN_PERCENT_HP_LOSS","seed_source_timestamp":1583255057546607,"circlet_count":0,"master_deck":["Strike_R+1","Defend_R+1","Defend_R+1","Bash+1","Ghostly Armor+1","Shockwave+1","Body Slam+1","Ghostly Armor+1","True Grit+1","Disarm+1","Flame Barrier+1","Power Through+1","Iron Wave+1","Berserk+1","Rampage+1","Spot Weakness+1","Entrench+1","True Grit+1"],"relics":["Burning Blood","Toxic Egg 2","Centennial Puzzle","Meat on the Bone","Bag of Marbles","Tiny House","Dream Catcher","Pocketwatch","Paper Frog","Mercury Hourglass","Busted Crown","Potion Belt","Oddly Smooth Stone","Art of War","Dead Branch"],"potions_floor_usage":[24,24,27,44,47,47,48,50,50,50],"damage_taken":[{"damage":0,"enemies":"2 Louse","floor":1,"turns":5},{"damage":0,"enemies":"Jaw Worm","floor":2,"turns":4},{"damage":10,"enemies":"Small Slimes","floor":4,"turns":4},{"damage":23,"enemies":"Gremlin Nob","floor":7,"turns":6},{"damage":18,"enemies":"3 Sentries","floor":10,"turns":14},{"damage":0,"enemies":"2 Fungi Beasts","floor":12,"turns":5},{"damage":1,"enemies":"The Guardian","floor":16,"turns":8},{"damage":3,"enemies":"2 Thieves","floor":18,"turns":5},{"damage":1,"enemies":"Chosen","floor":20,"turns":4},{"damage":0,"enemies":"Centurion and Healer","floor":21,"turns":10},{"damage":56,"enemies":"Slavers","floor":24,"turns":13},{"damage":0,"enemies":"Cultist and Chosen","floor":25,"turns":10},{"damage":3,"enemies":"Snecko","floor":27,"turns":7},{"damage":6,"enemies":"Shelled Parasite and Fungi","floor":28,"turns":5},{"damage":0,"enemies":"Book of Stabbing","floor":31,"turns":6},{"damage":71,"enemies":"Collector","floor":33,"turns":15},{"damage":10,"enemies":"Orb Walker","floor":35,"turns":3},{"damage":9,"enemies":"3 Darklings","floor":36,"turns":4},{"damage":0,"enemies":"4 Shapes","floor":38,"turns":6},{"damage":22,"enemies":"Transient","floor":41,"turns":5},{"damage":32,"enemies":"Spire Growth","floor":42,"turns":5},{"damage":15,"enemies":"Reptomancer","floor":44,"turns":6},{"damage":10,"enemies":"4 Shapes","floor":45,"turns":5},{"damage":5,"enemies":"2 Orb Walkers","floor":47,"turns":3},{"damage":10,"enemies":"Sphere and 2 Shapes","floor":48,"turns":4},{"damage":16,"enemies":"Donu and Deca","floor":50,"turns":10}],"seed_played":"-3235302313755506027","potions_obtained":[{"floor":7,"key":"LiquidBronze"},{"floor":10,"key":"GamblersBrew"},{"floor":17,"key":"BloodPotion"},{"floor":24,"key":"SkillPotion"},{"floor":25,"key":"Swift Potion"},{"floor":28,"key":"FairyPotion"},{"floor":33,"key":"AttackPotion"},{"floor":36,"key":"Strength Potion"},{"floor":44,"key":"SteroidPotion"},{"floor":47,"key":"Swift Potion"},{"floor":48,"key":"Block Potion"}],"is_trial":false,"path_per_floor":["M","M","?","M","?","R","E","R","T","E","?","M","R","$","R","B",null,"M","$","M","M","?","R","E","M","T","M","M","$","R","E","R","B",null,"M","M","$","M","T","R","M","M","T","E","M","$","?","M","R","B",null],"character_chosen":"IRONCLAD","items_purchased":["Paper Frog","Entrench+1","EssenceOfSteel","Explosive Potion"],"campfire_rested":1,"item_purchase_floors":[29,46,46,46],"current_hp_per_floor":[72,72,72,68,68,68,51,51,51,51,51,57,57,57,57,62,75,77,77,77,77,70,70,39,45,45,48,48,48,48,54,54,25,64,60,57,57,63,63,63,47,33,33,36,44,44,45,53,76,66],"gold":132,"neow_bonus":"TRANSFORM_TWO_CARDS","is_prod":false,"is_daily":false,"chose_seed":false,"campfire_upgraded":8,"win_rate":0,"timestamp":1546962461,"path_taken":["M","M","?","M","?","R","E","R","T","E","?","M","R","$","R","BOSS","M","$","M","M","?","R","E","M","T","M","M","$","R","E","R","BOSS","M","M","$","M","?","R","M","M","T","E","?","$","?","M","R","BOSS"],"build_version":"2019-01-03v4","purchased_purges":3,"victory":true,"max_hp_per_floor":[72,72,72,72,72,72,72,72,72,72,72,72,72,72,72,72,77,77,77,77,77,77,77,77,77,77,77,77,77,77,77,77,77,77,77,77,77,77,77,77,77,77,77,77,77,77,77,77,77,77],"card_choices":[{"not_picked":["Iron Wave","Perfected Strike"],"picked":"Body Slam","floor":1},{"not_picked":["Sword Boomerang","Bloodletting","Perfected Strike"],"picked":"SKIP","floor":2},{"not_picked":["Pummel","Shockwave+1"],"picked":"Ghostly Armor+1","floor":4},{"not_picked":["Flex+1","Warcry+1"],"picked":"True Grit+1","floor":7},{"not_picked":["Clash","Havoc+1"],"picked":"Disarm+1","floor":10},{"not_picked":["Offering+1","Twin Strike","Second Wind+1"],"picked":"SKIP","floor":12},{"not_picked":["Battle Trance+1","Headbutt"],"picked":"Flame Barrier+1","floor":18},{"not_picked":["Armaments+1","Wild Strike","Pommel Strike+1"],"picked":"SKIP","floor":20},{"not_picked":["Whirlwind+1","Burning Pact+1","Heavy Blade+1"],"picked":"SKIP","floor":21},{"not_picked":["Whirlwind","Uppercut"],"picked":"Power Through+1","floor":24},{"not_picked":["Whirlwind","Perfected Strike+1"],"picked":"Iron Wave","floor":25},{"not_picked":["Headbutt+1","Feed","Thunderclap"],"picked":"SKIP","floor":27},{"not_picked":["Flex+1","Headbutt+1","Clothesline"],"picked":"SKIP","floor":28},{"not_picked":["Anger","Warcry+1","Clothesline"],"picked":"SKIP","floor":31},{"not_picked":["Brutality","Feed"],"picked":"Berserk","floor":33},{"not_picked":["Havoc+1"],"picked":"SKIP","floor":35},{"not_picked":["Anger+1"],"picked":"SKIP","floor":36},{"not_picked":[],"picked":"Rampage+1","floor":38},{"not_picked":[],"picked":"Spot Weakness+1","floor":41},{"not_picked":["Rage+1"],"picked":"SKIP","floor":42},{"not_picked":["Hemokinesis"],"picked":"SKIP","floor":44},{"not_picked":["Twin Strike"],"picked":"SKIP","floor":45},{"not_picked":[],"picked":"True Grit+1","floor":48}],"player_experience":344290,"relics_obtained":[{"floor":7,"key":"Centennial Puzzle"},{"floor":9,"key":"Meat on the Bone"},{"floor":10,"key":"Bag of Marbles"},{"floor":24,"key":"Dream Catcher"},{"floor":26,"key":"Pocketwatch"},{"floor":31,"key":"Mercury Hourglass"},{"floor":39,"key":"Potion Belt"},{"floor":43,"key":"Oddly Smooth Stone"},{"floor":44,"key":"Art of War"},{"floor":47,"key":"Dead Branch"}],"event_choices":[{"damage_healed":0,"gold_gain":0,"player_choice":"Box","damage_taken":0,"relics_obtained":["Toxic Egg 2"],"max_hp_gain":0,"max_hp_loss":0,"event_name":"Big Fish","floor":3,"gold_loss":0,"cards_obtained":["Regret"]},{"cards_removed":["Regret"],"damage_healed":0,"gold_gain":0,"player_choice":"Forget","damage_taken":0,"max_hp_gain":0,"max_hp_loss":0,"event_name":"Living Wall","floor":5,"gold_loss":0},{"cards_removed":["Strike_R"],"damage_healed":0,"gold_gain":0,"player_choice":"Card Removal","damage_taken":0,"max_hp_gain":0,"max_hp_loss":0,"event_name":"The Cleric","floor":11,"gold_loss":50},{"damage_healed":0,"gold_gain":75,"player_choice":"Touch","damage_taken":7,"max_hp_gain":0,"max_hp_loss":0,"event_name":"FaceTrader","floor":22,"gold_loss":0},{"damage_healed":0,"gold_gain":0,"player_choice":"Fight","damage_taken":0,"max_hp_gain":0,"max_hp_loss":0,"event_name":"Mysterious Sphere","floor":47,"gold_loss":0}],"is_beta":false,"boss_relics":[{"not_picked":["Black Star","Ectoplasm"],"picked":"Tiny House"},{"not_picked":["Runic Cube","Runic Dome"],"picked":"Busted Crown"}],"items_purged_floors":[14,19,46],"is_endless":false,"potions_floor_spawned":[7,10,24,25,28,33,35,36,44,47,48],"ascension_level":8}