{"gold_per_floor":[113,113,132,53,53,53,83,98,98,126,141,31,59,70,70,168,168,168,108,108,8,8,8,8,8,8,8,8,8,8,8,8,8,8,8,8,8,8,8,8,8,8,8,8,8,8,8,8,8,8],"floor_reached":50,"playtime":1992,"items_purged":["Strike_R","Strike_R"],"score":776,"play_id":"e8b53067-c9ff-442b-93a7-9a755b6c7a9f","local_time":"20190115001533","is_ascension_mode":true,"campfire_choices":[{"data":"Rampage","floor":6.0,"key":"SMITH"},{"data":"Intimidate","floor":15.0,"key":"SMITH"},{"data":"Burning Pact","floor":23.0,"key":"SMITH"},{"floor":32.0,"key":"REST"},{"data":"Double Tap","floor":40.0,"key":"SMITH"},{"data":"Metallicize","floor":42.0,"key":"SMITH"},{"data":"Headbutt","floor":46.0,"key":"SMITH"},{"floor":49.0,"key":"REST"}],"neow_cost":"NONE","seed_source_timestamp":50362107505310,"circlet_count":0,"master_deck":["Strike_R","Defend_R","Defend_R","Defend_R","Bash+1","Headbutt+1","Wild Strike","Rampage+1","Cleave+1","Burning Pact+1","Metallicize+1","Flame Barrier+1","Intimidate+1","Feed","Shockwave+1","Shrug It Off","True Grit+1","Double Tap+1","Reaper","Battle Trance"],"special_seed":0,"relics":["Burning Blood","Omamori","PreservedInsect","Dodecahedron","Lantern","Bag of Preparation","Ectoplasm","Dead Branch","Boot","Whetstone","Sozu","Frozen Egg 2","Pear","MawBank"],"potions_floor_usage":[50],"damage_taken":[{"damage":7.0,"enemies":"Small Slimes","floor":1.0,"turns":4.0},{"damage":6.0,"enemies":"Cultist","floor":3.0,"turns":3.0},{"damage":16.0,"enemies":"Gremlin Nob","floor":7.0,"turns":3.0},{"damage":2.0,"enemies":"Jaw Worm","floor":8.0,"turns":3.0},{"damage":0.0,"enemies":"3 Sentries","floor":10.0,"turns":4.0},{"damage":22.0,"enemies":"Exordium Thugs","floor":11.0,"turns":5.0},{"damage":5.0,"enemies":"Gremlin Nob","floor":13.0,"turns":3.0},{"damage":0.0,"enemies":"Blue Slaver","floor":14.0,"turns":3.0},{"damage":58.0,"enemies":"Hexaghost","floor":16.0,"turns":12.0},{"damage":6.0,"enemies":"Shell Parasite","floor":18.0,"turns":5.0},{"damage":13.0,"enemies":"2 Thieves","floor":19.0,"turns":4.0},{"damage":9.0,"enemies":"Snake Plant","floor":28.0,"turns":6.0},{"damage":17.0,"enemies":"Slavers","floor":29.0,"turns":5.0},{"damage":4.0,"enemies":"Chosen and Byrds","floor":30.0,"turns":5.0},{"damage":12.0,"enemies":"Book of Stabbing","floor":31.0,"turns":3.0},{"damage":68.0,"enemies":"Champ","floor":33.0,"turns":10.0},{"damage":7.0,"enemies":"3 Shapes","floor":35.0,"turns":5.0},{"damage":6.0,"enemies":"Orb Walker","floor":37.0,"turns":3.0},{"damage":22.0,"enemies":"Writhing Mass","floor":39.0,"turns":5.0},{"damage":12.0,"enemies":"Sphere and 2 Shapes","floor":41.0,"turns":4.0},{"damage":24.0,"enemies":"Reptomancer","floor":45.0,"turns":6.0},{"damage":16.0,"enemies":"3 Darklings","floor":48.0,"turns":4.0},{"damage":113,"enemies":"Time Eater","floor":50,"turns":12}],"seed_played":"-8701376383649959241","potions_obtained":[{"floor":1.0,"key":"SteroidPotion"},{"floor":7.0,"key":"Energy Potion"},{"floor":11.0,"key":"SkillPotion"},{"floor":16.0,"key":"BloodPotion"},{"floor":28.0,"key":"FearPotion"},{"floor":29.0,"key":"Ancient Potion"}],"is_trial":false,"path_per_floor":["M","?","M","$","?","R","E","M","T","E","M","$","E","M","R","B",null,"M","M","?","$","?","R","?","?","T","$","M","E","M","E","R","B",null,"M","?","M","T","M","R","M","R","T","$","E","R","?","M","R","B"],"character_chosen":"IRONCLAD","items_purchased":["Rampage","Metallicize"],"campfire_rested":2,"item_purchase_floors":[4,12],"current_hp_per_floor":[71,71,71,71,71,71,61,65,65,71,55,55,56,62,62,10,63,71,64,64,64,64,64,64,64,64,64,61,53,58,55,81,19,72,74,74,74,74,64,64,83,83,93,93,84,84,84,74,97,0],"gold":8,"neow_bonus":"RANDOM_COMMON_RELIC","is_prod":false,"is_daily":false,"chose_seed":false,"campfire_upgraded":6,"win_rate":0,"timestamp":1547478933,"path_taken":["M","?","M","$","?","R","E","?","T","E","M","$","E","M","R","BOSS","M","M","?","?","?","R","?","?","T","$","M","E","M","E","R","BOSS","M","?","M","?","M","R","M","R","T","$","E","R","?","M","R","BOSS"],"build_version":"2019-01-10","purchased_purges":2,"victory":false,"max_hp_per_floor":[80,80,80,80,80,80,80,80,80,80,80,80,80,80,80,80,80,80,80,80,80,80,80,80,80,80,80,80,83,86,89,89,89,89,92,92,92,92,92,92,92,92,102,102,102,102,97,97,97,97],"card_choices":[{"not_picked":["Sever Soul","Anger"],"picked":"Headbutt","floor":1.0},{"not_picked":["Sentinel","Carnage"],"picked":"Wild Strike","floor":3.0},{"not_picked":["Perfected Strike","Armaments","Sever Soul"],"picked":"SKIP","floor":7.0},{"not_picked":["Reckless Charge","Body Slam"],"picked":"Cleave","floor":8.0},{"not_picked":["Sword Boomerang","Thunderclap","Dark Embrace"],"picked":"SKIP","floor":10.0},{"not_picked":["Dropkick","Twin Strike"],"picked":"Burning Pact","floor":11.0},{"not_picked":["Headbutt","Clothesline"],"picked":"Flame Barrier","floor":13.0},{"not_picked":["Wild Strike","Bloodletting"],"picked":"Intimidate","floor":14.0},{"not_picked":["Barricade","Brutality"],"picked":"Feed","floor":16.0},{"not_picked":["Infernal Blade","Reckless Charge"],"picked":"Shockwave+1","floor":18.0},{"not_picked":["Clash","Infernal Blade"],"picked":"Shrug It Off","floor":19.0},{"not_picked":["Havoc","Uppercut+1"],"picked":"True Grit+1","floor":28.0},{"not_picked":["Flame Barrier","Seeing Red","Clothesline"],"picked":"SKIP","floor":29.0},{"not_picked":["Disarm","Clothesline+1","Dual Wield"],"picked":"SKIP","floor":30.0},{"not_picked":["Clothesline","Intimidate+1"],"picked":"Double Tap","floor":31.0},{"not_picked":["Offering","Dark Embrace"],"picked":"Reaper","floor":33.0},{"not_picked":["Body Slam","Uppercut","Clothesline+1"],"picked":"SKIP","floor":35.0},{"not_picked":["Dropkick","Seeing Red+1","Anger"],"picked":"SKIP","floor":37.0},{"not_picked":["Sword Boomerang","Body Slam+1","Flex"],"picked":"SKIP","floor":39.0},{"not_picked":["Headbutt+1","Perfected Strike+1","Fire Breathing+1"],"picked":"SKIP","floor":41.0},{"not_picked":["Rupture+1","Anger","Warcry+1"],"picked":"SKIP","floor":45.0},{"not_picked":["Shrug It Off","Warcry+1"],"picked":"Battle Trance","floor":48.0}],"player_experience":233225,"relics_obtained":[{"floor":7.0,"key":"PreservedInsect"},{"floor":9.0,"key":"Dodecahedron"},{"floor":10.0,"key":"Lantern"},{"floor":13.0,"key":"Bag of Preparation"},{"floor":26.0,"key":"Dead Branch"},{"floor":29.0,"key":"Boot"},{"floor":31.0,"key":"Whetstone"},{"floor":38.0,"key":"Frozen Egg 2"},{"floor":43.0,"key":"Pear"},{"floor":45.0,"key":"MawBank"}],"event_choices":[{"cards_removed":["Strike_R"],"damage_healed":0.0,"max_hp_gain":0.0,"max_hp_loss":0.0,"gold_gain":0.0,"event_name":"Living Wall","player_choice":"Forget","floor":2.0,"gold_loss":0.0,"damage_taken":0.0},{"damage_healed":0.0,"max_hp_gain":0.0,"max_hp_loss":0.0,"gold_gain":0.0,"event_name":"Match and Keep!","player_choice":"0 cards matched","floor":5.0,"gold_loss":0.0,"damage_taken":0.0,"cards_obtained":[]},{"damage_healed":0.0,"max_hp_gain":0.0,"max_hp_loss":0.0,"gold_gain":0.0,"event_name":"Upgrade Shrine","player_choice":"Upgraded","floor":20.0,"gold_loss":0.0,"damage_taken":0.0,"cards_upgraded":["Flame Barrier"]},{"damage_healed":0.0,"max_hp_gain":0.0,"max_hp_loss":0.0,"gold_gain":0.0,"event_name":"Cursed Tome","player_choice":"Ignored","floor":22.0,"gold_loss":0.0,"damage_taken":0.0},{"damage_healed":0.0,"max_hp_gain":0.0,"max_hp_loss":0.0,"gold_gain":0.0,"event_name":"Vampires","player_choice":"Ignored","floor":24.0,"gold_loss":0.0,"damage_taken":0.0},{"cards_removed":["Strike_R"],"damage_healed":0.0,"max_hp_gain":0.0,"max_hp_loss":0.0,"gold_gain":0.0,"event_name":"Back to Basics","player_choice":"Elegance","floor":25.0,"gold_loss":0.0,"damage_taken":0.0},{"cards_removed":["Defend_R"],"damage_healed":0.0,"max_hp_gain":0.0,"max_hp_loss":0.0,"gold_gain":0.0,"event_name":"Falling","player_choice":"Removed Skill","floor":36.0,"gold_loss":0.0,"damage_taken":0.0},{"damage_healed":0.0,"max_hp_gain":0.0,"max_hp_loss":5.0,"gold_gain":0.0,"event_name":"Winding Halls","player_choice":"Max HP","floor":47.0,"gold_loss":0.0,"damage_taken":0.0}],"is_beta":false,"boss_relics":[{"not_picked":["Tiny House","Coffee Dripper"],"picked":"Ectoplasm"},{"not_picked":["Runic Pyramid","Runic Cube"],"picked":"Sozu"}],"items_purged_floors":[12,21],"is_endless":false,"potions_floor_spawned":[1,7,11,16,28,29,35,37,41],"killed_by":"Time Eater","ascension_level":6}