{"gold_per_floor":[115,65,65,84,84,116,41,41,41,41,53,64,81,95,95,95],"floor_reached":16,"playtime":331,"items_purged":["Strike_R"],"score":140,"play_id":"4e8ea4d0-8b79-480d-9941-860e654331cc","local_time":"20190107235858","is_ascension_mode":true,"campfire_choices":[{"data":"Pommel Strike","floor":8,"key":"SMITH"},{"data":"Bash","floor":10,"key":"SMITH"},{"data":"Searing Blow","floor":15,"key":"SMITH"}],"neow_cost":"NONE","seed_source_timestamp":49591811703098,"circlet_count":0,"master_deck":["Strike_R","Strike_R","Strike_R","Defend_R","Defend_R","Defend_R","Defend_R","Bash+1","Pommel Strike+1","Clothesline","Twin Strike","Cleave","Searing Blow+1","Shrug It Off"],"relics":["Burning Blood","NeowsBlessing","Lantern","Vajra"],"potions_floor_usage":[16,16],"damage_taken":[{"damage":0,"enemies":"Small Slimes","floor":1,"turns":1},{"damage":0,"enemies":"Jaw Worm","floor":4,"turns":1},{"damage":0,"enemies":"3 Sentries","floor":6,"turns":2},{"damage":0,"enemies":"Cultist","floor":11,"turns":2},{"damage":0,"enemies":"Large Slime","floor":12,"turns":4},{"damage":13,"enemies":"Blue Slaver","floor":13,"turns":3},{"damage":23,"enemies":"Exordium Thugs","floor":14,"turns":4},{"damage":57,"enemies":"Hexaghost","floor":16,"turns":11}],"seed_played":"-3255297334392911405","potions_obtained":[{"floor":11,"key":"Swift Potion"},{"floor":12,"key":"EssenceOfSteel"},{"floor":14,"key":"EssenceOfSteel"}],"is_trial":false,"path_per_floor":["M","?","?","M","?","E","$","R","T","R","M","M","M","M","R","B"],"character_chosen":"IRONCLAD","items_purchased":[],"campfire_rested":0,"item_purchase_floors":[],"current_hp_per_floor":[80,80,80,80,80,80,80,80,80,80,80,80,73,56,56,0],"gold":95,"neow_bonus":"THREE_ENEMY_KILL","is_prod":false,"is_daily":false,"chose_seed":false,"campfire_upgraded":3,"win_rate":0,"timestamp":1546873138,"path_taken":["M","?","?","M","?","E","$","R","T","R","M","M","M","M","R","BOSS"],"build_version":"2019-01-03v4","purchased_purges":1,"victory":false,"max_hp_per_floor":[80,80,80,80,80,80,80,80,80,80,80,80,80,80,80,80],"card_choices":[{"not_picked":["Wild Strike","Flex"],"picked":"Pommel Strike","floor":1},{"not_picked":["Intimidate","Anger"],"picked":"Clothesline","floor":4},{"not_picked":["Thunderclap","Dark Embrace"],"picked":"Twin Strike","floor":6},{"not_picked":["Feel No Pain","Clothesline","Havoc"],"picked":"SKIP","floor":11},{"not_picked":["Sever Soul","Warcry"],"picked":"Cleave","floor":12},{"not_picked":["Evolve","Shockwave"],"picked":"Searing Blow","floor":13},{"not_picked":["True Grit","Bloodletting"],"picked":"Shrug It Off","floor":14}],"player_experience":164682,"relics_obtained":[{"floor":6,"key":"Lantern"},{"floor":9,"key":"Vajra"}],"event_choices":[{"cards_removed":["Strike_R"],"damage_healed":0,"gold_gain":0,"player_choice":"Card Removal","damage_taken":0,"max_hp_gain":0,"max_hp_loss":0,"event_name":"The Cleric","floor":2,"gold_loss":50},{"damage_healed":0,"gold_gain":0,"player_choice":"Ignored","damage_taken":0,"max_hp_gain":0,"max_hp_loss":0,"event_name":"Shining Light","floor":3,"gold_loss":0},{"damage_healed":0,"gold_gain":0,"player_choice":"Ignored","damage_taken":0,"max_hp_gain":0,"max_hp_loss":0,"event_name":"Golden Idol","floor":5,"gold_loss":0}],"is_beta":false,"boss_relics":[],"items_purged_floors":[7],"is_endless":false,"potions_floor_spawned":[11,12,14],"killed_by":"Hexaghost","ascension_level":2}