{"gold_per_floor":[169,180,66,66,241,241,259,278,351,361,361,395,395,395,395,395],"floor_reached":16,"playtime":589,"items_purged":["Strike_G"],"score":160,"play_id":"6cef7775-4c2b-41fb-94f3-e31437824cfd","local_time":"20190220194432","is_ascension_mode":true,"campfire_choices":[{"data":"Footwork","floor":6.0,"key":"SMITH"},{"data":"Backflip","floor":11.0,"key":"SMITH"},{"data":"Predator","floor":13.0,"key":"SMITH"},{"floor":15.0,"key":"REST"}],"neow_cost":"NONE","seed_source_timestamp":0,"circlet_count":0,"master_deck":["AscendersBane","Defend_G","Defend_G","Defend_G","Defend_G+1","Defend_G+1","Strike_G+1","Strike_G","Strike_G","Strike_G","Survivor","Neutralize+1","Backflip+1","Predator+1","Footwork+1","Doubt","Corpse Explosion"],"special_seed":0,"relics":["Tiny House","Bottled Lightning","Snake Skull"],"potions_floor_usage":[16,16],"damage_taken":[{"damage":0.0,"enemies":"2 Louse","floor":1.0,"turns":3.0},{"damage":7.0,"enemies":"Small Slimes","floor":2.0,"turns":4.0},{"damage":1.0,"enemies":"Jaw Worm","floor":7.0,"turns":4.0},{"damage":0.0,"enemies":"3 Louse","floor":8.0,"turns":5.0},{"damage":0.0,"enemies":"Blue Slaver","floor":10.0,"turns":4.0},{"damage":40.0,"enemies":"Gremlin Nob","floor":12.0,"turns":7.0},{"damage":32,"enemies":"Slime Boss","floor":16,"turns":10}],"seed_played":"-1802152664865596614","potions_obtained":[{"floor":0.0,"key":"Energy Potion"},{"floor":2.0,"key":"GamblersBrew"}],"is_trial":false,"path_per_floor":["M","M","$","?","?","R","M","M","T","M","R","E","R","?","R","B"],"character_chosen":"THE_SILENT","items_purchased":["Footwork"],"campfire_rested":1,"item_purchase_floors":[3],"current_hp_per_floor":[68,61,61,61,61,61,60,60,60,60,60,20,20,5,27,0],"gold":395,"neow_bonus":"BOSS_RELIC","is_prod":false,"is_daily":false,"chose_seed":false,"campfire_upgraded":3,"win_rate":0,"timestamp":1550720672,"path_taken":["M","M","$","?","?","R","M","M","T","M","R","E","R","?","R","BOSS"],"build_version":"2019-01-23","purchased_purges":1,"victory":false,"max_hp_per_floor":[75,75,75,75,75,75,75,75,75,75,75,75,75,75,75,75],"card_choices":[{"not_picked":["Dagger Spray","Sucker Punch"],"picked":"Backflip","floor":0.0},{"not_picked":["Dodge and Roll","Terror"],"picked":"Predator","floor":1.0},{"not_picked":["Caltrops","Slice","Underhanded Strike"],"picked":"SKIP","floor":2.0},{"not_picked":["Sucker Punch","Blade Dance","Bullet Time"],"picked":"SKIP","floor":7.0},{"not_picked":["Prepared","Sucker Punch","PiercingWail"],"picked":"SKIP","floor":8.0},{"not_picked":["Outmaneuver","PiercingWail","Poisoned Stab"],"picked":"SKIP","floor":10.0},{"not_picked":["Accuracy","Acrobatics"],"picked":"Corpse Explosion","floor":12.0}],"player_experience":443417,"relics_obtained":[{"floor":9.0,"key":"Bottled Lightning"},{"floor":12.0,"key":"Snake Skull"}],"event_choices":[{"damage_healed":0.0,"max_hp_gain":0.0,"max_hp_loss":0.0,"gold_gain":0.0,"event_name":"Living Wall","player_choice":"Grow","floor":4.0,"gold_loss":0.0,"damage_taken":0.0,"cards_upgraded":["Neutralize"]},{"damage_healed":0.0,"max_hp_gain":0.0,"max_hp_loss":0.0,"gold_gain":175.0,"event_name":"Liars Game","player_choice":"AGREE","floor":5.0,"gold_loss":0.0,"damage_taken":0.0,"cards_obtained":["Doubt"]},{"damage_healed":0.0,"max_hp_gain":0.0,"max_hp_loss":0.0,"gold_gain":0.0,"event_name":"Shining Light","player_choice":"Entered Light","floor":14.0,"gold_loss":0.0,"damage_taken":15.0,"cards_upgraded":["Strike_G","Defend_G"]}],"is_beta":false,"boss_relics":[],"items_purged_floors":[3],"is_endless":false,"potions_floor_spawned":[2,8],"killed_by":"Slime Boss","ascension_level":12}