{"gold_per_floor":[118,138,138,6,18,18,43,43,43,107,107,130,156,183,183,257,257,228,228,16,16,0,0,27,56,68,99,111],"floor_reached":28,"playtime":945,"items_purged":["Defend_R"],"score":504,"play_id":"56dda554-e172-487d-88aa-650c3d86fc3c","local_time":"20190131173509","is_ascension_mode":true,"campfire_choices":[{"data":"Bash","floor":6,"key":"SMITH"},{"data":"Clothesline","floor":8,"key":"SMITH"},{"floor":11,"key":"REST"},{"floor":15,"key":"DIG"},{"data":"Havoc","floor":23,"key":"SMITH"}],"neow_cost":"NONE","seed_source_timestamp":1184697503687791,"circlet_count":0,"master_deck":["AscendersBane","Strike_R","Strike_R","Strike_R","Strike_R","Strike_R","Defend_R","Defend_R","Defend_R","Bash+1","Clothesline+1","Perfected Strike+1","Anger","Impervious","Reaper","Havoc+1","J.A.X.","Uppercut","Wild Strike","Power Through"],"relics":["Burning Blood","NeowsBlessing","Incense Burner","Shovel","Tiny Chest","Potion Belt","Odd Mushroom","Happy Flower","Bronze Scales","Mark of Pain","Brimstone","Nilry\u0027s Codex","MawBank","Sundial"],"potions_floor_usage":[7,16,16,28],"damage_taken":[{"damage":0,"enemies":"Cultist","floor":1,"turns":1},{"damage":0,"enemies":"Jaw Worm","floor":2,"turns":1},{"damage":0,"enemies":"2 Louse","floor":5,"turns":1},{"damage":35,"enemies":"Lagavulin","floor":7,"turns":4},{"damage":24,"enemies":"Gremlin Nob","floor":10,"turns":4},{"damage":6,"enemies":"The Mushroom Lair","floor":13,"turns":4},{"damage":26,"enemies":"3 Sentries","floor":14,"turns":7},{"damage":24,"enemies":"Hexaghost","floor":16,"turns":10},{"damage":12,"enemies":"2 Thieves","floor":18,"turns":4},{"damage":21,"enemies":"Book of Stabbing","floor":24,"turns":3},{"damage":28,"enemies":"Spheric Guardian","floor":25,"turns":3},{"damage":10,"enemies":"Centurion and Healer","floor":27,"turns":3},{"damage":26,"enemies":"Shelled Parasite and Fungi","floor":28,"turns":1}],"seed_played":"1795031851877771184","potions_obtained":[{"floor":7,"key":"SkillPotion"},{"floor":14,"key":"AttackPotion"},{"floor":24,"key":"SmokeBomb"},{"floor":27,"key":"Swift Potion"}],"is_trial":false,"path_per_floor":["M","M","?","$","M","R","E","R","T","E","R","T","?","E","R","B",null,"M","?","$","?","?","R","E","M","T","M","M"],"character_chosen":"IRONCLAD","items_purchased":["PowerPotion","Brimstone"],"campfire_rested":1,"item_purchase_floors":[4,20],"current_hp_per_floor":[74,75,75,75,75,75,46,46,46,28,50,50,50,30,30,12,59,61,61,61,40,40,40,43,21,21,22,0],"gold":111,"neow_bonus":"THREE_ENEMY_KILL","is_prod":false,"is_daily":false,"chose_seed":false,"campfire_upgraded":3,"win_rate":0,"timestamp":1548974109,"path_taken":["M","M","?","$","?","R","E","R","T","E","R","?","?","E","R","BOSS","M","?","$","?","?","R","E","M","T","?","M"],"build_version":"2019-01-23","purchased_purges":1,"victory":false,"max_hp_per_floor":[75,75,75,75,75,75,75,75,75,75,75,75,75,75,75,75,75,75,75,75,75,75,75,75,75,75,75,75],"card_choices":[{"not_picked":["Bloodletting","Thunderclap"],"picked":"Clothesline","floor":1},{"not_picked":["Spot Weakness","Blood for Blood"],"picked":"Perfected Strike","floor":2},{"not_picked":["Warcry","Cleave"],"picked":"Anger","floor":5},{"not_picked":["Clash","Bloodletting","Anger"],"picked":"SKIP","floor":7},{"not_picked":["Dual Wield","Thunderclap","Iron Wave"],"picked":"SKIP","floor":10},{"not_picked":["Second Wind","Reckless Charge"],"picked":"Impervious","floor":14},{"not_picked":["Juggernaut","Limit Break"],"picked":"Reaper","floor":16},{"not_picked":["Body Slam","Rage"],"picked":"Havoc","floor":18},{"not_picked":["Perfected Strike","Flex"],"picked":"Uppercut","floor":24},{"not_picked":["Armaments","Rupture"],"picked":"Wild Strike","floor":25},{"not_picked":["Corruption+1","Heavy Blade"],"picked":"Power Through","floor":27}],"player_experience":606760,"relics_obtained":[{"floor":7,"key":"Incense Burner"},{"floor":9,"key":"Shovel"},{"floor":10,"key":"Tiny Chest"},{"floor":12,"key":"Potion Belt"},{"floor":13,"key":"Odd Mushroom"},{"floor":14,"key":"Happy Flower"},{"floor":15,"key":"Bronze Scales"},{"floor":21,"key":"Nilry\u0027s Codex"},{"floor":24,"key":"MawBank"},{"floor":26,"key":"Sundial"}],"event_choices":[{"damage_healed":0,"gold_gain":0,"player_choice":"Forge","damage_taken":0,"max_hp_gain":0,"max_hp_loss":0,"event_name":"Accursed Blacksmith","floor":3,"gold_loss":0,"cards_upgraded":["Perfected Strike"]},{"damage_healed":0,"gold_gain":0,"player_choice":"Fought Mushrooms","damage_taken":0,"max_hp_gain":0,"max_hp_loss":0,"event_name":"Mushrooms","floor":13,"gold_loss":0},{"damage_healed":0,"gold_gain":0,"player_choice":"Obtain J.A.X.","damage_taken":0,"max_hp_gain":0,"max_hp_loss":0,"event_name":"Drug Dealer","floor":19,"gold_loss":0,"cards_obtained":["J.A.X."]},{"damage_healed":0,"gold_gain":0,"player_choice":"Obtained Book","damage_taken":21,"max_hp_gain":0,"max_hp_loss":0,"event_name":"Cursed Tome","floor":21,"gold_loss":0},{"damage_healed":0,"gold_gain":0,"player_choice":"Paid Fearfully","damage_taken":0,"max_hp_gain":0,"max_hp_loss":0,"event_name":"Masked Bandits","floor":22,"gold_loss":16}],"is_beta":false,"boss_relics":[{"not_picked":["Orrery","Calling Bell"],"picked":"Mark of Pain"}],"items_purged_floors":[4],"is_endless":false,"potions_floor_spawned":[7,14,24,27],"killed_by":"Shelled Parasite and Fungi","ascension_level":20}