{"gold_per_floor":[118,118,118,134,157,182,182,198,268,287,287,298,332,347,347,347],"floor_reached":16,"playtime":691,"items_purged":[],"score":267,"play_id":"33ef5e66-c152-4401-a207-67234a16c61b","local_time":"20190130124332","is_ascension_mode":true,"campfire_choices":[{"data":"Carnage","floor":7,"key":"SMITH"},{"data":"Body Slam","floor":15,"key":"SMITH"}],"neow_cost":"NONE","seed_source_timestamp":1081028890584727,"circlet_count":0,"master_deck":["AscendersBane","Strike_R","Strike_R","Strike_R","Strike_R","Defend_R","Defend_R","Defend_R+1","Defend_R+1","Bash","Carnage+1","Shrug It Off","Body Slam+1","Dark Embrace","Reckless Charge+1","Limit Break","Carnage+1"],"relics":["Burning Blood","NeowsBlessing","Omamori","Kunai","Molten Egg 2","Ornamental Fan"],"potions_floor_usage":[8,16,16],"damage_taken":[{"damage":0,"enemies":"Cultist","floor":1,"turns":1},{"damage":0,"enemies":"Small Slimes","floor":4,"turns":1},{"damage":0,"enemies":"3 Sentries","floor":6,"turns":2},{"damage":0,"enemies":"Jaw Worm","floor":8,"turns":1},{"damage":9,"enemies":"Large Slime","floor":10,"turns":4},{"damage":11,"enemies":"Gremlin Gang","floor":12,"turns":7},{"damage":16,"enemies":"Lagavulin","floor":13,"turns":6},{"damage":10,"enemies":"Red Slaver","floor":14,"turns":4},{"damage":61,"enemies":"Hexaghost","floor":16,"turns":9}],"seed_played":"-493554292549076544","potions_obtained":[{"floor":1,"key":"FearPotion"},{"floor":6,"key":"Regen Potion"},{"floor":10,"key":"PowerPotion"},{"floor":14,"key":"Weak Potion"}],"is_trial":false,"path_per_floor":["M","?","?","M","T","E","R","M","T","M","?","M","E","M","R","B"],"character_chosen":"IRONCLAD","items_purchased":[],"campfire_rested":0,"item_purchase_floors":[],"current_hp_per_floor":[74,67,44,50,50,56,56,62,62,59,75,70,60,56,56,0],"gold":347,"neow_bonus":"THREE_ENEMY_KILL","is_prod":false,"is_daily":false,"chose_seed":false,"campfire_upgraded":2,"win_rate":0,"timestamp":1548870212,"path_taken":["M","?","?","M","?","E","R","M","T","M","?","?","E","M","R","BOSS"],"build_version":"2019-01-23","purchased_purges":0,"victory":false,"max_hp_per_floor":[75,75,75,75,75,75,75,75,75,75,75,75,75,75,75,75],"card_choices":[{"not_picked":["Shrug It Off","Dropkick"],"picked":"Carnage","floor":1},{"not_picked":["Sever Soul","Twin Strike"],"picked":"Inflame","floor":4},{"not_picked":["Clash","Rage"],"picked":"Shrug It Off","floor":6},{"not_picked":["Sever Soul","Carnage"],"picked":"Body Slam","floor":8},{"not_picked":["Shrug It Off","Infernal Blade"],"picked":"Dark Embrace","floor":10},{"not_picked":["Wild Strike+1","Sword Boomerang+1"],"picked":"Reckless Charge+1","floor":12},{"not_picked":["Clash+1","Flex"],"picked":"Limit Break","floor":13},{"not_picked":["Warcry","Power Through"],"picked":"Carnage+1","floor":14}],"player_experience":569589,"relics_obtained":[{"floor":5,"key":"Omamori"},{"floor":6,"key":"Kunai"},{"floor":9,"key":"Molten Egg 2"},{"floor":13,"key":"Ornamental Fan"}],"event_choices":[{"cards_removed":["Strike_R"],"damage_healed":0,"gold_gain":0,"player_choice":"Card Removal","damage_taken":7,"max_hp_gain":0,"max_hp_loss":0,"event_name":"Golden Wing","floor":2,"gold_loss":0},{"damage_healed":0,"gold_gain":0,"player_choice":"Entered Light","damage_taken":23,"max_hp_gain":0,"max_hp_loss":0,"event_name":"Shining Light","floor":3,"gold_loss":0,"cards_upgraded":["Defend_R","Defend_R"]},{"cards_removed":["Inflame"],"damage_healed":16,"gold_gain":0,"player_choice":"Offered Uncommon","damage_taken":0,"max_hp_gain":0,"max_hp_loss":0,"event_name":"Bonfire Elementals","floor":11,"gold_loss":0}],"is_beta":false,"boss_relics":[],"items_purged_floors":[],"is_endless":false,"potions_floor_spawned":[1,6,10,14],"killed_by":"Hexaghost","ascension_level":19}