{"gold_per_floor":[364,384,117,137,312,343,343,418,473,483,483,495,495,512,512,512],"floor_reached":16,"playtime":1510,"items_purged":["Writhe"],"score":168,"play_id":"710e26d0-d77a-41f8-9445-3d1b099b0634","local_time":"20190223100710","is_ascension_mode":true,"campfire_choices":[{"floor":7,"key":"REST"},{"floor":13,"key":"REST"},{"floor":15,"key":"REST"}],"neow_cost":"CURSE","seed_source_timestamp":59294326334520,"circlet_count":0,"master_deck":["AscendersBane","Strike_B","Strike_B","Strike_B","Strike_B","Defend_B","Defend_B+1","Defend_B+1","Defend_B","Zap","Dualcast","Undo","FTL","Doubt","Coolheaded","Conserve Battery"],"relics":["Cracked Core","Runic Capacitor","Omamori","War Paint"],"potions_floor_usage":[6,16],"damage_taken":[{"damage":16,"enemies":"Small Slimes","floor":1,"turns":4},{"damage":1,"enemies":"2 Louse","floor":2,"turns":2},{"damage":0,"enemies":"Cultist","floor":4,"turns":4},{"damage":38,"enemies":"Lagavulin","floor":6,"turns":8},{"damage":1,"enemies":"Exordium Wildlife","floor":10,"turns":4},{"damage":18,"enemies":"Exordium Thugs","floor":12,"turns":6},{"damage":0,"enemies":"2 Fungi Beasts","floor":14,"turns":4},{"damage":64,"enemies":"Hexaghost","floor":16,"turns":15}],"seed_played":"-4705000899902881683","potions_obtained":[{"floor":1,"key":"FairyPotion"},{"floor":2,"key":"PowerPotion"},{"floor":11,"key":"Weak Potion"},{"floor":12,"key":"PowerPotion"}],"is_trial":false,"path_per_floor":["M","M","$","M","?","E","R","?","T","M","?","M","R","M","R","B"],"character_chosen":"DEFECT","items_purchased":["Runic Capacitor"],"campfire_rested":3,"item_purchase_floors":[3],"current_hp_per_floor":[52,51,51,51,51,13,35,24,24,23,23,5,27,27,49,0],"gold":512,"neow_bonus":"TWO_FIFTY_GOLD","is_prod":false,"is_daily":false,"chose_seed":false,"campfire_upgraded":0,"win_rate":0,"timestamp":1550945230,"path_taken":["M","M","$","M","?","E","R","?","T","M","?","M","R","?","R","BOSS"],"build_version":"2019-01-23","purchased_purges":1,"victory":false,"max_hp_per_floor":[75,75,75,75,75,75,75,75,75,75,75,75,75,75,75,75],"card_choices":[{"not_picked":["Beam Cell","Scrape"],"picked":"Undo","floor":1},{"not_picked":["Reprogram","Skim"],"picked":"FTL","floor":2},{"not_picked":["Ball Lightning","Steam","Aggregate"],"picked":"SKIP","floor":4},{"not_picked":["Rainbow","Beam Cell","Aggregate"],"picked":"SKIP","floor":6},{"not_picked":["Compile Driver","Capacitor"],"picked":"Coolheaded","floor":10},{"not_picked":["Barrage","Go for the Eyes"],"picked":"Conserve Battery","floor":12},{"not_picked":["Skim","Rip and Tear","Leap"],"picked":"SKIP","floor":14}],"player_experience":481059,"relics_obtained":[{"floor":6,"key":"Omamori"},{"floor":9,"key":"War Paint"}],"event_choices":[{"damage_healed":0,"gold_gain":175,"player_choice":"AGREE","damage_taken":0,"max_hp_gain":0,"max_hp_loss":0,"event_name":"Liars Game","floor":5,"gold_loss":0,"cards_obtained":["Doubt"]},{"damage_healed":0,"gold_gain":75,"player_choice":"Gather Gold","damage_taken":11,"max_hp_gain":0,"max_hp_loss":0,"event_name":"World of Goop","floor":8,"gold_loss":0},{"damage_healed":0,"gold_gain":0,"player_choice":"Got Potions","damage_taken":0,"max_hp_gain":0,"max_hp_loss":0,"event_name":"Lab","floor":11,"gold_loss":0}],"is_beta":false,"boss_relics":[],"items_purged_floors":[3],"is_endless":false,"potions_floor_spawned":[1,2,12],"killed_by":"Hexaghost","ascension_level":13}