{"gold_per_floor":[110,123,48,62,80,80,98,112,112,130,149,161,161,172,172,172],"floor_reached":16,"playtime":543,"items_purged":["Shame"],"score":175,"play_id":"4c99bdbe-e4f1-4cd9-9156-f1194612b2d7","local_time":"20190125134713","is_ascension_mode":true,"campfire_choices":[{"data":"Warcry","floor":6,"key":"SMITH"},{"floor":15,"key":"REST"}],"neow_cost":"NONE","seed_source_timestamp":652951769828292,"circlet_count":0,"master_deck":["AscendersBane","Strike_R","Strike_R","Strike_R","Strike_R","Strike_R","Defend_R","Defend_R","Defend_R","Defend_R","Bash","Parasite","Injury","Ghostly Armor","Warcry+1","Intimidate","Perfected Strike","True Grit","Flex","Intimidate","Perfected Strike","Parasite","Bloodletting","Corruption"],"relics":["Calling Bell","Art of War","Singing Bowl","Thread and Needle","Prayer Wheel"],"potions_floor_usage":[7,8,8],"damage_taken":[{"damage":4,"enemies":"Cultist","floor":1,"turns":4},{"damage":10,"enemies":"Small Slimes","floor":2,"turns":3},{"damage":0,"enemies":"2 Louse","floor":4,"turns":4},{"damage":26,"enemies":"Gremlin Gang","floor":5,"turns":8},{"damage":12,"enemies":"Lots of Slimes","floor":7,"turns":7},{"damage":23,"enemies":"Red Slaver","floor":8,"turns":5},{"damage":0,"enemies":"Looter","floor":10,"turns":5},{"damage":7,"enemies":"Exordium Wildlife","floor":11,"turns":6},{"damage":2,"enemies":"Exordium Thugs","floor":12,"turns":6},{"damage":5,"enemies":"Red Slaver","floor":14,"turns":3},{"damage":0,"enemies":"The Guardian","floor":16,"turns":1}],"seed_played":"3016608163520877949","potions_obtained":[{"floor":1,"key":"GamblersBrew"},{"floor":5,"key":"Fire Potion"},{"floor":7,"key":"Regen Potion"},{"floor":12,"key":"PowerPotion"}],"is_trial":false,"path_per_floor":["M","M","$","M","M","R","M","M","T","M","M","M","?","M","R","B"],"character_chosen":"IRONCLAD","items_purchased":[],"campfire_rested":1,"item_purchase_floors":[],"current_hp_per_floor":[64,54,54,56,32,32,22,11,11,13,6,4,24,19,43,43],"gold":172,"neow_bonus":"BOSS_RELIC","is_prod":false,"is_daily":false,"chose_seed":false,"campfire_upgraded":1,"win_rate":0,"timestamp":1548442033,"path_taken":["M","M","$","M","M","R","M","?","T","M","M","M","?","M","R","BOSS"],"build_version":"2019-01-23","purchased_purges":1,"victory":false,"max_hp_per_floor":[75,75,75,77,79,79,81,81,81,83,83,83,83,83,83,83],"card_choices":[{"not_picked":["Clothesline","Twin Strike"],"picked":"Ghostly Armor","floor":1},{"not_picked":["Clothesline","Cleave"],"picked":"Warcry","floor":2},{"not_picked":["Bloodletting","Clash","Twin Strike"],"picked":"Singing Bowl","floor":4},{"not_picked":["Double Tap","Warcry","Evolve"],"picked":"Singing Bowl","floor":5},{"not_picked":["Headbutt","Armaments","Clothesline"],"picked":"Singing Bowl","floor":7},{"not_picked":["Burning Pact","Corruption"],"picked":"Intimidate","floor":8},{"not_picked":["Entrench","Thunderclap"],"picked":"Perfected Strike","floor":10},{"not_picked":["Armaments","Evolve","Thunderclap"],"picked":"Singing Bowl","floor":10},{"not_picked":["Thunderclap","Pommel Strike"],"picked":"True Grit","floor":11},{"not_picked":["Havoc","Twin Strike"],"picked":"Flex","floor":11},{"not_picked":["Whirlwind","Anger"],"picked":"Intimidate","floor":12},{"not_picked":["Pommel Strike","Iron Wave"],"picked":"Perfected Strike","floor":12},{"not_picked":["Immolate","Carnage"],"picked":"Bloodletting","floor":14},{"not_picked":["Battle Trance","Clash"],"picked":"Corruption","floor":14}],"player_experience":441010,"relics_obtained":[{"floor":0,"key":"Art of War"},{"floor":0,"key":"Singing Bowl"},{"floor":0,"key":"Thread and Needle"},{"floor":9,"key":"Prayer Wheel"}],"event_choices":[{"damage_healed":20,"gold_gain":0,"player_choice":"Healed and dodged fight","damage_taken":0,"max_hp_gain":0,"max_hp_loss":0,"event_name":"Mushrooms","floor":13,"gold_loss":0,"cards_obtained":["Parasite"]}],"is_beta":false,"boss_relics":[],"items_purged_floors":[3],"is_endless":false,"potions_floor_spawned":[1,5,7,12],"killed_by":"The Guardian","ascension_level":15}