{"gold_per_floor":[116,266,191,209,12,39,39,39,39,39,58,58,92,106,106,177,177,192,192,88,106,122,122,156,156,156,172,12,37,37,49,49,123,123,134,145,45,63,11,11,27,56,56,69,69,87,87,106,106,106],"floor_reached":51,"playtime":2830,"items_purged":["Doubt","Strike_G"],"score":1391,"play_id":"9e439cbd-626c-4f31-8318-f8afff576cdd","local_time":"20190303213334","is_ascension_mode":true,"campfire_choices":[{"data":"Footwork","floor":8,"key":"SMITH"},{"data":"Neutralize","floor":12,"key":"SMITH"},{"data":"Deadly Poison","floor":15,"key":"SMITH"},{"floor":23,"key":"REST"},{"data":"Infinite Blades","floor":25,"key":"SMITH"},{"data":"Noxious Fumes","floor":30,"key":"SMITH"},{"floor":32,"key":"REST"},{"data":"Cloak And Dagger","floor":40,"key":"SMITH"},{"data":"Finisher","floor":45,"key":"SMITH"},{"floor":47,"key":"REST"},{"floor":49,"key":"REST"}],"neow_cost":"NONE","seed_source_timestamp":153765322149332,"circlet_count":0,"master_deck":["AscendersBane","Defend_G","Defend_G","Defend_G","Defend_G","Defend_G","Strike_G","Strike_G","Strike_G","Survivor","Neutralize+1","Deadly Poison+1","Backstab","Footwork+1","Backflip","Bane+1","PiercingWail","Endless Agony","Corpse Explosion","Cloak And Dagger+1","Well Laid Plans","Crippling Poison+1","Blade Dance","Infinite Blades+1","Deadly Poison+1","Noxious Fumes+1","Cloak And Dagger+1","Cloak And Dagger+1","Adrenaline+1","Cloak And Dagger+1","Finisher+1","Backstab"],"relics":["Ring of the Snake","NeowsBlessing","Paper Crane","Kunai","Philosopher\u0027s Stone","Nloth\u0027s Gift","Ornamental Fan","Toxic Egg 2","Mango","WristBlade","Centennial Puzzle","Pear"],"potions_floor_usage":[13,14,16,22,24,24,27,29,29,33,44,48,50,50,50,50],"damage_taken":[{"damage":0,"enemies":"2 Louse","floor":1,"turns":1},{"damage":0,"enemies":"Jaw Worm","floor":4,"turns":1},{"damage":0,"enemies":"3 Sentries","floor":6,"turns":1},{"damage":0,"enemies":"Cultist","floor":11,"turns":2},{"damage":4,"enemies":"Gremlin Nob","floor":13,"turns":4},{"damage":5,"enemies":"Lots of Slimes","floor":14,"turns":4},{"damage":0,"enemies":"Hexaghost","floor":16,"turns":10},{"damage":18,"enemies":"Spheric Guardian","floor":18,"turns":4},{"damage":0,"enemies":"3 Byrds","floor":21,"turns":2},{"damage":10,"enemies":"Centurion and Healer","floor":22,"turns":7},{"damage":16,"enemies":"Slavers","floor":24,"turns":5},{"damage":2,"enemies":"Snecko","floor":27,"turns":6},{"damage":8,"enemies":"Book of Stabbing","floor":29,"turns":5},{"damage":4,"enemies":"Chosen and Byrds","floor":31,"turns":4},{"damage":17,"enemies":"Champ","floor":33,"turns":12},{"damage":0,"enemies":"3 Shapes","floor":35,"turns":2},{"damage":22,"enemies":"3 Darklings","floor":36,"turns":3},{"damage":0,"enemies":"Transient","floor":38,"turns":5},{"damage":15,"enemies":"4 Shapes","floor":41,"turns":6},{"damage":6,"enemies":"Nemesis","floor":42,"turns":7},{"damage":0,"enemies":"Jaw Worm Horde","floor":44,"turns":1},{"damage":1,"enemies":"Sphere and 2 Shapes","floor":46,"turns":4},{"damage":10,"enemies":"Transient","floor":48,"turns":5},{"damage":6,"enemies":"Awakened One","floor":50,"turns":14}],"seed_played":"4543966310770431373","potions_obtained":[{"floor":4,"key":"Swift Potion"},{"floor":6,"key":"LiquidBronze"},{"floor":13,"key":"Strength Potion"},{"floor":21,"key":"EntropicBrew"},{"floor":22,"key":"Poison Potion"},{"floor":31,"key":"Strength Potion"},{"floor":41,"key":"GamblersBrew"},{"floor":42,"key":"Regen Potion"},{"floor":44,"key":"Energy Potion"},{"floor":46,"key":"Block Potion"},{"floor":48,"key":"Energy Potion"}],"is_trial":false,"path_per_floor":["M","?","?","M","$","E","?","R","T","?","M","R","E","M","R","B",null,"M","?","$","M","M","R","E","R","T","M","$","E","R","M","R","B",null,"M","M","$","M","$","R","M","E","T","M","R","M","R","M","R","B",null],"character_chosen":"THE_SILENT","items_purchased":["Footwork","Backflip","Cloak And Dagger","Well Laid Plans","Noxious Fumes","Cloak And Dagger+1","Regen Potion","Swift Potion"],"campfire_rested":4,"item_purchase_floors":[5,5,20,20,28,28,28,39],"current_hp_per_floor":[59,59,59,59,59,59,64,64,64,64,64,64,60,55,55,55,67,49,49,49,49,39,60,44,44,44,42,42,63,63,59,84,67,81,81,59,59,59,59,59,44,38,48,53,53,52,80,70,95,89],"gold":106,"neow_bonus":"THREE_ENEMY_KILL","is_prod":false,"is_daily":false,"chose_seed":false,"campfire_upgraded":7,"win_rate":0,"timestamp":1551645214,"path_taken":["M","?","?","M","$","E","?","R","T","?","M","R","E","M","R","BOSS","M","?","$","M","M","R","E","R","T","?","$","E","R","M","R","BOSS","M","M","$","M","$","R","M","E","T","M","R","M","R","?","R","BOSS"],"build_version":"2019-01-23","purchased_purges":2,"victory":true,"max_hp_per_floor":[66,66,66,66,66,66,71,71,71,71,71,71,71,71,71,71,71,71,71,71,71,71,71,71,71,71,71,71,85,85,85,85,85,85,85,85,85,85,85,85,85,85,95,95,95,95,95,95,95,95],"card_choices":[{"not_picked":["Bouncing Flask","Quick Slash"],"picked":"Deadly Poison","floor":1},{"not_picked":["Deadly Poison","Skewer"],"picked":"Backstab","floor":4},{"not_picked":["Footwork","Prepared"],"picked":"Bane","floor":6},{"not_picked":["Deflect","Dodge and Roll"],"picked":"PiercingWail","floor":11},{"not_picked":["Deadly Poison","Masterful Stab"],"picked":"Endless Agony","floor":13},{"not_picked":["Footwork","Choke","Riddle With Holes"],"picked":"SKIP","floor":14},{"not_picked":["Tools of the Trade","Die Die Die"],"picked":"Corpse Explosion","floor":16},{"not_picked":["Dodge and Roll","Escape Plan","Backflip"],"picked":"SKIP","floor":18},{"not_picked":["Outmaneuver","Underhanded Strike"],"picked":"Crippling Poison+1","floor":21},{"not_picked":["Slice","Dagger Throw"],"picked":"Blade Dance","floor":22},{"not_picked":["Flying Knee","Adrenaline"],"picked":"Infinite Blades","floor":24},{"not_picked":["Sucker Punch","Grand Finale"],"picked":"Deadly Poison+1","floor":27},{"not_picked":["Grand Finale","Dagger Throw","Predator"],"picked":"SKIP","floor":29},{"not_picked":["Flying Knee","Expertise+1"],"picked":"Cloak And Dagger+1","floor":31},{"not_picked":["Glass Knife","Grand Finale"],"picked":"Adrenaline+1","floor":33},{"not_picked":["Deadly Poison+1","Footwork"],"picked":"Cloak And Dagger+1","floor":35},{"not_picked":["Dodge and Roll+1","Phantasmal Killer+1","Endless Agony"],"picked":"SKIP","floor":36},{"not_picked":["Flechettes","Dodge and Roll+1","Acrobatics+1"],"picked":"SKIP","floor":38},{"not_picked":["Deflect+1","Poisoned Stab"],"picked":"Finisher","floor":41},{"not_picked":["PiercingWail+1","All Out Attack"],"picked":"Backstab","floor":42},{"not_picked":["Predator+1","Flying Knee","Sucker Punch"],"picked":"SKIP","floor":44},{"not_picked":["Choke","Prepared+1","Dash"],"picked":"SKIP","floor":46},{"not_picked":["Prepared+1","Deadly Poison+1","Tools of the Trade"],"picked":"SKIP","floor":48}],"player_experience":806674,"relics_obtained":[{"floor":6,"key":"Paper Crane"},{"floor":9,"key":"Kunai"},{"floor":13,"key":"Potion Belt"},{"floor":24,"key":"Ornamental Fan"},{"floor":26,"key":"Toxic Egg 2"},{"floor":29,"key":"Mango"},{"floor":42,"key":"Centennial Puzzle"},{"floor":43,"key":"Pear"}],"event_choices":[{"damage_healed":0,"gold_gain":150,"player_choice":"AGREE","damage_taken":0,"max_hp_gain":0,"max_hp_loss":0,"event_name":"Liars Game","floor":2,"gold_loss":0,"cards_obtained":["Doubt"]},{"cards_removed":["Strike_G"],"damage_healed":0,"gold_gain":0,"player_choice":"Card Removal","damage_taken":0,"max_hp_gain":0,"max_hp_loss":0,"event_name":"The Cleric","floor":3,"gold_loss":75},{"damage_healed":0,"gold_gain":0,"player_choice":"Donut","damage_taken":0,"max_hp_gain":5,"max_hp_loss":0,"event_name":"Big Fish","floor":7,"gold_loss":0},{"damage_healed":0,"gold_gain":0,"player_choice":"Grow","damage_taken":0,"max_hp_gain":0,"max_hp_loss":0,"event_name":"Living Wall","floor":10,"gold_loss":0,"cards_upgraded":["Bane"]},{"damage_healed":0,"gold_gain":0,"player_choice":"Traded Relic","damage_taken":0,"relics_obtained":["Nloth\u0027s Gift"],"max_hp_gain":0,"max_hp_loss":0,"event_name":"N\u0027loth","floor":19,"relics_lost":["Potion Belt"],"gold_loss":0}],"is_beta":false,"boss_relics":[{"not_picked":["Ectoplasm","Empty Cage"],"picked":"Philosopher\u0027s Stone"},{"not_picked":["Tiny House","Lizard Tail"],"picked":"WristBlade"}],"items_purged_floors":[5,37],"is_endless":false,"potions_floor_spawned":[4,6,13,21,22,31,41,42,44,46,48],"ascension_level":15}