{"gold_per_floor":[112,36,51,51,69,69,82,82,155,155,184,184,200,226,226,302,302,322,337,54,73,16,43,43,76,158,158,177,177],"floor_reached":29,"playtime":1221,"items_purged":[],"score":616,"play_id":"b04aa34c-4de4-4f18-ab44-0234f08b1853","local_time":"20190130100043","is_ascension_mode":true,"campfire_choices":[{"data":"Demon Form","floor":6,"key":"SMITH"},{"data":"True Grit","floor":8,"key":"SMITH"},{"data":"Whirlwind","floor":10,"key":"SMITH"},{"data":"Heavy Blade","floor":12,"key":"SMITH"},{"data":"Metallicize","floor":15,"key":"SMITH"},{"floor":24,"key":"REST"},{"data":"Metallicize","floor":27,"key":"SMITH"}],"neow_cost":"NONE","seed_source_timestamp":1070723719639838,"circlet_count":0,"master_deck":["AscendersBane","Strike_R","Strike_R","Strike_R","Strike_R","Strike_R","Defend_R","Defend_R","Defend_R","Defend_R","Bash","Pummel","Demon Form+1","True Grit+1","Heavy Blade+1","Feed","Flex","Whirlwind+1","Metallicize+1","Offering","Seeing Red","Metallicize+1","True Grit+1","Ghostly Armor"],"relics":["Burning Blood","NeowsBlessing","Singing Bowl","Strawberry","Torii","Lizard Tail","Gremlin Horn","Ancient Tea Set","Gambling Chip"],"potions_floor_usage":[11,11,13,19,23,23],"damage_taken":[{"damage":0,"enemies":"Cultist","floor":1,"turns":1},{"damage":0,"enemies":"2 Louse","floor":3,"turns":1},{"damage":0,"enemies":"Small Slimes","floor":5,"turns":3},{"damage":13,"enemies":"Red Slaver","floor":7,"turns":3},{"damage":31,"enemies":"Lagavulin","floor":11,"turns":6},{"damage":1,"enemies":"2 Fungi Beasts","floor":13,"turns":3},{"damage":47,"enemies":"3 Sentries","floor":14,"turns":11},{"damage":10,"enemies":"Hexaghost","floor":16,"turns":8},{"damage":17,"enemies":"3 Byrds","floor":18,"turns":6},{"damage":56,"enemies":"Shell Parasite","floor":19,"turns":6},{"damage":57,"enemies":"Snecko","floor":21,"turns":6},{"damage":23,"enemies":"Book of Stabbing","floor":23,"turns":5},{"damage":36,"enemies":"Gremlin Leader","floor":25,"turns":7},{"damage":33,"enemies":"Shelled Parasite and Fungi","floor":28,"turns":2}],"seed_played":"-4427991342779475556","potions_obtained":[{"floor":1,"key":"SteroidPotion"},{"floor":3,"key":"FearPotion"},{"floor":11,"key":"BloodPotion"},{"floor":18,"key":"Strength Potion"},{"floor":21,"key":"Weak Potion"}],"is_trial":false,"path_per_floor":["M","$","M","?","M","R","M","R","T","R","E","R","M","E","R","B",null,"M","M","$","M","$","E","R","E","T","R","M","?"],"character_chosen":"IRONCLAD","items_purchased":["Demon Form","Gremlin Horn","Block Potion"],"campfire_rested":1,"item_purchase_floors":[2,20,22],"current_hp_per_floor":[74,74,75,75,78,78,74,74,74,74,58,58,75,39,39,35,82,74,27,27,51,51,36,67,37,37,37,12,0],"gold":177,"neow_bonus":"THREE_ENEMY_KILL","is_prod":false,"is_daily":false,"chose_seed":false,"campfire_upgraded":6,"win_rate":0,"timestamp":1548860443,"path_taken":["M","$","M","?","M","R","M","R","T","R","E","R","M","E","R","BOSS","M","?","$","M","$","E","R","E","T","R","M","?"],"build_version":"2019-01-23","purchased_purges":0,"victory":false,"max_hp_per_floor":[75,75,75,75,78,78,81,81,81,81,90,90,93,98,98,98,98,101,104,104,104,104,106,106,106,106,106,108,113],"card_choices":[{"not_picked":["Rupture","Anger"],"picked":"Pummel","floor":1},{"not_picked":["Entrench","Armaments"],"picked":"True Grit","floor":3},{"not_picked":["Entrench","Pommel Strike"],"picked":"Flex","floor":5},{"not_picked":["Warcry","True Grit"],"picked":"Whirlwind","floor":7},{"not_picked":["Reckless Charge","Twin Strike","Rupture"],"picked":"Singing Bowl","floor":11},{"not_picked":["True Grit","Dropkick"],"picked":"Metallicize","floor":13},{"not_picked":["Perfected Strike","Anger","Warcry"],"picked":"Singing Bowl","floor":14},{"not_picked":["Berserk","Immolate"],"picked":"Offering","floor":16},{"not_picked":["Cleave+1","Sentinel"],"picked":"Seeing Red","floor":18},{"not_picked":["Anger","Rupture"],"picked":"Metallicize","floor":19},{"not_picked":["Heavy Blade","Anger"],"picked":"True Grit+1","floor":21},{"not_picked":["Perfected Strike","Havoc","True Grit"],"picked":"Singing Bowl","floor":23},{"not_picked":["Body Slam","Bludgeon"],"picked":"Ghostly Armor","floor":25},{"not_picked":["Headbutt","Armaments","Sword Boomerang"],"picked":"Singing Bowl","floor":28}],"player_experience":562877,"relics_obtained":[{"floor":9,"key":"Singing Bowl"},{"floor":11,"key":"Strawberry"},{"floor":14,"key":"Torii"},{"floor":23,"key":"Ancient Tea Set"},{"floor":25,"key":"Gambling Chip"}],"event_choices":[{"damage_healed":0,"gold_gain":0,"player_choice":"2 cards matched","damage_taken":0,"max_hp_gain":0,"max_hp_loss":0,"event_name":"Match and Keep!","floor":4,"gold_loss":0,"cards_obtained":["Heavy Blade","Feed"]}],"is_beta":false,"boss_relics":[{"not_picked":["Orrery","Runic Cube"],"picked":"Lizard Tail"}],"items_purged_floors":[],"is_endless":false,"potions_floor_spawned":[1,3,11,18,21],"ascension_level":18}