{"gold_per_floor":[116,129,129,147,164,191,191,191,191,225,225,250,3,17,17,115,115,125,140,140,153,153,153,185,213,225,250,277,289,301,327,339,454,466,493,261,276,276,288,288,298,15,92,92,108,508,518,548,548,548,548,548,36,68,68],"floor_reached":55,"playtime":3733,"items_purged":["Strike_B","Core Surge","Defend_B","Strike_B"],"score":829,"play_id":"9520bb21-c165-4e58-98f6-47abc5f92508","local_time":"20190105180422","is_ascension_mode":true,"campfire_choices":[{"data":"Defragment","floor":7,"key":"SMITH"},{"data":"Zap","floor":11,"key":"SMITH"},{"data":"Dualcast","floor":15,"key":"SMITH"},{"data":"Biased Cognition","floor":23,"key":"SMITH"},{"data":"Buffer","floor":29,"key":"SMITH"},{"data":"Defragment","floor":32,"key":"SMITH"},{"floor":40,"key":"RECALL"},{"data":"Fission","floor":44,"key":"SMITH"},{"floor":49,"key":"REST"},{"data":"Coolheaded","floor":52,"key":"SMITH"}],"neow_cost":"NONE","seed_source_timestamp":23474773464527,"circlet_count":0,"master_deck":["Strike_B","Strike_B","Defend_B","Defend_B","Defend_B","Zap+1","Dualcast+1","Coolheaded+1","Gash","Cold Snap","Undo","Defragment+1","Beam Cell","Hologram+1","Biased Cognition+1","Go for the Eyes","Buffer+1","Redo+1","BootSequence+1","Defragment+1","Ball Lightning","Fission+1","Redo+1","Hologram+1","Ball Lightning+1","Chill","Glacier","Hologram+1","Good Instincts","Skim+1"],"relics":["Cracked Core","The Courier","Ice Cream","Mercury Hourglass","ClockworkSouvenir","Sozu","MawBank","Nloth\u0027s Gift","Runic Pyramid","Strange Spoon","PreservedInsect","Letter Opener","Old Coin","Meat on the Bone","War Paint","Mummified Hand","Boot"],"potions_floor_usage":[33,33,55],"damage_taken":[{"damage":5,"enemies":"Small Slimes","floor":1,"turns":4},{"damage":1,"enemies":"2 Louse","floor":2,"turns":3},{"damage":3,"enemies":"Jaw Worm","floor":4,"turns":5},{"damage":3,"enemies":"Looter","floor":5,"turns":3},{"damage":28,"enemies":"Gremlin Nob","floor":6,"turns":5},{"damage":11,"enemies":"Lagavulin","floor":10,"turns":8},{"damage":6,"enemies":"Gremlin Nob","floor":12,"turns":4},{"damage":3,"enemies":"Large Slime","floor":14,"turns":4},{"damage":13,"enemies":"Slime Boss","floor":16,"turns":10},{"damage":0,"enemies":"3 Byrds","floor":18,"turns":4},{"damage":0,"enemies":"Spheric Guardian","floor":19,"turns":3},{"damage":8,"enemies":"Snake Plant","floor":21,"turns":5},{"damage":3,"enemies":"Book of Stabbing","floor":24,"turns":5},{"damage":10,"enemies":"Cultist and Chosen","floor":25,"turns":4},{"damage":0,"enemies":"Sentry and Sphere","floor":27,"turns":4},{"damage":0,"enemies":"Centurion and Healer","floor":28,"turns":4},{"damage":0,"enemies":"Chosen and Byrds","floor":31,"turns":5},{"damage":3,"enemies":"Automaton","floor":33,"turns":9},{"damage":0,"enemies":"Orb Walker","floor":35,"turns":3},{"damage":18,"enemies":"3 Darklings","floor":37,"turns":6},{"damage":0,"enemies":"Maw","floor":39,"turns":10},{"damage":0,"enemies":"Spire Growth","floor":41,"turns":4},{"damage":16,"enemies":"3 Darklings","floor":45,"turns":6},{"damage":0,"enemies":"Mind Bloom Boss Battle","floor":46,"turns":5},{"damage":0,"enemies":"Jaw Worm Horde","floor":47,"turns":5},{"damage":0,"enemies":"Nemesis","floor":48,"turns":7},{"damage":0,"enemies":"Donu and Deca","floor":50,"turns":15},{"damage":14,"enemies":"Shield and Spear","floor":54,"turns":9},{"damage":69,"enemies":"The Heart","floor":55,"turns":5}],"seed_played":"415182126998964365","potions_obtained":[{"floor":1,"key":"Strength Potion"},{"floor":4,"key":"LiquidBronze"},{"floor":5,"key":"SkillPotion"},{"floor":10,"key":"Explosive Potion"}],"is_trial":false,"path_per_floor":["M","M","?","M","M","E","R","?","T","E","R","E","$","M","R","B",null,"M","M","?","M","?","R","E","M","T","M","M","R","?","M","R","B",null,"M","$","M","?","M","R","M","$","T","R","M","?","M","E","R","B",null,"R","$","E","B"],"character_chosen":"DEFECT","items_purchased":["ClockworkSouvenir","Hologram","Strange Spoon","Chill","PreservedInsect","Good Instincts","War Paint","Mummified Hand"],"campfire_rested":1,"item_purchase_floors":[13,13,36,42,42,53,53,53],"current_hp_per_floor":[77,76,76,73,70,42,42,69,69,58,58,52,52,49,49,36,82,82,82,82,74,74,74,71,61,61,61,61,61,61,61,61,58,82,82,82,64,64,64,64,64,64,64,64,48,48,48,48,72,72,82,82,82,68,0],"gold":68,"neow_bonus":"TEN_PERCENT_HP_BONUS","is_prod":false,"is_daily":false,"chose_seed":false,"campfire_upgraded":8,"win_rate":0,"timestamp":1546679062,"path_taken":["M","M","?","M","M","E","R","?","T","E","R","E","?","M","R","BOSS","M","M","?","M","?","R","E","M","T","M","M","R","?","?","R","BOSS","M","$","M","?","M","R","M","$","T","R","M","?","M","E","R","BOSS","R","$","E","BOSS"],"build_version":"2019-01-03v4","purchased_purges":4,"victory":false,"max_hp_per_floor":[82,82,82,82,82,82,82,82,82,82,82,82,82,82,82,82,82,82,82,82,82,82,82,82,82,82,82,82,82,82,82,82,82,82,82,82,82,82,82,82,82,82,82,82,82,82,82,82,82,82,82,82,82,82,82],"card_choices":[{"not_picked":["Auto Shields","Force Field"],"picked":"Coolheaded","floor":1},{"not_picked":["Leap","Steam Power"],"picked":"Gash","floor":2},{"not_picked":["Hologram","Consume"],"picked":"Cold Snap","floor":4},{"not_picked":["Streamline","Steam"],"picked":"Undo","floor":5},{"not_picked":["Lockon","Heatsinks"],"picked":"Defragment","floor":6},{"not_picked":["Leap","Scrape","Blizzard"],"picked":"SKIP","floor":10},{"not_picked":["Cold Snap","Turbo"],"picked":"Beam Cell","floor":12},{"not_picked":["Darkness","Leap"],"picked":"Core Surge","floor":14},{"not_picked":["Reboot","All For One"],"picked":"Biased Cognition","floor":16},{"not_picked":["Leap","Beam Cell","Barrage+1"],"picked":"SKIP","floor":18},{"not_picked":["Stack","Reinforced Body","Reprogram"],"picked":"SKIP","floor":19},{"not_picked":["Streamline","Conserve Battery"],"picked":"Go for the Eyes","floor":21},{"not_picked":["Go for the Eyes","Steam Power"],"picked":"Buffer","floor":24},{"not_picked":["FTL+1","Gash"],"picked":"Redo+1","floor":25},{"not_picked":["Hologram","Skim"],"picked":"BootSequence","floor":27},{"not_picked":["Barrage","Skim"],"picked":"Defragment","floor":28},{"not_picked":["Blizzard","Conserve Battery"],"picked":"Ball Lightning","floor":31},{"not_picked":["Core Surge","Rainbow"],"picked":"Fission","floor":33},{"not_picked":["Compile Driver","Barrage+1"],"picked":"Redo+1","floor":35},{"not_picked":["Doom and Gloom+1","Fusion"],"picked":"Hologram+1","floor":37},{"not_picked":["Aggregate","Beam Cell+1"],"picked":"Ball Lightning+1","floor":39},{"not_picked":["Static Discharge+1","Consume","Barrage+1"],"picked":"SKIP","floor":41},{"not_picked":["Rebound","Go for the Eyes+1"],"picked":"Glacier","floor":45},{"not_picked":["Ball Lightning+1","Streamline","Compile Driver"],"picked":"SKIP","floor":47},{"not_picked":["Streamline+1","Chill"],"picked":"Hologram+1","floor":48},{"not_picked":["Blizzard+1","Turbo"],"picked":"Skim+1","floor":54}],"player_experience":115076,"relics_obtained":[{"floor":6,"key":"Bag of Marbles"},{"floor":9,"key":"The Courier"},{"floor":10,"key":"Ice Cream"},{"floor":12,"key":"Mercury Hourglass"},{"floor":24,"key":"MawBank"},{"floor":43,"key":"Letter Opener"},{"floor":46,"key":"Old Coin"},{"floor":48,"key":"Meat on the Bone"},{"floor":54,"key":"Boot"}],"event_choices":[{"damage_healed":0,"gold_gain":0,"player_choice":"Ignored","damage_taken":0,"max_hp_gain":0,"max_hp_loss":0,"event_name":"Golden Idol","floor":3,"gold_loss":0},{"damage_healed":27,"gold_gain":0,"player_choice":"Banana","damage_taken":0,"max_hp_gain":0,"max_hp_loss":0,"event_name":"Big Fish","floor":8,"gold_loss":0},{"damage_healed":0,"gold_gain":0,"player_choice":"Ignored","damage_taken":0,"max_hp_gain":0,"max_hp_loss":0,"event_name":"Vampires","floor":20,"gold_loss":0},{"damage_healed":0,"gold_gain":0,"player_choice":"Ignored","damage_taken":0,"max_hp_gain":0,"max_hp_loss":0,"event_name":"Ghosts","floor":22,"gold_loss":0},{"damage_healed":0,"gold_gain":0,"player_choice":"Traded Relic","damage_taken":0,"relics_obtained":["Nloth\u0027s Gift"],"max_hp_gain":0,"max_hp_loss":0,"event_name":"N\u0027loth","floor":30,"relics_lost":["Bag of Marbles"],"gold_loss":0},{"damage_healed":0,"gold_gain":0,"player_choice":"Ignored","damage_taken":0,"max_hp_gain":0,"max_hp_loss":0,"event_name":"Tomb of Lord Red Mask","floor":38,"gold_loss":0},{"damage_healed":0,"gold_gain":0,"player_choice":"Fight","damage_taken":0,"max_hp_gain":0,"max_hp_loss":0,"event_name":"MindBloom","floor":46,"gold_loss":0}],"is_beta":false,"boss_relics":[{"not_picked":["Inserter","Philosopher\u0027s Stone"],"picked":"Sozu"},{"not_picked":["Black Star","Velvet Choker"],"picked":"Runic Pyramid"}],"items_purged_floors":[13,36,42,53],"is_endless":false,"potions_floor_spawned":[1,4,5,10,14,19,25,27,33,35,37,39,46],"killed_by":"The Heart","ascension_level":1}