{"gold_per_floor":[117,117,137,137,151,162,162,173,222,285,295,295,295,307,307,408,408,423,423,106,122,47,47,66,66,66,18,31,31,31,50,50,148,148],"floor_reached":34,"playtime":1024,"items_purged":["Strike_R"],"score":344,"play_id":"c835e1db-f2a9-4955-ac4c-0bf0cfd63d1c","local_time":"20190208103025","is_ascension_mode":false,"campfire_choices":[{"data":"Perfected Strike","floor":7,"key":"SMITH"},{"floor":12,"key":"REST"},{"floor":15,"key":"REST"},{"data":"Armaments","floor":23,"key":"SMITH"},{"floor":25,"key":"REST"},{"floor":32,"key":"REST"}],"neow_cost":"NONE","seed_source_timestamp":1850402484829784,"circlet_count":0,"master_deck":["Defend_R","Defend_R","Defend_R","Bash","Flex","Heavy Blade","Armaments+1","Perfected Strike+1","Thunderclap","Sword Boomerang","Headbutt","Heavy Blade+1","Necronomicurse","Twin Strike","Heavy Blade","Twin Strike+1","Cleave+1","Clothesline","Disarm+1","Power Through+1","Corruption+1"],"relics":["Runic Cube","Potion Belt","Blue Candle","Bag of Preparation","Snecko Eye","Necronomicon","Brimstone","Matryoshka","Astrolabe"],"potions_floor_usage":[14,16,24,24,33,33],"damage_taken":[{"damage":6,"enemies":"Jaw Worm","floor":1,"turns":3},{"damage":8,"enemies":"2 Louse","floor":3,"turns":3},{"damage":0,"enemies":"Small Slimes","floor":5,"turns":3},{"damage":16,"enemies":"Red Slaver","floor":6,"turns":3},{"damage":5,"enemies":"Looter","floor":8,"turns":2},{"damage":27,"enemies":"Gremlin Nob","floor":10,"turns":4},{"damage":11,"enemies":"Exordium Wildlife","floor":11,"turns":3},{"damage":14,"enemies":"Exordium Thugs","floor":14,"turns":4},{"damage":10,"enemies":"Slime Boss","floor":16,"turns":6},{"damage":28,"enemies":"3 Byrds","floor":18,"turns":6},{"damage":1,"enemies":"2 Thieves","floor":21,"turns":2},{"damage":33,"enemies":"Sentry and Sphere","floor":24,"turns":4},{"damage":9,"enemies":"3 Cultists","floor":28,"turns":3},{"damage":2,"enemies":"Cultist and Chosen","floor":31,"turns":2},{"damage":5,"enemies":"Champ","floor":33,"turns":4}],"seed_played":"5118991466764252781","potions_obtained":[{"floor":3,"key":"Fire Potion"},{"floor":8,"key":"SkillPotion"},{"floor":10,"key":"Fire Potion"},{"floor":14,"key":"Dexterity Potion"},{"floor":16,"key":"Strength Potion"},{"floor":21,"key":"GamblersBrew"},{"floor":28,"key":"Swift Potion"},{"floor":33,"key":"Fruit Juice"}],"is_trial":false,"path_per_floor":["M","?","M","?","M","M","R","M","T","?","M","R","?","M","R","B",null,"M","?","$","M","?","R","M","R","T","$","M","$","?","M","R","B",null],"character_chosen":"IRONCLAD","items_purchased":["Brimstone","Twin Strike","SteroidPotion"],"campfire_rested":4,"item_purchase_floors":[20,20,27],"current_hp_per_floor":[74,74,66,66,66,50,50,45,45,18,7,31,31,17,41,31,80,52,36,36,35,35,35,2,26,26,26,17,17,17,15,39,34,34],"gold":148,"neow_bonus":"BOSS_RELIC","is_prod":false,"is_daily":false,"chose_seed":false,"campfire_upgraded":2,"win_rate":0,"timestamp":1549639825,"path_taken":["M","?","M","?","M","M","R","M","T","?","M","R","?","?","R","BOSS","M","?","$","M","?","R","M","R","T","?","?","?","?","M","R","BOSS"],"build_version":"2019-01-23","purchased_purges":1,"victory":false,"max_hp_per_floor":[80,80,80,80,80,80,80,80,80,80,80,80,80,80,80,80,80,80,80,80,80,80,80,80,80,80,80,80,80,80,80,80,80,80],"card_choices":[{"not_picked":["Body Slam","Twin Strike"],"picked":"Flex","floor":1},{"not_picked":["Fire Breathing","Hemokinesis"],"picked":"Heavy Blade","floor":3},{"not_picked":["Blood for Blood","Feel No Pain"],"picked":"Armaments","floor":5},{"not_picked":["Clash","Disarm"],"picked":"Perfected Strike","floor":6},{"not_picked":["Rupture","Body Slam"],"picked":"Thunderclap","floor":8},{"not_picked":["Offering","Clash"],"picked":"Sword Boomerang","floor":11},{"not_picked":["Rampage","Wild Strike"],"picked":"Headbutt","floor":14},{"not_picked":["Uppercut+1","Power Through"],"picked":"Heavy Blade+1","floor":18},{"not_picked":["Rampage","Disarm"],"picked":"Heavy Blade","floor":21},{"not_picked":["Seeing Red","Pommel Strike"],"picked":"Twin Strike+1","floor":24},{"not_picked":["Wild Strike+1","Bloodletting"],"picked":"Cleave+1","floor":28},{"not_picked":["Armaments","Body Slam"],"picked":"Clothesline","floor":31}],"player_experience":699950,"relics_obtained":[{"floor":9,"key":"Potion Belt"},{"floor":19,"key":"Necronomicon"}],"event_choices":[{"cards_removed":["Strike_R"],"damage_healed":0,"gold_gain":0,"player_choice":"Forget","damage_taken":0,"max_hp_gain":0,"max_hp_loss":0,"event_name":"Living Wall","floor":2,"gold_loss":0},{"damage_healed":0,"gold_gain":0,"player_choice":"Ignored","damage_taken":0,"max_hp_gain":0,"max_hp_loss":0,"event_name":"Liars Game","floor":4,"gold_loss":0},{"damage_healed":0,"gold_gain":30,"player_choice":"Searched \u00273\u0027 times","damage_taken":0,"relics_obtained":["Blue Candle"],"max_hp_gain":0,"max_hp_loss":0,"event_name":"Dead Adventurer","floor":10,"gold_loss":0},{"damage_healed":0,"gold_gain":0,"player_choice":"Gave Potion","damage_taken":0,"relics_obtained":["Bag of Preparation"],"max_hp_gain":0,"max_hp_loss":0,"event_name":"WeMeetAgain","floor":13,"gold_loss":0},{"damage_healed":0,"gold_gain":0,"player_choice":"Obtained Book","damage_taken":16,"max_hp_gain":0,"max_hp_loss":0,"event_name":"Cursed Tome","floor":19,"gold_loss":0},{"cards_removed":["Strike_R"],"damage_healed":0,"gold_gain":0,"player_choice":"Gave Gold","damage_taken":0,"max_hp_gain":0,"max_hp_loss":0,"event_name":"Beggar","floor":22,"gold_loss":75},{"damage_healed":0,"gold_gain":0,"player_choice":"Opened","damage_taken":0,"relics_obtained":["Matryoshka"],"max_hp_gain":0,"max_hp_loss":0,"event_name":"The Mausoleum","floor":30,"gold_loss":0}],"is_beta":false,"boss_relics":[{"not_picked":["Empty Cage","Tiny House"],"picked":"Snecko Eye"},{"not_picked":["Pandora\u0027s Box","Black Star"],"picked":"Astrolabe"}],"items_purged_floors":[20],"is_endless":false,"potions_floor_spawned":[3,8,10,14,16,21,28,33],"ascension_level":0}