{"gold_per_floor":[118,133,52,32,43,70,70,105,129,141,176,176,191,204,204,306,306,318,318,243,243,258,258,269,269,320,333,368,368,368,200,200,298,298,311,323,338,58,58,58],"floor_reached":40,"playtime":3464,"items_purged":["Blood for Blood","Brutality","Bash"],"score":490,"play_id":"3db4310c-5c8e-4781-87db-efed9dda36a9","local_time":"20190305115347","is_ascension_mode":true,"campfire_choices":[{"data":"Rampage","floor":7.0,"key":"SMITH"},{"data":"Metallicize","floor":12.0,"key":"SMITH"},{"data":"Rampage","floor":15.0,"key":"SMITH"},{"data":"Barricade","floor":23.0,"key":"SMITH"},{"floor":25.0,"key":"REST"},{"floor":30.0,"key":"REST"},{"floor":32.0,"key":"REST"}],"neow_cost":"NONE","seed_source_timestamp":0,"circlet_count":0,"master_deck":["Metallicize+1","Shrug It Off","Metallicize","Anger","Rampage+1","Iron Wave","Rampage+1","Barricade+1","Power Through","True Grit","Anger","Double Tap","Power Through","Pummel","Demon Form","Headbutt","Seeing Red","Shrug It Off","Inflame","RitualDagger","Evolve","Bludgeon","Flame Barrier","Rage","Parasite"],"special_seed":0,"relics":["Burning Blood","NeowsBlessing","Strawberry","Anchor","Happy Flower","Ancient Tea Set","Pandora\u0027s Box","Enchiridion","Vajra","Oddly Smooth Stone","Runic Cube","Bag of Marbles"],"potions_floor_usage":[],"damage_taken":[{"damage":0.0,"enemies":"Jaw Worm","floor":1.0,"turns":1.0},{"damage":0.0,"enemies":"Cultist","floor":2.0,"turns":1.0},{"damage":0.0,"enemies":"Small Slimes","floor":5.0,"turns":1.0},{"damage":20.0,"enemies":"Gremlin Nob","floor":6.0,"turns":5.0},{"damage":16.0,"enemies":"3 Sentries","floor":8.0,"turns":7.0},{"damage":0.0,"enemies":"2 Fungi Beasts","floor":10.0,"turns":4.0},{"damage":8.0,"enemies":"Gremlin Nob","floor":11.0,"turns":4.0},{"damage":0.0,"enemies":"Looter","floor":13.0,"turns":2.0},{"damage":0.0,"enemies":"3 Louse","floor":14.0,"turns":2.0},{"damage":44.0,"enemies":"The Guardian","floor":16.0,"turns":10.0},{"damage":10.0,"enemies":"Spheric Guardian","floor":18.0,"turns":4.0},{"damage":10.0,"enemies":"3 Byrds","floor":22.0,"turns":6.0},{"damage":16.0,"enemies":"Centurion and Healer","floor":24.0,"turns":7.0},{"damage":23.0,"enemies":"Snecko","floor":27.0,"turns":6.0},{"damage":19.0,"enemies":"Book of Stabbing","floor":28.0,"turns":5.0},{"damage":2.0,"enemies":"Collector","floor":33.0,"turns":11.0},{"damage":66.0,"enemies":"3 Darklings","floor":35.0,"turns":7.0},{"damage":15.0,"enemies":"3 Shapes","floor":36.0,"turns":9.0},{"damage":13.0,"enemies":"Writhing Mass","floor":37.0,"turns":10.0},{"damage":30,"enemies":"Nemesis","floor":40,"turns":2}],"seed_played":"2896161152761246940","potions_obtained":[{"floor":1.0,"key":"SpeedPotion"},{"floor":2.0,"key":"Strength Potion"},{"floor":4.0,"key":"SkillPotion"},{"floor":11.0,"key":"SpeedPotion"},{"floor":13.0,"key":"Dexterity Potion"},{"floor":27.0,"key":"Explosive Potion"},{"floor":35.0,"key":"Weak Potion"},{"floor":37.0,"key":"SmokeBomb"}],"is_trial":false,"path_per_floor":["M","M","$","?","M","E","R","E","T","M","E","R","M","M","R","B",null,"M","?","$","?","M","R","M","R","T","M","E","?","R","$","R","B",null,"M","M","M","$","?","E"],"character_chosen":"IRONCLAD","items_purchased":["Metallicize","Evolve","Bag of Marbles"],"campfire_rested":3,"item_purchase_floors":[3,31,38],"current_hp_per_floor":[80,80,80,80,80,73,73,63,63,69,67,67,73,79,79,41,87,83,66,66,50,46,46,36,63,63,46,33,27,54,54,81,85,92,32,23,16,16,16,0],"gold":58,"neow_bonus":"THREE_ENEMY_KILL","is_prod":false,"is_daily":false,"chose_seed":false,"campfire_upgraded":4,"win_rate":0,"timestamp":1551804827,"path_taken":["M","M","$","?","?","E","R","E","T","M","E","R","M","M","R","BOSS","M","?","$","?","M","R","M","R","T","M","E","?","R","$","R","BOSS","M","M","M","$","?","E"],"build_version":"2019-01-23","purchased_purges":3,"victory":false,"max_hp_per_floor":[80,80,80,80,80,87,87,87,87,87,87,87,87,87,87,87,87,87,92,92,92,92,92,92,92,92,92,92,92,92,92,92,92,92,92,92,92,92,92,92],"card_choices":[{"not_picked":["Armaments","Infernal Blade"],"picked":"Metallicize","floor":1.0},{"not_picked":["Dropkick","Corruption"],"picked":"Shrug It Off","floor":2.0},{"not_picked":["Armaments","Perfected Strike"],"picked":"Anger","floor":5.0},{"not_picked":["Pommel Strike","Headbutt"],"picked":"Rampage","floor":6.0},{"not_picked":["Whirlwind","Entrench"],"picked":"Anger","floor":8.0},{"not_picked":["Pummel","Body Slam","Bloodletting"],"picked":"SKIP","floor":10.0},{"not_picked":["Armaments","Warcry"],"picked":"Iron Wave","floor":11.0},{"not_picked":["Heavy Blade","Wild Strike"],"picked":"Rampage","floor":13.0},{"not_picked":["Whirlwind","Havoc","Sever Soul"],"picked":"SKIP","floor":14.0},{"not_picked":["Feed","Impervious"],"picked":"Barricade","floor":16.0},{"not_picked":["Shrug It Off","True Grit"],"picked":"Headbutt","floor":18.0},{"not_picked":["Clothesline+1","Wild Strike"],"picked":"Seeing Red","floor":22.0},{"not_picked":["Wild Strike+1","Offering","Anger"],"picked":"SKIP","floor":24.0},{"not_picked":["Perfected Strike","Bloodletting"],"picked":"Shrug It Off","floor":27.0},{"not_picked":["Shockwave","Sentinel+1"],"picked":"Inflame","floor":28.0},{"not_picked":["Fiend Fire","Offering"],"picked":"Bludgeon","floor":33.0},{"not_picked":["Blood for Blood+1","Havoc"],"picked":"Flame Barrier","floor":35.0},{"not_picked":["Battle Trance+1","Shrug It Off+1"],"picked":"Rage","floor":36.0},{"not_picked":["Clash+1","Cleave+1","Twin Strike+1"],"picked":"SKIP","floor":37.0}],"player_experience":525700,"relics_obtained":[{"floor":6.0,"key":"Strawberry"},{"floor":8.0,"key":"Anchor"},{"floor":9.0,"key":"Happy Flower"},{"floor":11.0,"key":"Ancient Tea Set"},{"floor":21.0,"key":"Enchiridion"},{"floor":26.0,"key":"Vajra"},{"floor":28.0,"key":"Oddly Smooth Stone"}],"event_choices":[{"damage_healed":0.0,"max_hp_gain":0.0,"max_hp_loss":0.0,"gold_gain":0.0,"event_name":"The Woman in Blue","player_choice":"Bought 1 Potion","floor":4.0,"gold_loss":0.0,"damage_taken":0.0},{"damage_healed":0.0,"max_hp_gain":5.0,"max_hp_loss":0.0,"gold_gain":0.0,"event_name":"Forgotten Altar","player_choice":"Shed Blood","floor":19.0,"gold_loss":0.0,"damage_taken":22.0},{"damage_healed":0.0,"max_hp_gain":0.0,"max_hp_loss":0.0,"gold_gain":0.0,"event_name":"Cursed Tome","player_choice":"Obtained Book","floor":21.0,"gold_loss":0.0,"damage_taken":16.0},{"damage_healed":0.0,"max_hp_gain":0.0,"max_hp_loss":0.0,"gold_gain":0.0,"event_name":"Nest","player_choice":"Joined the Cult","floor":29.0,"gold_loss":0.0,"damage_taken":6.0,"cards_obtained":["RitualDagger"]},{"cards_removed":["Anger"],"damage_healed":0,"gold_gain":0,"player_choice":"Removed Attack","damage_taken":0,"max_hp_gain":0,"max_hp_loss":0,"event_name":"Falling","floor":39,"gold_loss":0}],"is_beta":false,"boss_relics":[{"not_picked":["Tiny House","Runic Dome"],"picked":"Pandora\u0027s Box"},{"not_picked":["Philosopher\u0027s Stone","Astrolabe"],"picked":"Runic Cube"}],"items_purged_floors":[20,31,38],"is_endless":false,"potions_floor_spawned":[1,2,11,13,14,27,35,37],"killed_by":"Nemesis","ascension_level":3}