{"gold_per_floor":[119,132,132,2,2,29,29,61,111,130,230,241,261,275,275,346,346,346,346,168,168,168,168,168,168,168,168,168,168,168],"floor_reached":30,"playtime":1512,"items_purged":["Strike_B","Strike_B"],"score":637,"play_id":"1e12284f-31aa-4f39-ba86-1432f3bd4d2d","local_time":"20190303172451","is_ascension_mode":true,"campfire_choices":[{"data":"Dualcast","floor":7,"key":"SMITH"},{"data":"Loop","floor":15,"key":"SMITH"},{"floor":24,"key":"REST"},{"floor":28,"key":"REST"}],"neow_cost":"NONE","seed_source_timestamp":18261463923245,"circlet_count":0,"master_deck":["AscendersBane","Strike_B","Defend_B+1","Defend_B","Defend_B+1","Defend_B","Zap","Dualcast+1","Coolheaded","Sweeping Beam","Ball Lightning","Steam","Loop+1","Ball Lightning","Ball Lightning","Echo Form","Conserve Battery","Defragment","Creative AI","Glacier"],"relics":["Cracked Core","NeowsBlessing","Happy Flower","Potion Belt","DataDisk","Ectoplasm","Kunai","Pantograph"],"potions_floor_usage":[16,18],"damage_taken":[{"damage":0,"enemies":"Cultist","floor":1,"turns":1},{"damage":0,"enemies":"2 Louse","floor":2,"turns":1},{"damage":0,"enemies":"Gremlin Nob","floor":6,"turns":1},{"damage":10,"enemies":"3 Sentries","floor":8,"turns":6},{"damage":0,"enemies":"Jaw Worm","floor":10,"turns":3},{"damage":4,"enemies":"Lots of Slimes","floor":12,"turns":4},{"damage":0,"enemies":"Large Slime","floor":13,"turns":3},{"damage":0,"enemies":"Exordium Wildlife","floor":14,"turns":3},{"damage":0,"enemies":"The Guardian","floor":16,"turns":8},{"damage":0,"enemies":"Spheric Guardian","floor":18,"turns":4},{"damage":0,"enemies":"3 Byrds","floor":19,"turns":4},{"damage":27,"enemies":"3 Cultists","floor":21,"turns":5},{"damage":26,"enemies":"Gremlin Leader","floor":23,"turns":6},{"damage":6,"enemies":"Shelled Parasite and Fungi","floor":25,"turns":6},{"damage":0,"enemies":"Colosseum Slavers","floor":27,"turns":7},{"damage":43,"enemies":"Slavers","floor":30,"turns":4}],"seed_played":"-6945199441181932164","potions_obtained":[{"floor":1,"key":"GamblersBrew"},{"floor":12,"key":"LiquidBronze"},{"floor":21,"key":"FearPotion"},{"floor":23,"key":"Ancient Potion"}],"is_trial":false,"path_per_floor":["M","M","?","$","?","E","R","E","T","M","?","M","M","M","R","B",null,"M","M","$","M","?","E","R","M","T","?","R","T","E"],"character_chosen":"DEFECT","items_purchased":["Block Potion","Defragment"],"campfire_rested":2,"item_purchase_floors":[4,20],"current_hp_per_floor":[64,64,43,43,36,36,36,26,26,26,26,22,22,22,22,22,59,59,59,59,32,32,6,27,21,21,21,42,42,0],"gold":168,"neow_bonus":"THREE_ENEMY_KILL","is_prod":false,"is_daily":false,"chose_seed":false,"campfire_upgraded":2,"win_rate":0,"timestamp":1551651891,"path_taken":["M","?","?","$","?","E","R","E","T","M","?","M","M","M","R","BOSS","M","M","?","?","?","E","R","?","T","?","R","?","E"],"build_version":"2019-01-23","purchased_purges":2,"victory":false,"max_hp_per_floor":[71,71,71,71,71,71,71,71,71,71,71,71,71,71,71,71,71,71,71,71,71,71,71,71,71,71,71,71,71,71],"card_choices":[{"not_picked":["Doom and Gloom","Steam"],"picked":"Coolheaded","floor":1},{"not_picked":["Streamline","Barrage"],"picked":"Sweeping Beam","floor":2},{"not_picked":["Stack","Steam"],"picked":"Ball Lightning","floor":6},{"not_picked":["Sweeping Beam","Meteor Strike"],"picked":"Steam","floor":8},{"not_picked":["Steam Power","Melter"],"picked":"Loop","floor":10},{"not_picked":["Stack","Lockon","Gash"],"picked":"SKIP","floor":12},{"not_picked":["Leap","Aggregate"],"picked":"Ball Lightning","floor":13},{"not_picked":["Steam","Beam Cell"],"picked":"Ball Lightning","floor":14},{"not_picked":["Fission","Reboot"],"picked":"Echo Form","floor":16},{"not_picked":["Streamline","Steam","Steam Power"],"picked":"SKIP","floor":18},{"not_picked":["Redo","Steam Power"],"picked":"Conserve Battery","floor":19},{"not_picked":["Go for the Eyes","Melter","Redo"],"picked":"SKIP","floor":21},{"not_picked":["Streamline","Ball Lightning"],"picked":"Glacier","floor":23},{"not_picked":["Gash+1","Ball Lightning","Compile Driver+1"],"picked":"SKIP","floor":25}],"player_experience":863880,"relics_obtained":[{"floor":6,"key":"Happy Flower"},{"floor":8,"key":"Potion Belt"},{"floor":9,"key":"DataDisk"},{"floor":23,"key":"Kunai"},{"floor":26,"key":"Pantograph"}],"event_choices":[{"damage_healed":0,"gold_gain":0,"player_choice":"Entered Light","damage_taken":21,"max_hp_gain":0,"max_hp_loss":0,"event_name":"Shining Light","floor":3,"gold_loss":0,"cards_upgraded":["Defend_B","Defend_B"]},{"cards_removed":["Strike_B"],"damage_healed":0,"gold_gain":0,"player_choice":"Card Removal","damage_taken":7,"max_hp_gain":0,"max_hp_loss":0,"event_name":"Golden Wing","floor":5,"gold_loss":0},{"damage_healed":0,"gold_gain":100,"player_choice":"Gold","damage_taken":0,"max_hp_gain":0,"max_hp_loss":0,"event_name":"Wheel of Change","floor":11,"gold_loss":0},{"damage_healed":0,"gold_gain":0,"player_choice":"1 cards matched","damage_taken":0,"max_hp_gain":0,"max_hp_loss":0,"event_name":"Match and Keep!","floor":22,"gold_loss":0,"cards_obtained":["Creative AI"]},{"damage_healed":0,"gold_gain":0,"player_choice":"Fight","damage_taken":0,"max_hp_gain":0,"max_hp_loss":0,"event_name":"Colosseum","floor":27,"gold_loss":0},{"damage_healed":0,"gold_gain":0,"player_choice":"Fled From Nobs","damage_taken":0,"max_hp_gain":0,"max_hp_loss":0,"event_name":"Colosseum","floor":27,"gold_loss":0}],"is_beta":false,"boss_relics":[{"not_picked":["Snecko Eye","FrozenCore"],"picked":"Ectoplasm"}],"items_purged_floors":[4,20],"is_endless":false,"potions_floor_spawned":[1,12,21,23,27],"killed_by":"Slavers","ascension_level":18}