{"gold_per_floor":[366,383,395,409,409,409,47,77,77,89,89,124,124,24,24,99,99,109,129,54,64,82,82,98,128,152,152,167,167,167,167,167,241,241,253,270,270,283,298,298,31,31,31,31,31,41,41,41,41,41],"floor_reached":51,"playtime":2138,"items_purged":["Decay","Strike_B"],"score":1349,"play_id":"c8bc0237-8d91-4ccf-b17a-3d9768ec4eb6","local_time":"20190214153515","is_ascension_mode":true,"campfire_choices":[{"data":"Zap","floor":6.0,"key":"SMITH"},{"floor":11.0,"key":"REST"},{"data":"Apotheosis","floor":13.0,"key":"SMITH"},{"floor":15.0,"key":"REST"},{"floor":23.0,"key":"REST"},{"floor":27.0,"key":"REST"},{"floor":30.0,"key":"REST"},{"floor":32.0,"key":"REST"},{"floor":40,"key":"REST"},{"floor":42,"key":"REST"},{"data":"Buffer","floor":44,"key":"SMITH"},{"floor":49,"key":"REST"}],"neow_cost":"CURSE","seed_source_timestamp":19418341769645,"circlet_count":0,"master_deck":["AscendersBane","Strike_B","Strike_B","Defend_B","Defend_B","Defend_B","Defend_B","Zap+1","Dualcast","Conserve Battery","Buffer+1","Apotheosis+1","Defragment","Cold Snap","Conserve Battery+1","Biased Cognition","Redo+1","Go for the Eyes","Buffer","Ball Lightning","Redo+1","Auto Shields+1","Loop","Stack+1","Core Surge","BootSequence+1"],"special_seed":0,"relics":["Cracked Core","Bronze Scales","Symbiotic Virus","Ornamental Fan","Toxic Egg 2","Lizard Tail","Turnip","Bag of Preparation","Nuclear Battery","Pantograph","Bottled Flame"],"potions_floor_usage":[50,50],"damage_taken":[{"damage":1.0,"enemies":"Cultist","floor":1.0,"turns":3.0},{"damage":14.0,"enemies":"Jaw Worm","floor":2.0,"turns":5.0},{"damage":5.0,"enemies":"Small Slimes","floor":3.0,"turns":4.0},{"damage":28.0,"enemies":"Exordium Wildlife","floor":4.0,"turns":7.0},{"damage":12.0,"enemies":"Lagavulin","floor":8.0,"turns":6.0},{"damage":3.0,"enemies":"Looter","floor":10.0,"turns":4.0},{"damage":7.0,"enemies":"Gremlin Nob","floor":12.0,"turns":4.0},{"damage":0.0,"enemies":"The Guardian","floor":16.0,"turns":9.0},{"damage":15.0,"enemies":"2 Thieves","floor":18.0,"turns":4.0},{"damage":7.0,"enemies":"Spheric Guardian","floor":19.0,"turns":4.0},{"damage":10.0,"enemies":"Snecko","floor":21.0,"turns":6.0},{"damage":7.0,"enemies":"Shelled Parasite and Fungi","floor":22.0,"turns":6.0},{"damage":11.0,"enemies":"Sentry and Sphere","floor":24.0,"turns":6.0},{"damage":15.0,"enemies":"Book of Stabbing","floor":25.0,"turns":5.0},{"damage":13.0,"enemies":"Centurion and Healer","floor":28.0,"turns":10.0},{"damage":15.0,"enemies":"Collector","floor":33.0,"turns":8.0},{"damage":0.0,"enemies":"3 Shapes","floor":35.0,"turns":5.0},{"damage":34.0,"enemies":"3 Darklings","floor":36.0,"turns":5.0},{"damage":4.0,"enemies":"Transient","floor":38.0,"turns":6.0},{"damage":47,"enemies":"Spire Growth","floor":39,"turns":8},{"damage":34,"enemies":"3 Darklings","floor":46,"turns":6},{"damage":55,"enemies":"Donu and Deca","floor":50,"turns":12}],"seed_played":"-1878962191386281662","potions_obtained":[{"floor":3.0,"key":"PowerPotion"},{"floor":4.0,"key":"Ancient Potion"},{"floor":12.0,"key":"Weak Potion"},{"floor":21.0,"key":"EssenceOfSteel"},{"floor":22.0,"key":"Explosive Potion"},{"floor":38.0,"key":"FocusPotion"},{"floor":46,"key":"PowerPotion"}],"is_trial":false,"path_per_floor":["M","M","M","M","?","R","$","E","T","M","R","E","R","$","R","B",null,"M","M","$","M","M","R","M","E","T","R","M","?","R","?","R","B",null,"M","M","?","M","M","R","$","R","T","R","$","M","?","$","R","B",null],"character_chosen":"DEFECT","items_purchased":["Apotheosis","Defragment","Buffer","Pantograph"],"campfire_rested":9,"item_purchase_floors":[7,7,20,41],"current_hp_per_floor":[63,49,44,16,16,16,16,4,4,1,22,15,15,15,36,36,62,47,40,40,30,23,44,33,18,18,39,26,6,28,28,50,35,66,66,32,32,28,23,45,45,67,67,67,67,33,33,33,55,21],"gold":41,"neow_bonus":"TWO_FIFTY_GOLD","is_prod":false,"is_daily":false,"chose_seed":false,"campfire_upgraded":3,"win_rate":0,"timestamp":1550126115,"path_taken":["M","M","?","M","?","R","$","E","T","?","R","E","R","?","R","BOSS","M","M","$","M","M","R","M","E","T","R","M","?","R","?","R","BOSS","M","M","?","M","M","R","?","R","T","R","$","?","?","?","R","BOSS"],"build_version":"2019-01-23","purchased_purges":2,"victory":true,"max_hp_per_floor":[71,71,71,71,71,71,71,71,71,71,71,71,71,71,71,71,71,71,71,71,71,71,71,71,71,71,71,71,76,76,76,76,76,76,76,76,76,76,76,76,76,76,76,76,76,76,76,76,76,76],"card_choices":[{"not_picked":["Hello World","Static Discharge"],"picked":"Conserve Battery","floor":1.0},{"not_picked":["Coolheaded","Chill"],"picked":"Steam","floor":2.0},{"not_picked":["Leap","Coolheaded"],"picked":"Buffer","floor":3.0},{"not_picked":["Double Energy","Steam","Heatsinks"],"picked":"SKIP","floor":4.0},{"not_picked":["Double Energy","Streamline"],"picked":"Cold Snap","floor":8.0},{"not_picked":["Redo","Tempest","Lockon"],"picked":"SKIP","floor":10.0},{"not_picked":["Compile Driver","Consume"],"picked":"Conserve Battery","floor":12.0},{"not_picked":["Thunder Strike","Creative AI"],"picked":"Biased Cognition","floor":16.0},{"not_picked":["Fusion+1","Static Discharge"],"picked":"Redo+1","floor":18.0},{"not_picked":["Ball Lightning","Cold Snap"],"picked":"Go for the Eyes","floor":19.0},{"not_picked":["Reinforced Body+1","Heatsinks"],"picked":"Ball Lightning","floor":21.0},{"not_picked":["Lockon","Conserve Battery+1"],"picked":"Redo+1","floor":22.0},{"not_picked":["Conserve Battery+1","Steam Power+1"],"picked":"Auto Shields+1","floor":24.0},{"not_picked":["All For One","Barrage"],"picked":"Loop","floor":25.0},{"not_picked":["Go for the Eyes","Cold Snap"],"picked":"Stack+1","floor":28.0},{"not_picked":["Rainbow+1","Biased Cognition"],"picked":"Core Surge","floor":33.0},{"not_picked":["Rip and Tear+1","Scrape+1","Barrage"],"picked":"SKIP","floor":35.0},{"not_picked":["Cold Snap","Streamline","Stack+1"],"picked":"SKIP","floor":36.0},{"not_picked":["Cold Snap","Conserve Battery+1","Steam+1"],"picked":"SKIP","floor":38.0},{"not_picked":["Streamline","Genetic Algorithm+1","Conserve Battery+1"],"picked":"SKIP","floor":39},{"not_picked":["Rainbow+1","Go for the Eyes"],"picked":"BootSequence+1","floor":46}],"player_experience":354703,"relics_obtained":[{"floor":8.0,"key":"Symbiotic Virus"},{"floor":9.0,"key":"Ornamental Fan"},{"floor":12.0,"key":"Toxic Egg 2"},{"floor":25.0,"key":"Turnip"},{"floor":26.0,"key":"Bag of Preparation"},{"floor":43,"key":"Bottled Flame"}],"event_choices":[{"cards_removed":["Steam"],"damage_healed":0.0,"max_hp_gain":0.0,"max_hp_loss":0.0,"gold_gain":0.0,"event_name":"WeMeetAgain","player_choice":"Gave Card","floor":5.0,"gold_loss":0.0,"damage_taken":0.0,"relics_obtained":["Bronze Scales"]},{"damage_healed":0.0,"max_hp_gain":5.0,"max_hp_loss":0.0,"gold_gain":0.0,"event_name":"Forgotten Altar","player_choice":"Shed Blood","floor":29.0,"gold_loss":0.0,"damage_taken":25.0},{"damage_healed":0.0,"max_hp_gain":0.0,"max_hp_loss":0.0,"gold_gain":0.0,"event_name":"Vampires","player_choice":"Ignored","floor":31.0,"gold_loss":0.0,"damage_taken":0.0},{"cards_removed":["Strike_B"],"damage_healed":0.0,"max_hp_gain":0.0,"max_hp_loss":0.0,"gold_gain":0.0,"event_name":"Bonfire Elementals","player_choice":"Offered Basic","floor":37.0,"gold_loss":0.0,"damage_taken":0.0},{"damage_healed":0,"gold_gain":0,"player_choice":"0 cards matched","damage_taken":0,"max_hp_gain":0,"max_hp_loss":0,"event_name":"Match and Keep!","floor":47,"gold_loss":0,"cards_obtained":[]}],"is_beta":false,"boss_relics":[{"not_picked":["Empty Cage","Ectoplasm"],"picked":"Lizard Tail"},{"not_picked":["White Beast Statue","Snecko Eye"],"picked":"Nuclear Battery"}],"items_purged_floors":[7,14],"is_endless":false,"potions_floor_spawned":[3,4,12,16,18,19,21,22,38,46],"ascension_level":17}