{"gold_per_floor":[99,112,122,133,133,133,143,31,85,100,100,0,0,0,0,0],"floor_reached":16,"playtime":370,"items_purged":["Strike_R","Strike_R"],"score":129,"play_id":"e3c14cc7-2eca-4a58-98ac-56b14d6f935a","local_time":"20190106093428","is_ascension_mode":true,"campfire_choices":[{"data":"Uppercut","floor":6,"key":"SMITH"},{"data":"Uppercut","floor":11,"key":"SMITH"},{"data":"Bash","floor":13,"key":"SMITH"},{"data":"Inflame","floor":15,"key":"SMITH"}],"neow_cost":"NONE","seed_source_timestamp":1408477370348390,"circlet_count":0,"master_deck":["Strike_R","Strike_R","Defend_R","Defend_R","Defend_R","Defend_R","Bash+1","Uppercut+1","Spot Weakness","Uppercut+1","Inflame+1"],"relics":["Burning Blood","NeowsBlessing","Bag of Marbles"],"potions_floor_usage":[16,16],"damage_taken":[{"damage":0,"enemies":"Cultist","floor":1,"turns":1},{"damage":0,"enemies":"Jaw Worm","floor":2,"turns":1},{"damage":0,"enemies":"Small Slimes","floor":3,"turns":1},{"damage":23,"enemies":"Looter","floor":4,"turns":4},{"damage":16,"enemies":"2 Fungi Beasts","floor":7,"turns":4},{"damage":14,"enemies":"3 Louse","floor":10,"turns":4},{"damage":42,"enemies":"Slime Boss","floor":16,"turns":8}],"seed_played":"6454371253354107460","potions_obtained":[{"floor":3,"key":"AttackPotion"},{"floor":7,"key":"Swift Potion"},{"floor":10,"key":"SpeedPotion"}],"is_trial":false,"path_per_floor":["M","M","M","M","?","R","M","$","T","M","R","$","R","?","R","B"],"character_chosen":"IRONCLAD","items_purchased":["Inflame"],"campfire_rested":0,"item_purchase_floors":[8],"current_hp_per_floor":[78,80,80,63,56,56,46,46,46,38,38,38,38,38,38,0],"gold":0,"neow_bonus":"THREE_ENEMY_KILL","is_prod":false,"is_daily":false,"chose_seed":false,"campfire_upgraded":4,"win_rate":0,"timestamp":1546785268,"path_taken":["M","M","?","M","?","R","M","$","T","M","R","$","R","?","R","BOSS"],"build_version":"2019-01-03v4","purchased_purges":2,"victory":false,"max_hp_per_floor":[80,80,80,80,80,80,80,80,80,80,80,80,80,80,80,80],"card_choices":[{"not_picked":["Headbutt","Dual Wield"],"picked":"Uppercut","floor":1},{"not_picked":["Disarm","Twin Strike"],"picked":"Spot Weakness","floor":2},{"not_picked":["Shrug It Off","True Grit","Pommel Strike"],"picked":"SKIP","floor":3},{"not_picked":["Blood for Blood","Evolve"],"picked":"Uppercut","floor":4},{"not_picked":["Searing Blow","Clothesline","Twin Strike"],"picked":"SKIP","floor":7},{"not_picked":["Exhume","Armaments","Anger"],"picked":"SKIP","floor":10}],"player_experience":325263,"relics_obtained":[{"floor":9,"key":"Bag of Marbles"}],"event_choices":[{"cards_removed":["Strike_R"],"damage_healed":0,"gold_gain":0,"player_choice":"Card Removal","damage_taken":7,"max_hp_gain":0,"max_hp_loss":0,"event_name":"Golden Wing","floor":5,"gold_loss":0},{"damage_healed":0,"gold_gain":0,"player_choice":"Left Gold","damage_taken":0,"max_hp_gain":0,"max_hp_loss":0,"event_name":"World of Goop","floor":14,"gold_loss":0}],"is_beta":false,"boss_relics":[],"items_purged_floors":[8,12],"is_endless":false,"potions_floor_spawned":[3,7,10],"killed_by":"Slime Boss","ascension_level":8}