{"gold_per_floor":[215,61,61,73,85,85,118,118,418,418,435,458,474,484,484,484],"floor_reached":16,"playtime":460,"items_purged":["Strike_B"],"score":173,"play_id":"8b4f97f9-3d30-44ec-953b-62667665ec03","local_time":"20190224230709","is_ascension_mode":true,"campfire_choices":[{"data":"Sunder","floor":6.0,"key":"SMITH"},{"floor":8.0,"key":"REST"},{"data":"Zap","floor":15.0,"key":"SMITH"}],"neow_cost":"NONE","seed_source_timestamp":119729151417152,"circlet_count":0,"master_deck":["AscendersBane","Strike_B","Strike_B","Defend_B","Defend_B","Defend_B","Defend_B","Zap+1","Dualcast","Sunder+1","Capacitor","Genetic Algorithm","Seek","Chill"],"special_seed":0,"relics":["Cracked Core","Nunchaku","Old Coin","Juzu Bracelet","Dream Catcher"],"potions_floor_usage":[16],"damage_taken":[{"damage":6.0,"enemies":"2 Louse","floor":1.0,"turns":2.0},{"damage":0.0,"enemies":"Small Slimes","floor":4.0,"turns":3.0},{"damage":7.0,"enemies":"Jaw Worm","floor":5.0,"turns":3.0},{"damage":27.0,"enemies":"Lagavulin","floor":7.0,"turns":5.0},{"damage":4.0,"enemies":"Red Slaver","floor":11.0,"turns":2.0},{"damage":0.0,"enemies":"3 Louse","floor":13.0,"turns":3.0},{"damage":1.0,"enemies":"Blue Slaver","floor":14.0,"turns":4.0},{"damage":41,"enemies":"Slime Boss","floor":16,"turns":6}],"seed_played":"-8000150778213396335","potions_obtained":[{"floor":5.0,"key":"Explosive Potion"},{"floor":7.0,"key":"EssenceOfSteel"}],"is_trial":false,"path_per_floor":["M","$","?","M","M","R","E","R","T","?","M","T","M","M","R","B"],"character_chosen":"DEFECT","items_purchased":["Capacitor"],"campfire_rested":1,"item_purchase_floors":[2],"current_hp_per_floor":[58,58,58,58,51,51,24,45,45,45,41,41,41,40,40,0],"gold":484,"neow_bonus":"HUNDRED_GOLD","is_prod":false,"is_daily":false,"chose_seed":false,"campfire_upgraded":2,"win_rate":0,"timestamp":1551078429,"path_taken":["M","$","?","M","M","R","E","R","T","?","M","?","M","M","R","BOSS"],"build_version":"2019-01-23","purchased_purges":1,"victory":false,"max_hp_per_floor":[71,71,71,71,71,71,71,71,71,71,71,71,71,71,71,71],"card_choices":[{"not_picked":["Streamline","Compile Driver"],"picked":"Sunder","floor":1.0},{"not_picked":["Beam Cell","Sunder","Hologram"],"picked":"SKIP","floor":4.0},{"not_picked":["Conserve Battery","Double Energy"],"picked":"Seek","floor":5.0},{"not_picked":["Turbo","Sunder","Stack"],"picked":"SKIP","floor":7.0},{"not_picked":["Force Field","Ball Lightning"],"picked":"Chill","floor":11.0},{"not_picked":["Turbo","Rebound","Auto Shields"],"picked":"SKIP","floor":13.0},{"not_picked":["Redo","Barrage","Capacitor"],"picked":"SKIP","floor":14.0}],"player_experience":513584,"relics_obtained":[{"floor":7.0,"key":"Nunchaku"},{"floor":9.0,"key":"Old Coin"},{"floor":12.0,"key":"Dream Catcher"}],"event_choices":[{"damage_healed":0.0,"max_hp_gain":0.0,"max_hp_loss":0.0,"gold_gain":0.0,"cards_transformed":["Strike_B"],"event_name":"Living Wall","player_choice":"Change","floor":3.0,"gold_loss":0.0,"damage_taken":0.0,"cards_obtained":["Genetic Algorithm"]},{"damage_healed":0.0,"max_hp_gain":0.0,"max_hp_loss":0.0,"gold_gain":0.0,"event_name":"Dead Adventurer","player_choice":"Searched \u00271\u0027 times","floor":10.0,"gold_loss":0.0,"damage_taken":0.0,"relics_obtained":["Juzu Bracelet"]}],"is_beta":false,"boss_relics":[],"items_purged_floors":[2],"is_endless":false,"potions_floor_spawned":[5,7,11,14],"killed_by":"Slime Boss","ascension_level":14}