{"path_per_floor":["M","?","?","M","M","R","M","E","T","?","R","?","M","$","R","B",null,"M","?","?","M","?","R"],"character_chosen":"DEFECT","items_purchased":["Consume","Defragment"],"gold_per_floor":[113,63,63,74,86,86,96,126,149,149,149,149,160,60,60,163,163,181,96,96,116,116,116,116],"floor_reached":24,"campfire_rested":2,"playtime":1164,"item_purchase_floors":[],"current_hp_per_floor":[66,66,66,63,62,62,53,31,31,16,38,38,21,21,43,25,77,64,64,48,46,46,46,0],"items_purged":[],"gold":116,"score":335,"play_id":"195182d3-ac61-4693-8199-d3f3cf60bb53","local_time":"20180611205144","is_prod":false,"is_daily":false,"chose_seed":false,"is_ascension_mode":true,"campfire_upgraded":2,"win_rate":0,"timestamp":1528743104,"campfire_choices":[{"data":"Dualcast","floor":6.0,"key":"SMITH"},{"floor":11.0,"key":"REST"},{"floor":15.0,"key":"REST"},{"data":"Consume","floor":23.0,"key":"SMITH"}],"path_taken":["M","?","?","M","M","R","M","E","T","?","R","?","M","$","R","BOSS","M","?","?","M","?","R","E"],"build_version":"2018-06-07v3","seed_source_timestamp":284781136451149,"purchased_purges":0,"victory":false,"master_deck":["Strike_B","Strike_B","Strike_B","Defend_B","Defend_B","Defend_B","Defend_B","Zap+1","Dualcast+1","AscendersBane","Sweeping Beam","Beam Cell+1","Capacitor+1","Double Energy","Gash+1","Glacier","Consume+1","Defragment","All For One","Conserve Battery","Capacitor"],"max_hp_per_floor":[75,75,75,75,75,75,75,75,75,75,75,75,75,75,75,75,89,89,89,89,94,94,94,94],"relics":["Cracked Core","Vajra","Juzu Bracelet","Omamori","Calling Bell","Bronze Scales","Dodecahedron","Mango","Happy Flower","Enchiridion"],"card_choices":[{"not_picked":["Force Field","Rebound"],"picked":"Sweeping Beam","floor":1.0},{"not_picked":["Darkness","Compile Driver"],"picked":"Beam Cell","floor":4.0},{"not_picked":["Conserve Battery","Undo"],"picked":"Capacitor","floor":5.0},{"not_picked":["Leap","Redo"],"picked":"Double Energy","floor":7.0},{"not_picked":["Amplify","Recycle"],"picked":"Gash","floor":8.0},{"not_picked":["Sweeping Beam","Leap"],"picked":"Glacier","floor":13.0},{"not_picked":["Meteor Strike","Core Surge"],"picked":"All For One","floor":16.0},{"not_picked":["Double Energy+1","Compile Driver"],"picked":"Conserve Battery","floor":18.0},{"not_picked":["Cold Snap","Streamline"],"picked":"Capacitor","floor":21.0}],"player_experience":512470,"potions_floor_usage":[],"damage_taken":[{"damage":2.0,"enemies":"Jaw Worm","floor":1.0,"turns":4.0},{"damage":3.0,"enemies":"2 Louse","floor":4.0,"turns":2.0},{"damage":1.0,"enemies":"Cultist","floor":5.0,"turns":3.0},{"damage":9.0,"enemies":"2 Fungi Beasts","floor":7.0,"turns":3.0},{"damage":22.0,"enemies":"3 Sentries","floor":8.0,"turns":7.0},{"damage":17.0,"enemies":"Gremlin Gang","floor":13.0,"turns":5.0},{"damage":18.0,"enemies":"The Guardian","floor":16.0,"turns":11.0},{"damage":13.0,"enemies":"Chosen","floor":18.0,"turns":5.0},{"damage":7.0,"enemies":"Spheric Guardian","floor":21.0,"turns":3.0},{"damage":50,"enemies":"Gremlin Leader","floor":24,"turns":10}],"relics_obtained":[{"floor":8.0,"key":"Juzu Bracelet"},{"floor":9.0,"key":"Omamori"},{"floor":17.0,"key":"Bronze Scales"},{"floor":17.0,"key":"Dodecahedron"},{"floor":17.0,"key":"Mango"},{"floor":20.0,"key":"Enchiridion"}],"event_choices":[{"event_name":"The Cleric","player_choice":"Card Removal","floor":2.0,"damage_taken":0.0},{"event_name":"Wheel of Change","player_choice":"Relic","floor":3.0,"damage_taken":0.0},{"event_name":"Shining Light","player_choice":"Entered Light","floor":10.0,"damage_taken":0.0},{"event_name":"Upgrade Shrine","player_choice":"Upgraded","floor":12.0,"damage_taken":0.0},{"event_name":"Addict","player_choice":"Obtained Relic","floor":19.0,"damage_taken":0.0},{"event_name":"Cursed Tome","player_choice":"Obtained Book","floor":20.0,"damage_taken":0.0},{"event_name":"Fountain of Cleansing","player_choice":"Removed Curse","floor":22.0,"damage_taken":0.0}],"boss_relics":[{"not_picked":["Eternal Feather","Lizard Tail"],"picked":"Calling Bell"}],"items_purged_floors":[],"potions_floor_spawned":[1,7,8,16,18],"seed_played":"3951681624459254647","killed_by":"Gremlin Leader","ascension_level":12,"potions_obtained":[{"floor":1.0,"key":"Swift Potion"},{"floor":7.0,"key":"Energy Potion"},{"floor":18.0,"key":"Fruit Juice"}],"is_trial":false}