{"gold_per_floor":[113,113,133,143,162,187,187,246,246,48,60,60,80,96,96,197,197,213,232,80,90,90,90,108,119,119,138,138,149,200,240,252,264],"floor_reached":33,"playtime":2233,"items_purged":["Strike_B"],"score":297,"play_id":"eca3cb0d-c117-4f96-a2fd-fa8a242adf6e","local_time":"20190105144442","is_ascension_mode":true,"campfire_choices":[{"data":"Redo","floor":7,"key":"SMITH"},{"data":"Redo","floor":12,"key":"SMITH"},{"data":"Darkness","floor":15,"key":"SMITH"},{"data":"Genetic Algorithm","floor":23,"key":"SMITH"},{"floor":32,"key":"REST"}],"neow_cost":"NONE","seed_source_timestamp":12995289622411,"circlet_count":0,"master_deck":["Strike_B","Strike_B","Strike_B","Defend_B","Defend_B","Defend_B","Defend_B","Zap","Dualcast+1","Cold Snap","Coolheaded","Streamline","Redo+1","Leap","Redo+1","Cold Snap","Barrage","Darkness+1","All For One","FTL","Genetic Algorithm+1","Beam Cell","Amplify"],"relics":["Cracked Core","NeowsBlessing","Turnip","Tiny Chest","MealTicket","Runic Pyramid","Thread and Needle","Letter Opener","MawBank","Bottled Flame"],"potions_floor_usage":[6,16,28,31,31],"damage_taken":[{"damage":0,"enemies":"Jaw Worm","floor":1,"turns":1},{"damage":0,"enemies":"Cultist","floor":3,"turns":1},{"damage":0,"enemies":"Small Slimes","floor":4,"turns":1},{"damage":6,"enemies":"Looter","floor":5,"turns":2},{"damage":29,"enemies":"Gremlin Nob","floor":6,"turns":5},{"damage":8,"enemies":"3 Sentries","floor":8,"turns":9},{"damage":0,"enemies":"2 Fungi Beasts","floor":11,"turns":3},{"damage":6,"enemies":"3 Louse","floor":13,"turns":4},{"damage":5,"enemies":"Red Slaver","floor":14,"turns":3},{"damage":4,"enemies":"Slime Boss","floor":16,"turns":10},{"damage":3,"enemies":"Chosen","floor":18,"turns":4},{"damage":7,"enemies":"Shell Parasite","floor":19,"turns":6},{"damage":6,"enemies":"Centurion and Healer","floor":21,"turns":8},{"damage":5,"enemies":"3 Cultists","floor":24,"turns":8},{"damage":7,"enemies":"Cultist and Chosen","floor":25,"turns":6},{"damage":1,"enemies":"Centurion and Healer","floor":27,"turns":9},{"damage":17,"enemies":"Colosseum Slavers","floor":28,"turns":6},{"damage":14,"enemies":"Snake Plant","floor":29,"turns":6},{"damage":41,"enemies":"Gremlin Leader","floor":31,"turns":10},{"damage":46,"enemies":"Automaton","floor":33,"turns":8}],"seed_played":"3212534245223448821","potions_obtained":[{"floor":3,"key":"Weak Potion"},{"floor":4,"key":"FocusPotion"},{"floor":8,"key":"Poison Potion"},{"floor":13,"key":"Regen Potion"},{"floor":16,"key":"LiquidBronze"},{"floor":18,"key":"Weak Potion"},{"floor":24,"key":"PowerPotion"},{"floor":25,"key":"Regen Potion"},{"floor":29,"key":"Regen Potion"}],"is_trial":false,"path_per_floor":["M","?","M","M","M","E","R","E","T","$","M","R","M","M","R","B",null,"M","M","$","M","T","R","M","M","T","M","?","M","T","E","R","B"],"character_chosen":"DEFECT","items_purchased":["MealTicket","Genetic Algorithm"],"campfire_rested":1,"item_purchase_floors":[10,20],"current_hp_per_floor":[75,75,75,75,69,40,40,32,32,32,32,32,26,21,21,32,75,72,65,75,69,69,69,64,57,57,56,54,40,40,14,36,0],"gold":264,"neow_bonus":"THREE_ENEMY_KILL","is_prod":false,"is_daily":false,"chose_seed":false,"campfire_upgraded":4,"win_rate":0,"timestamp":1546667082,"path_taken":["M","?","M","M","?","E","R","E","T","$","M","R","M","M","R","BOSS","M","M","$","M","?","R","M","M","T","M","?","M","?","E","R","BOSS"],"build_version":"2019-01-03v4","purchased_purges":1,"victory":false,"max_hp_per_floor":[75,75,75,75,75,75,75,75,75,75,75,75,75,75,75,75,75,75,75,75,75,75,75,75,75,75,75,75,75,75,75,75,75],"card_choices":[{"not_picked":["Conserve Battery","Sweeping Beam"],"picked":"Cold Snap","floor":1},{"not_picked":["Barrage","Stack"],"picked":"Coolheaded","floor":3},{"not_picked":["Aggregate","Sweeping Beam"],"picked":"Streamline","floor":4},{"not_picked":["Sweeping Beam","Streamline"],"picked":"Redo","floor":5},{"not_picked":["Amplify","Rebound"],"picked":"Leap","floor":6},{"not_picked":["Steam","Conserve Battery"],"picked":"Redo","floor":8},{"not_picked":["Beam Cell","Go for the Eyes"],"picked":"Cold Snap","floor":11},{"not_picked":["Go for the Eyes","Turbo"],"picked":"Barrage","floor":13},{"not_picked":["Rebound","Gash"],"picked":"Darkness","floor":14},{"not_picked":["Fission","Buffer"],"picked":"All For One","floor":16},{"not_picked":["Hologram","Steam"],"picked":"FTL","floor":18},{"not_picked":["Sunder+1","Tempest","Cold Snap"],"picked":"SKIP","floor":19},{"not_picked":["Lockon","White Noise","Conserve Battery"],"picked":"SKIP","floor":21},{"not_picked":["Tempest","Rip and Tear+1","Leap"],"picked":"SKIP","floor":24},{"not_picked":["Ball Lightning","Steam Power+1","Fusion"],"picked":"SKIP","floor":25},{"not_picked":["Consume","Sweeping Beam","Coolheaded"],"picked":"SKIP","floor":27},{"not_picked":["Cold Snap","Chaos+1"],"picked":"Beam Cell","floor":29},{"not_picked":["Force Field","Barrage"],"picked":"Amplify","floor":31}],"player_experience":108870,"relics_obtained":[{"floor":6,"key":"Turnip"},{"floor":8,"key":"Tiny Chest"},{"floor":22,"key":"Thread and Needle"},{"floor":26,"key":"Letter Opener"},{"floor":30,"key":"MawBank"},{"floor":31,"key":"Bottled Flame"}],"event_choices":[{"damage_healed":0,"gold_gain":0,"player_choice":"Forge","damage_taken":0,"max_hp_gain":0,"max_hp_loss":0,"event_name":"Accursed Blacksmith","floor":2,"gold_loss":0,"cards_upgraded":["Dualcast"]},{"damage_healed":0,"gold_gain":0,"player_choice":"Fight","damage_taken":0,"max_hp_gain":0,"max_hp_loss":0,"event_name":"Colosseum","floor":28,"gold_loss":0},{"damage_healed":0,"gold_gain":0,"player_choice":"Fled From Nobs","damage_taken":0,"max_hp_gain":0,"max_hp_loss":0,"event_name":"Colosseum","floor":28,"gold_loss":0}],"is_beta":false,"boss_relics":[{"not_picked":["Philosopher\u0027s Stone","Fusion Hammer"],"picked":"Runic Pyramid"}],"items_purged_floors":[20],"is_endless":false,"potions_floor_spawned":[3,4,8,13,16,18,24,25,27,29],"killed_by":"Automaton","ascension_level":1}