{"gold_per_floor":[367,367,387,9,23,23,58,58,58,72,99,99,112,128,128,226,226,243,263,263],"floor_reached":20,"playtime":865,"items_purged":["Strike_G"],"score":295,"play_id":"35c81ecf-2488-4b7f-ba0a-8ee69d34b359","local_time":"20190107095507","is_ascension_mode":true,"campfire_choices":[{"data":"Phantasmal Killer","floor":6,"key":"SMITH"},{"data":"Choke","floor":8,"key":"SMITH"},{"floor":12,"key":"REST"},{"data":"Footwork","floor":15,"key":"SMITH"}],"neow_cost":"TEN_PERCENT_HP_LOSS","seed_source_timestamp":1495589722339128,"circlet_count":0,"master_deck":["Defend_G","Defend_G","Defend_G","Defend_G","Defend_G","Strike_G","Strike_G","Strike_G","Strike_G","Survivor","Neutralize","Riddle With Holes","Footwork+1","Bullet Time","Phantasmal Killer+1","Mayhem","Crippling Poison","Skewer","Choke+1","Predator","Predator","After Image"],"relics":["Ring of the Snake","Potion Belt","The Courier","Tough Bandages","Fusion Hammer"],"potions_floor_usage":[7,13,16,19],"damage_taken":[{"damage":0,"enemies":"Small Slimes","floor":1,"turns":4},{"damage":0,"enemies":"Cultist","floor":3,"turns":3},{"damage":2,"enemies":"Jaw Worm","floor":5,"turns":2},{"damage":6,"enemies":"Lagavulin","floor":7,"turns":6},{"damage":9,"enemies":"Blue Slaver","floor":10,"turns":2},{"damage":32,"enemies":"3 Sentries","floor":11,"turns":12},{"damage":11,"enemies":"Large Slime","floor":13,"turns":5},{"damage":0,"enemies":"Lots of Slimes","floor":14,"turns":4},{"damage":0,"enemies":"Hexaghost","floor":16,"turns":7},{"damage":11,"enemies":"Shell Parasite","floor":18,"turns":5},{"damage":30,"enemies":"3 Byrds","floor":19,"turns":4},{"damage":22,"enemies":"Snake Plant","floor":20,"turns":4}],"seed_played":"-7767023698753555261","potions_obtained":[{"floor":5,"key":"Poison Potion"},{"floor":7,"key":"PowerPotion"},{"floor":11,"key":"Regen Potion"},{"floor":13,"key":"Energy Potion"},{"floor":18,"key":"LiquidBronze"},{"floor":19,"key":"LiquidBronze"}],"is_trial":false,"path_per_floor":["M","?","M","$","M","R","E","R","T","M","E","R","M","M","R","B",null,"M","M","M"],"character_chosen":"THE_SILENT","items_purchased":["Phantasmal Killer","Mayhem","Crippling Poison"],"campfire_rested":1,"item_purchase_floors":[4,4,4],"current_hp_per_floor":[63,63,63,63,61,61,55,55,55,46,14,32,35,35,35,35,56,45,15,0],"gold":263,"neow_bonus":"TWO_FIFTY_GOLD","is_prod":false,"is_daily":false,"chose_seed":false,"campfire_upgraded":3,"win_rate":0,"timestamp":1546872907,"path_taken":["M","?","?","$","M","R","E","R","T","M","E","R","M","M","R","BOSS","M","M","?"],"build_version":"2019-01-03v4","purchased_purges":1,"victory":false,"max_hp_per_floor":[63,63,63,63,63,63,63,63,63,63,63,63,63,63,63,63,63,63,63,63],"card_choices":[{"not_picked":["Bane","Sucker Punch"],"picked":"Riddle With Holes","floor":1},{"not_picked":["Prepared","Dagger Spray","Bouncing Flask"],"picked":"SKIP","floor":3},{"not_picked":["Blur","Prepared"],"picked":"Skewer","floor":5},{"not_picked":["Deflect","Backstab"],"picked":"Choke","floor":7},{"not_picked":["Quick Slash","Deadly Poison","Underhanded Strike"],"picked":"SKIP","floor":10},{"not_picked":["Bouncing Flask","Deadly Poison"],"picked":"Predator","floor":11},{"not_picked":["Cloak And Dagger","Eviscerate"],"picked":"Predator","floor":13},{"not_picked":["Eviscerate","Underhanded Strike","Finisher"],"picked":"SKIP","floor":14},{"not_picked":["Envenom","Storm of Steel"],"picked":"After Image","floor":16},{"not_picked":["Quick Slash","Slice","Backflip"],"picked":"SKIP","floor":18},{"not_picked":["Cloak And Dagger","Masterful Stab","Tactician"],"picked":"SKIP","floor":19}],"player_experience":327810,"relics_obtained":[{"floor":7,"key":"Potion Belt"},{"floor":9,"key":"The Courier"},{"floor":11,"key":"Tough Bandages"}],"event_choices":[{"damage_healed":0,"gold_gain":0,"player_choice":"2 cards matched","damage_taken":0,"max_hp_gain":0,"max_hp_loss":0,"event_name":"Match and Keep!","floor":2,"gold_loss":0,"cards_obtained":["Footwork","Bullet Time"]}],"is_beta":false,"boss_relics":[{"not_picked":["Black Star","Velvet Choker"],"picked":"Fusion Hammer"}],"items_purged_floors":[4],"is_endless":false,"potions_floor_spawned":[5,7,11,13,18,19],"killed_by":"Snake Plant","ascension_level":5}