{"gold_per_floor":[115,129,129,129,143,172,172,191,260,54,204,164,164,164],"floor_reached":14,"playtime":414,"items_purged":["Regret"],"score":167,"play_id":"20e18d05-9e27-4677-a092-4a258f606dfa","local_time":"20190128165223","is_ascension_mode":true,"campfire_choices":[{"data":"Flame Barrier","floor":7,"key":"SMITH"},{"floor":13,"key":"REST"}],"neow_cost":"NONE","seed_source_timestamp":923395839669842,"circlet_count":0,"master_deck":["AscendersBane","Strike_R","Strike_R+1","Strike_R","Strike_R","Strike_R","Defend_R","Defend_R","Defend_R+1","Defend_R","Bash","Flame Barrier+1","Iron Wave","Intimidate","Ghostly Armor","Shrug It Off","Shrug It Off","Impatience","Doubt","Bludgeon"],"relics":["Burning Blood","NeowsBlessing","Torii","Regal Pillow","Paper Frog"],"potions_floor_usage":[6],"damage_taken":[{"damage":0,"enemies":"Cultist","floor":1,"turns":1},{"damage":0,"enemies":"Jaw Worm","floor":2,"turns":1},{"damage":3,"enemies":"2 Louse","floor":5,"turns":1},{"damage":37,"enemies":"3 Sentries","floor":6,"turns":17},{"damage":11,"enemies":"Blue Slaver","floor":8,"turns":4},{"damage":0,"enemies":"Looter","floor":12,"turns":4},{"damage":103,"enemies":"Gremlin Nob","floor":14,"turns":6}],"seed_played":"2777114673528033805","potions_obtained":[{"floor":1,"key":"Block Potion"},{"floor":8,"key":"LiquidBronze"}],"is_trial":false,"path_per_floor":["M","M","?","?","M","E","R","M","T","$","?","M","R","E"],"character_chosen":"IRONCLAD","items_purchased":["Shrug It Off","Impatience"],"campfire_rested":1,"item_purchase_floors":[10,10],"current_hp_per_floor":[74,75,75,52,55,24,24,19,19,19,19,25,62,0],"gold":164,"neow_bonus":"THREE_ENEMY_KILL","is_prod":false,"is_daily":false,"chose_seed":false,"campfire_upgraded":1,"win_rate":0,"timestamp":1548712343,"path_taken":["M","?","?","?","M","E","R","M","T","$","?","M","R","E"],"build_version":"2019-01-23","purchased_purges":1,"victory":false,"max_hp_per_floor":[75,75,75,75,75,75,75,75,75,75,75,75,75,75],"card_choices":[{"not_picked":["Combust","Body Slam"],"picked":"Flame Barrier","floor":1},{"not_picked":["Clash","Perfected Strike"],"picked":"Iron Wave","floor":2},{"not_picked":["Headbutt","Rage"],"picked":"Intimidate","floor":5},{"not_picked":["Sentinel","Perfected Strike"],"picked":"Ghostly Armor","floor":6},{"not_picked":["Second Wind","Havoc"],"picked":"Shrug It Off","floor":8},{"not_picked":["Pommel Strike","Dual Wield"],"picked":"Bludgeon","floor":12}],"player_experience":530920,"relics_obtained":[{"floor":6,"key":"Regal Pillow"},{"floor":9,"key":"Paper Frog"}],"event_choices":[{"damage_healed":0,"gold_gain":0,"player_choice":"Box","damage_taken":0,"relics_obtained":["Torii"],"max_hp_gain":0,"max_hp_loss":0,"event_name":"Big Fish","floor":3,"gold_loss":0,"cards_obtained":["Regret"]},{"damage_healed":0,"gold_gain":0,"player_choice":"Entered Light","damage_taken":23,"max_hp_gain":0,"max_hp_loss":0,"event_name":"Shining Light","floor":4,"gold_loss":0,"cards_upgraded":["Defend_R","Strike_R"]},{"damage_healed":0,"gold_gain":150,"player_choice":"AGREE","damage_taken":0,"max_hp_gain":0,"max_hp_loss":0,"event_name":"Liars Game","floor":11,"gold_loss":0,"cards_obtained":["Doubt"]}],"is_beta":false,"boss_relics":[],"items_purged_floors":[10],"is_endless":false,"potions_floor_spawned":[1,8],"killed_by":"Gremlin Nob","ascension_level":18}