{"path_per_floor":["M","?","M","$","M","R","M","M","T","R","M","M","M","M","R","B",null,"M","M","M","M","$","R","?","R","T","R","?","?","M","$","R","B",null,"M","M","M","$","M","R","E","R","T","?","?","R","M","$","R","B"],"character_chosen":"THE_SILENT","items_purchased":["Noxious Fumes","Blood Vial","PiercingWail","Dash","Noxious Fumes","Blur","Malaise","Cloak And Dagger","Malaise"],"gold_per_floor":[114,64,79,11,26,26,41,56,81,81,96,111,126,141,141,241,241,256,271,286,301,24,24,114,114,139,139,139,139,154,43,43,143,143,158,173,188,34,49,49,79,79,129,129,129,129,144,13,13,13],"floor_reached":51,"campfire_rested":1,"playtime":2498,"current_hp_per_floor":[69,69,69,69,69,69,69,69,75,75,73,73,73,58,58,55,82,59,56,37,39,39,78,64,64,70,70,70,70,70,70,70,70,112,119,114,96,96,89,89,86,86,94,96,134,134,135,135,135,139],"items_purged":["Normality"],"gold":13,"score":898,"play_id":"2f6766cf-7dbe-4702-9f6d-620e41b0f676","local_time":"20180514224527","daily_mods":["Heirloom","Cursed Run","Vintage"],"is_prod":false,"is_daily":true,"chose_seed":false,"is_ascension_mode":false,"campfire_upgraded":6,"timestamp":1526363127,"path_taken":["M","?","M","$","M","R","M","M","T","R","?","M","?","M","R","BOSS","M","M","M","M","$","R","?","R","T","R","?","?","M","$","R","BOSS","M","M","M","$","M","R","E","R","T","?","?","R","?","$","R","BOSS"],"build_version":"2018-05-10","seed_source_timestamp":511655823445717,"purchased_purges":1,"victory":true,"master_deck":["Survivor+1","Neutralize+1","Noxious Fumes+1","Decay","Poisoned Stab+1","A Thousand Cuts+1","Deadly Poison","Predator+1","Infinite Blades+1","Poisoned Stab","Outmaneuver+1","Poisoned Stab","Outmaneuver","Well Laid Plans","PiercingWail+1","Parasite","Acrobatics+1","Reflex+1","Dash+1","Noxious Fumes+1","Injury","Bullet Time+1","Parasite","Blur+1","Malaise+1","After Image+1","Writhe","Cloak And Dagger+1","Malaise+1","Decay"],"max_hp_per_floor":[70,70,70,70,70,70,70,70,76,76,76,76,76,76,76,82,82,82,82,82,82,82,82,82,82,88,88,88,88,88,88,88,94,112,119,119,119,119,119,119,119,119,127,129,135,135,135,135,135,141],"relics":["Cursed Key","Darkstone Periapt","Du-Vu Doll","Calipers","Prayer Wheel","Toolbox","Bronze Scales","Matryoshka","The Specimen","Singing Bowl","Vajra","Regal Pillow","Meat on the Bone","Whetstone","Centennial Puzzle","Shuriken","Pandora\u0027s Box","Art of War","Toxic Egg 2","Thread and Needle","Frozen Egg 2","Blood Vial","Lantern","War Paint","Happy Flower","Ninja Scroll","Calling Bell","Dream Catcher","Ornamental Fan","Girya","Strawberry","Snake Skull","Peace Pipe","Bag of Preparation","Pantograph","Orichalcum","Juzu Bracelet"],"card_choices":[{"not_picked":["Riddle With Holes","Accuracy"],"picked":"Poisoned Stab","floor":9},{"not_picked":["Corpse Explosion","Die Die Die"],"picked":"A Thousand Cuts","floor":16},{"not_picked":["Flying Knee","PiercingWail"],"picked":"Acrobatics","floor":26},{"not_picked":["Venomology","Burst"],"picked":"Bullet Time","floor":33},{"not_picked":["Skewer","Calculated Gamble"],"picked":"After Image","floor":41}],"player_experience":170029,"potions_floor_usage":[14,16,20,30,41,50],"damage_taken":[{"damage":1,"enemies":"2 Louse","floor":1,"turns":2},{"damage":0,"enemies":"Small Slimes","floor":3,"turns":5},{"damage":0,"enemies":"Jaw Worm","floor":5,"turns":4},{"damage":0,"enemies":"Gremlin Gang","floor":7,"turns":5},{"damage":0,"enemies":"3 Louse","floor":8,"turns":4},{"damage":2,"enemies":"Lots of Slimes","floor":11,"turns":3},{"damage":0,"enemies":"Looter","floor":12,"turns":3},{"damage":0,"enemies":"3 Louse","floor":13,"turns":2},{"damage":15,"enemies":"Exordium Thugs","floor":14,"turns":2},{"damage":9,"enemies":"Hexaghost","floor":16,"turns":8},{"damage":23,"enemies":"2 Thieves","floor":18,"turns":3},{"damage":3,"enemies":"Chosen","floor":19,"turns":4},{"damage":31,"enemies":"Slaver and Parasite","floor":20,"turns":3},{"damage":10,"enemies":"Snake Plant","floor":21,"turns":3},{"damage":2,"enemies":"Centurion and Healer","floor":30,"turns":3},{"damage":8,"enemies":"Collector","floor":33,"turns":5},{"damage":0,"enemies":"3 Darklings","floor":35,"turns":2},{"damage":5,"enemies":"3 Shapes","floor":36,"turns":3},{"damage":20,"enemies":"Maw","floor":37,"turns":5},{"damage":9,"enemies":"3 Darklings","floor":39,"turns":3},{"damage":5,"enemies":"Giant Head","floor":41,"turns":6},{"damage":0,"enemies":"Sphere and 2 Shapes","floor":47,"turns":4},{"damage":2,"enemies":"Awakened One","floor":50,"turns":8}],"event_choices":[{"event_name":"The Cleric","player_choice":"Card Removal","floor":2,"damage_taken":0},{"event_name":"Knowing Skull","player_choice":"GOLD ","floor":24,"damage_taken":0},{"event_name":"Transmorgrifier","player_choice":"Transform","floor":28,"damage_taken":0},{"event_name":"Accursed Blacksmith","player_choice":"Forge","floor":29,"damage_taken":0},{"event_name":"SensoryStone","player_choice":"Memory 1","floor":44,"damage_taken":0},{"event_name":"Winding Halls","player_choice":"Writhe","floor":45,"damage_taken":0}],"boss_relics":[{"not_picked":["Velvet Choker","Sozu"],"picked":"Pandora\u0027s Box"},{"not_picked":["Black Star","White Beast Statue"],"picked":"Calling Bell"}],"potions_floor_spawned":[1,3,8,11,13,16,19,30,33,37,39,47],"seed_played":"-7038820787724177597","ascension_level":0,"is_trial":false}