{"gold_per_floor":[216,226,245,420,495,495,512,526,552,586,600,617,617,119,119,219,219,219],"floor_reached":18,"playtime":1044,"items_purged":["Doubt"],"score":213,"play_id":"39ddf768-9815-40ca-aaba-07a3e8d3e295","local_time":"20190206221537","is_ascension_mode":true,"campfire_choices":[{"floor":6,"key":"RECALL"},{"floor":13,"key":"REST"},{"data":"Neutralize","floor":15,"key":"SMITH"}],"neow_cost":"NONE","seed_source_timestamp":3144700290639,"circlet_count":0,"master_deck":["Defend_G","Defend_G","Defend_G","Defend_G","Defend_G","Strike_G","Strike_G","Strike_G","Strike_G","Strike_G","Survivor","Neutralize+1","Deadly Poison","Footwork","Deadly Poison","Footwork","Tools of the Trade","Noxious Fumes","Envenom"],"relics":["Ring of the Snake","Lantern","Ancient Tea Set","Incense Burner","Tiny Chest","HoveringKite"],"potions_floor_usage":[10,10,16,16],"damage_taken":[{"damage":0,"enemies":"Cultist","floor":1,"turns":5},{"damage":2,"enemies":"2 Louse","floor":2,"turns":3},{"damage":0,"enemies":"Jaw Worm","floor":3,"turns":4},{"damage":31,"enemies":"Large Slime","floor":7,"turns":9},{"damage":8,"enemies":"2 Fungi Beasts","floor":8,"turns":4},{"damage":4,"enemies":"Gremlin Nob","floor":10,"turns":5},{"damage":0,"enemies":"Blue Slaver","floor":11,"turns":5},{"damage":1,"enemies":"Large Slime","floor":12,"turns":7},{"damage":18,"enemies":"Slime Boss","floor":16,"turns":13},{"damage":21,"enemies":"3 Byrds","floor":18,"turns":3}],"seed_played":"-6662353217156689373","potions_obtained":[{"floor":1,"key":"Dexterity Potion"},{"floor":2,"key":"Strength Potion"},{"floor":11,"key":"GhostInAJar"},{"floor":12,"key":"PowerPotion"}],"is_trial":false,"path_per_floor":["M","M","M","?","?","R","M","M","T","E","M","M","R","$","R","B",null,"M"],"character_chosen":"THE_SILENT","items_purchased":["Incense Burner","Tiny Chest"],"campfire_rested":1,"item_purchase_floors":[14,14],"current_hp_per_floor":[63,61,61,61,50,50,19,11,11,7,7,6,27,27,27,9,55,34],"gold":219,"neow_bonus":"HUNDRED_GOLD","is_prod":false,"is_daily":false,"chose_seed":false,"campfire_upgraded":1,"win_rate":0,"timestamp":1549520137,"path_taken":["M","?","?","?","?","R","M","M","T","E","M","M","R","$","R","BOSS","M"],"build_version":"2019-01-23","purchased_purges":1,"victory":false,"max_hp_per_floor":[70,70,70,70,70,70,70,70,70,70,70,70,70,70,70,70,70,70],"card_choices":[{"not_picked":["Skewer","Prepared"],"picked":"Deadly Poison","floor":1},{"not_picked":["Acrobatics","Quick Slash"],"picked":"Footwork","floor":2},{"not_picked":["All Out Attack","Prepared"],"picked":"Deadly Poison","floor":3},{"not_picked":["Poisoned Stab","Blade Dance"],"picked":"Footwork","floor":7},{"not_picked":["Bane","Masterful Stab"],"picked":"Tools of the Trade","floor":8},{"not_picked":["Quick Slash","Tools of the Trade","Outmaneuver"],"picked":"SKIP","floor":10},{"not_picked":["Prepared","Footwork"],"picked":"Noxious Fumes","floor":11},{"not_picked":["Underhanded Strike","Blade Dance","Eviscerate"],"picked":"SKIP","floor":12},{"not_picked":["Wraith Form v2","Unload"],"picked":"Envenom","floor":16}],"player_experience":283414,"relics_obtained":[{"floor":9,"key":"Lantern"},{"floor":10,"key":"Ancient Tea Set"}],"event_choices":[{"damage_healed":0,"gold_gain":175,"player_choice":"AGREE","damage_taken":0,"max_hp_gain":0,"max_hp_loss":0,"event_name":"Liars Game","floor":4,"gold_loss":0,"cards_obtained":["Doubt"]},{"damage_healed":0,"gold_gain":75,"player_choice":"Gather Gold","damage_taken":11,"max_hp_gain":0,"max_hp_loss":0,"event_name":"World of Goop","floor":5,"gold_loss":0}],"is_beta":false,"boss_relics":[{"not_picked":["Runic Pyramid","WristBlade"],"picked":"HoveringKite"}],"items_purged_floors":[14],"is_endless":false,"potions_floor_spawned":[1,2,11,12],"killed_by":"3 Byrds","ascension_level":6}