{"gold_per_floor":[117,127,127,142,92,92,112,112,160,175,175,191,203,203,203,203],"floor_reached":16,"playtime":361,"items_purged":[],"score":94,"play_id":"3de4903c-c8ba-4845-b5bd-8957a79b9de8","local_time":"20190301190637","is_ascension_mode":false,"campfire_choices":[{"data":"Zap","floor":6,"key":"SMITH"},{"floor":11,"key":"REST"},{"data":"Scrape","floor":15,"key":"SMITH"}],"neow_cost":"NONE","seed_source_timestamp":101636086121739,"circlet_count":0,"master_deck":["Strike_B","Strike_B","Strike_B","Defend_B","Defend_B","Defend_B","Zap+1","Dualcast","Coolheaded","Scrape+1","Streamline","Skim","Darkness","Consume","Rebound","Chill"],"relics":["White Beast Statue","Strawberry","Omamori"],"potions_floor_usage":[7,16,16],"damage_taken":[{"damage":6,"enemies":"Cultist","floor":1,"turns":3},{"damage":0,"enemies":"Small Slimes","floor":2,"turns":4},{"damage":17,"enemies":"2 Louse","floor":4,"turns":4},{"damage":13,"enemies":"Lots of Slimes","floor":7,"turns":3},{"damage":28,"enemies":"Large Slime","floor":10,"turns":5},{"damage":24,"enemies":"Exordium Wildlife","floor":12,"turns":4},{"damage":9,"enemies":"2 Fungi Beasts","floor":13,"turns":3},{"damage":10,"enemies":"Hexaghost","floor":16,"turns":4}],"seed_played":"7520290808748980097","potions_obtained":[{"floor":1,"key":"Dexterity Potion"},{"floor":2,"key":"Dexterity Potion"},{"floor":4,"key":"AttackPotion"},{"floor":7,"key":"Explosive Potion"}],"is_trial":false,"path_per_floor":["M","M","?","M","?","R","M","?","T","M","R","M","M","?","R","B"],"character_chosen":"DEFECT","items_purchased":[],"campfire_rested":1,"item_purchase_floors":[],"current_hp_per_floor":[69,69,76,59,59,59,46,46,46,18,42,18,9,9,9,0],"gold":203,"neow_bonus":"BOSS_RELIC","is_prod":false,"is_daily":false,"chose_seed":false,"campfire_upgraded":2,"win_rate":0,"timestamp":1551463597,"path_taken":["M","M","?","M","?","R","M","?","T","?","R","M","M","?","R","BOSS"],"build_version":"2019-01-23","purchased_purges":0,"victory":false,"max_hp_per_floor":[75,75,82,82,82,82,82,82,82,82,82,82,82,82,82,82],"card_choices":[{"not_picked":["Go for the Eyes","Hologram"],"picked":"Coolheaded","floor":1},{"not_picked":["Compile Driver","Leap"],"picked":"Scrape","floor":2},{"not_picked":["Stack","Heatsinks"],"picked":"Streamline","floor":4},{"not_picked":["Turbo","Stack"],"picked":"Skim","floor":7},{"not_picked":["Heatsinks","Blizzard"],"picked":"Consume","floor":10},{"not_picked":["Recycle","Loop"],"picked":"Rebound","floor":12},{"not_picked":["Rebound","Compile Driver"],"picked":"Chill","floor":13}],"player_experience":794051,"relics_obtained":[{"floor":9,"key":"Omamori"}],"event_choices":[{"damage_healed":0,"gold_gain":0,"player_choice":"Box","damage_taken":0,"relics_obtained":["Strawberry"],"max_hp_gain":0,"max_hp_loss":0,"event_name":"Big Fish","floor":3,"gold_loss":0,"cards_obtained":["Regret"]},{"cards_removed":["Defend_B"],"damage_healed":0,"gold_gain":0,"player_choice":"Card Removal","damage_taken":0,"max_hp_gain":0,"max_hp_loss":0,"event_name":"The Cleric","floor":5,"gold_loss":50},{"damage_healed":0,"gold_gain":0,"cards_transformed":["Strike_B"],"player_choice":"Transformed","damage_taken":0,"max_hp_gain":0,"max_hp_loss":0,"event_name":"Transmorgrifier","floor":8,"gold_loss":0,"cards_obtained":["Darkness"]},{"cards_removed":["Regret"],"damage_healed":0,"gold_gain":0,"player_choice":"Purged","damage_taken":0,"max_hp_gain":0,"max_hp_loss":0,"event_name":"Purifier","floor":14,"gold_loss":0}],"is_beta":false,"boss_relics":[],"items_purged_floors":[],"is_endless":false,"potions_floor_spawned":[1,2,4,7,10,12,13],"killed_by":"Hexaghost","ascension_level":0}