{"gold_per_floor":[113,113,113,113,134,134,175,175,198,213,227,227,34,57,57,186,249,265,151,185,185,199,199],"floor_reached":23,"playtime":1056,"items_purged":[],"score":302,"play_id":"4ca7ef9e-cc1b-436a-9ee6-d6142156c2ad","local_time":"20190219085858","is_ascension_mode":true,"campfire_choices":[{"data":"Armaments","floor":6.0,"key":"SMITH"},{"data":"Body Slam","floor":8.0,"key":"SMITH"},{"data":"Corruption","floor":12.0,"key":"SMITH"},{"floor":15.0,"key":"REST"}],"neow_cost":"TEN_PERCENT_HP_LOSS","seed_source_timestamp":0,"circlet_count":0,"master_deck":["AscendersBane","Strike_R","Strike_R","Strike_R","Strike_R","Strike_R","Defend_R","Defend_R","Defend_R","Defend_R","Bash","Armaments+1","Iron Wave","Body Slam+1","Corruption+1","Body Slam+1","Feed+1","Metallicize","Impervious","Disarm","Entrench","Whirlwind","Flame Barrier"],"special_seed":0,"relics":["Burning Blood","Prayer Wheel","Oddly Smooth Stone","Golden Idol","Du-Vu Doll","Boot","Strange Spoon","Tiny House","Red Mask"],"potions_floor_usage":[20,20],"damage_taken":[{"damage":0.0,"enemies":"2 Louse","floor":1.0,"turns":3.0},{"damage":4.0,"enemies":"Small Slimes","floor":5.0,"turns":4.0},{"damage":37.0,"enemies":"Lagavulin","floor":7.0,"turns":7.0},{"damage":0.0,"enemies":"Cultist","floor":10.0,"turns":3.0},{"damage":4.0,"enemies":"Gremlin Gang","floor":11.0,"turns":5.0},{"damage":20.0,"enemies":"Lots of Slimes","floor":14.0,"turns":5.0},{"damage":36.0,"enemies":"The Guardian","floor":16.0,"turns":12.0},{"damage":17.0,"enemies":"2 Thieves","floor":18.0,"turns":5.0},{"damage":57,"enemies":"Masked Bandits","floor":20,"turns":8},{"damage":17,"enemies":"Spheric Guardian","floor":22,"turns":6},{"damage":13,"enemies":"Gremlin Leader","floor":23,"turns":4}],"seed_played":"7284863761173978806","potions_obtained":[{"floor":10.0,"key":"Poison Potion"},{"floor":14.0,"key":"PowerPotion"},{"floor":16.0,"key":"BloodPotion"},{"floor":17.0,"key":"BloodPotion"},{"floor":18.0,"key":"Ancient Potion"}],"is_trial":false,"path_per_floor":["M","?","?","?","M","R","E","R","T","M","M","R","$","M","R","B",null,"M","$","?","?","M","E"],"character_chosen":"IRONCLAD","items_purchased":["Strange Spoon","Entrench","Whirlwind"],"campfire_rested":1,"item_purchase_floors":[13,19,19],"current_hp_per_floor":[72,72,54,54,56,56,25,25,25,31,33,33,33,19,40,10,62,62,62,23,23,16,3],"gold":199,"neow_bonus":"ONE_RARE_RELIC","is_prod":false,"is_daily":false,"chose_seed":false,"campfire_upgraded":3,"win_rate":0,"timestamp":1550595538,"path_taken":["M","?","?","?","M","R","E","R","T","M","M","R","$","M","R","BOSS","M","$","?","?","?","E"],"build_version":"2019-01-23","purchased_purges":0,"victory":false,"max_hp_per_floor":[72,72,72,72,72,72,72,72,72,72,72,72,72,72,72,72,77,81,81,85,85,89,89],"card_choices":[{"not_picked":["Thunderclap","Carnage"],"picked":"Armaments","floor":1.0},{"not_picked":["Perfected Strike","Clash"],"picked":"Iron Wave","floor":1.0},{"not_picked":["Pommel Strike","Armaments","Havoc"],"picked":"SKIP","floor":5.0},{"not_picked":["Dual Wield","Armaments","Thunderclap"],"picked":"SKIP","floor":5.0},{"not_picked":["Headbutt","Clothesline"],"picked":"Body Slam","floor":7.0},{"not_picked":["Warcry","Metallicize"],"picked":"Corruption","floor":10.0},{"not_picked":["Iron Wave","Wild Strike","Flex"],"picked":"SKIP","floor":10.0},{"not_picked":["Perfected Strike","Wild Strike"],"picked":"Body Slam","floor":11.0},{"not_picked":["Exhume","Armaments","Twin Strike"],"picked":"SKIP","floor":11.0},{"not_picked":["Thunderclap","Clothesline"],"picked":"Feed","floor":14.0},{"not_picked":["Heavy Blade","Thunderclap"],"picked":"Metallicize","floor":14.0},{"not_picked":["Juggernaut","Berserk"],"picked":"Impervious","floor":16.0},{"not_picked":["Twin Strike","Cleave"],"picked":"Disarm","floor":18.0},{"not_picked":["Anger","Armaments","Heavy Blade"],"picked":"SKIP","floor":18.0},{"not_picked":["Wild Strike+1","Headbutt"],"picked":"Flame Barrier","floor":22},{"not_picked":["Armaments","Infernal Blade","Impervious"],"picked":"SKIP","floor":22}],"player_experience":434611,"relics_obtained":[{"floor":7.0,"key":"Du-Vu Doll"},{"floor":9.0,"key":"Boot"},{"floor":20,"key":"Red Mask"}],"event_choices":[{"damage_healed":0.0,"max_hp_gain":0.0,"max_hp_loss":0.0,"gold_gain":0.0,"event_name":"Big Fish","player_choice":"Box","floor":2.0,"gold_loss":0.0,"damage_taken":0.0,"relics_obtained":["Oddly Smooth Stone"],"cards_obtained":["Regret"]},{"damage_healed":0.0,"max_hp_gain":0.0,"max_hp_loss":0.0,"gold_gain":0.0,"event_name":"Golden Idol","player_choice":"Take Damage","floor":3.0,"gold_loss":0.0,"damage_taken":18.0,"relics_obtained":["Golden Idol"]},{"cards_removed":["Regret"],"damage_healed":0.0,"max_hp_gain":0.0,"max_hp_loss":0.0,"gold_gain":0.0,"event_name":"Living Wall","player_choice":"Forget","floor":4.0,"gold_loss":0.0,"damage_taken":0.0},{"damage_healed":0,"gold_gain":0,"player_choice":"Fought Bandits","damage_taken":0,"max_hp_gain":0,"max_hp_loss":0,"event_name":"Masked Bandits","floor":20,"gold_loss":0},{"damage_healed":0,"gold_gain":0,"player_choice":"Upgraded","damage_taken":0,"max_hp_gain":0,"max_hp_loss":0,"event_name":"Upgrade Shrine","floor":21,"gold_loss":0,"cards_upgraded":["Body Slam"]}],"is_beta":false,"boss_relics":[{"not_picked":["Astrolabe","Empty Cage"],"picked":"Tiny House"}],"items_purged_floors":[],"is_endless":false,"potions_floor_spawned":[10,14,16,18],"killed_by":"Gremlin Leader","ascension_level":12}