{"gold_per_floor":[114,129,129,304,56,91,121,121,121,21,41,41,61,76,76,76],"floor_reached":16,"playtime":488,"items_purged":["Doubt","Strike_B"],"score":130,"play_id":"f0c33acf-eb6b-48f8-9df3-38fafdbda7b3","local_time":"20190113100646","is_ascension_mode":true,"campfire_choices":[{"floor":8,"key":"REST"},{"floor":15,"key":"REST"}],"neow_cost":"TEN_PERCENT_HP_LOSS","seed_source_timestamp":317504708094395,"circlet_count":0,"master_deck":["Strike_B","Defend_B","Defend_B","Defend_B","Defend_B","Zap+1","Dualcast","Auto Shields","Compile Driver","Consume+1","Fusion","Apotheosis","Turbo"],"relics":["Cracked Core","Shuriken","Sundial","Gremlin Horn"],"potions_floor_usage":[16],"damage_taken":[{"damage":0,"enemies":"Cultist","floor":1,"turns":4},{"damage":12,"enemies":"Jaw Worm","floor":2,"turns":4},{"damage":37,"enemies":"3 Sentries","floor":6,"turns":8},{"damage":0,"enemies":"Small Slimes","floor":11,"turns":3},{"damage":5,"enemies":"3 Louse","floor":13,"turns":3},{"damage":4,"enemies":"Red Slaver","floor":14,"turns":4},{"damage":36,"enemies":"Hexaghost","floor":16,"turns":9}],"seed_played":"-4705060884275773696","potions_obtained":[{"floor":1,"key":"SteroidPotion"},{"floor":2,"key":"FocusPotion"}],"is_trial":false,"path_per_floor":["M","M","?","?","$","E","?","R","T","$","M","?","M","M","R","B"],"character_chosen":"DEFECT","items_purchased":["Apotheosis"],"campfire_rested":2,"item_purchase_floors":[5],"current_hp_per_floor":[68,56,42,42,42,5,5,25,25,25,25,25,20,16,36,0],"gold":76,"neow_bonus":"TRANSFORM_TWO_CARDS","is_prod":false,"is_daily":false,"chose_seed":false,"campfire_upgraded":0,"win_rate":0,"timestamp":1547392006,"path_taken":["M","?","?","?","$","E","?","R","T","$","M","?","M","M","R","BOSS"],"build_version":"2019-01-10","purchased_purges":2,"victory":false,"max_hp_per_floor":[68,68,68,68,68,68,68,68,68,68,68,68,68,68,68,68],"card_choices":[{"not_picked":["Steam","Streamline"],"picked":"Consume","floor":1},{"not_picked":["Force Field","Go for the Eyes"],"picked":"Fusion","floor":2},{"not_picked":["Consume","Barrage"],"picked":"Turbo","floor":6},{"not_picked":["Reinforced Body","Melter"],"picked":"Darkness","floor":11},{"not_picked":["Reprogram","Force Field","Chill"],"picked":"SKIP","floor":13},{"not_picked":["Chill","Heatsinks","Streamline"],"picked":"SKIP","floor":14}],"player_experience":370584,"relics_obtained":[{"floor":6,"key":"Shuriken"},{"floor":9,"key":"Sundial"}],"event_choices":[{"damage_healed":0,"gold_gain":0,"player_choice":"Entered Light","damage_taken":14,"max_hp_gain":0,"max_hp_loss":0,"event_name":"Shining Light","floor":3,"gold_loss":0,"cards_upgraded":["Consume","Zap"]},{"damage_healed":0,"gold_gain":175,"player_choice":"AGREE","damage_taken":0,"max_hp_gain":0,"max_hp_loss":0,"event_name":"Liars Game","floor":4,"gold_loss":0,"cards_obtained":["Doubt"]},{"damage_healed":0,"gold_gain":30,"player_choice":"Searched \u00271\u0027 times","damage_taken":0,"max_hp_gain":0,"max_hp_loss":0,"event_name":"Dead Adventurer","floor":7,"gold_loss":0},{"cards_removed":["Darkness"],"damage_healed":0,"gold_gain":0,"player_choice":"Gave Card","damage_taken":0,"relics_obtained":["Gremlin Horn"],"max_hp_gain":0,"max_hp_loss":0,"event_name":"WeMeetAgain","floor":12,"gold_loss":0}],"is_beta":false,"boss_relics":[],"items_purged_floors":[5,10],"is_endless":false,"potions_floor_spawned":[1,2],"killed_by":"Hexaghost","ascension_level":6}