{"gold_per_floor":[114,132,143,160,171,202,202,15,15,15,26,26,42,52,52,151,151,168,168,184,204,204,204],"floor_reached":23,"playtime":1410,"items_purged":["Strike_G"],"score":197,"play_id":"4bb37ec4-6513-46bb-8407-358aa0cbdf56","local_time":"20190102185804","is_ascension_mode":false,"campfire_choices":[{"floor":7,"key":"REST"},{"floor":10,"key":"REST"},{"data":"Terror","floor":15,"key":"SMITH"}],"neow_cost":"NONE","seed_source_timestamp":12245288215339,"circlet_count":0,"master_deck":["Defend_G","Defend_G","Defend_G","Defend_G","Strike_G","Strike_G","Strike_G","Strike_G","Survivor","Neutralize","Dagger Spray","Blur","Blade Dance","Calculated Gamble","Dash","Choke","Terror+1","Footwork","Terror","PiercingWail","Deflect","Deflect","Storm of Steel+1","Backflip","Deflect+1","Accuracy+1"],"relics":["Ring of the Snake","Lantern","Question Card","Busted Crown"],"potions_floor_usage":[16,23,23,23],"damage_taken":[{"damage":0,"enemies":"Small Slimes","floor":1,"turns":5},{"damage":1,"enemies":"Jaw Worm","floor":2,"turns":4},{"damage":1,"enemies":"Cultist","floor":3,"turns":4},{"damage":2,"enemies":"Large Slime","floor":4,"turns":7},{"damage":2,"enemies":"2 Fungi Beasts","floor":5,"turns":4},{"damage":28,"enemies":"3 Sentries","floor":6,"turns":10},{"damage":0,"enemies":"Blue Slaver","floor":11,"turns":4},{"damage":1,"enemies":"Exordium Wildlife","floor":13,"turns":6},{"damage":0,"enemies":"Red Slaver","floor":14,"turns":3},{"damage":36,"enemies":"Hexaghost","floor":16,"turns":13},{"damage":7,"enemies":"Shell Parasite","floor":18,"turns":6},{"damage":25,"enemies":"Chosen","floor":20,"turns":8},{"damage":0,"enemies":"Snake Plant","floor":21,"turns":4},{"damage":22,"enemies":"Colosseum Slavers","floor":22,"turns":5},{"damage":22,"enemies":"Gremlin Leader","floor":23,"turns":4}],"seed_played":"-3784986955076809234","potions_obtained":[{"floor":1,"key":"Poison Potion"},{"floor":3,"key":"Fire Potion"},{"floor":11,"key":"EssenceOfSteel"},{"floor":16,"key":"Dexterity Potion"},{"floor":20,"key":"Block Potion"}],"is_trial":false,"path_per_floor":["M","M","M","M","M","E","R","$","T","R","M","?","M","M","R","B",null,"M","?","M","M","?","E"],"character_chosen":"THE_SILENT","items_purchased":["Footwork","Terror"],"campfire_rested":2,"item_purchase_floors":[8,8],"current_hp_per_floor":[70,69,68,66,64,36,57,57,57,70,70,70,69,69,69,33,70,63,63,38,38,16,0],"gold":204,"neow_bonus":"TRANSFORM_CARD","is_prod":false,"is_daily":false,"chose_seed":false,"campfire_upgraded":1,"win_rate":0.0,"timestamp":1546423084,"path_taken":["M","M","M","M","M","E","R","$","T","R","M","?","M","M","R","BOSS","M","?","M","?","?","E"],"build_version":"2018-12-20","purchased_purges":1,"victory":false,"max_hp_per_floor":[70,70,70,70,70,70,70,70,70,70,70,70,70,70,70,70,70,70,70,70,70,70,70],"card_choices":[{"not_picked":["Reflex","Calculated Gamble"],"picked":"Blur","floor":1},{"not_picked":["Dodge and Roll","Acrobatics"],"picked":"Blade Dance","floor":2},{"not_picked":["Deadly Poison","Underhanded Strike"],"picked":"Calculated Gamble","floor":3},{"not_picked":["Prepared","All Out Attack"],"picked":"Dash","floor":4},{"not_picked":["Predator","Heel Hook"],"picked":"Choke","floor":5},{"not_picked":["Flying Knee","Backflip"],"picked":"Terror","floor":6},{"not_picked":["Eviscerate","Sucker Punch","Footwork"],"picked":"PiercingWail","floor":11},{"not_picked":["Wraith Form v2","Dodge and Roll","Backflip"],"picked":"Deflect","floor":13},{"not_picked":["Dagger Throw","Dagger Spray","Well Laid Plans"],"picked":"Deflect","floor":14},{"not_picked":["Envenom","Glass Knife","Venomology"],"picked":"Storm of Steel","floor":16},{"not_picked":["Distraction+1"],"picked":"Backflip","floor":18},{"not_picked":["Underhanded Strike"],"picked":"Deflect+1","floor":20},{"not_picked":["Dodge and Roll"],"picked":"Accuracy+1","floor":21}],"player_experience":47337,"relics_obtained":[{"floor":6,"key":"Lantern"},{"floor":9,"key":"Question Card"}],"event_choices":[{"damage_healed":0,"gold_gain":0,"player_choice":"Leave","damage_taken":0,"max_hp_gain":0,"max_hp_loss":0,"event_name":"The Cleric","floor":12,"gold_loss":0},{"damage_healed":0,"gold_gain":0,"player_choice":"Forge","damage_taken":0,"max_hp_gain":0,"max_hp_loss":0,"event_name":"Accursed Blacksmith","floor":19,"gold_loss":0,"cards_upgraded":["Storm of Steel"]},{"damage_healed":0,"gold_gain":0,"player_choice":"Fight","damage_taken":0,"max_hp_gain":0,"max_hp_loss":0,"event_name":"Colosseum","floor":22,"gold_loss":0},{"damage_healed":0,"gold_gain":0,"player_choice":"Fled From Nobs","damage_taken":0,"max_hp_gain":0,"max_hp_loss":0,"event_name":"Colosseum","floor":22,"gold_loss":0}],"is_beta":false,"boss_relics":[{"not_picked":["Astrolabe","Runic Pyramid"],"picked":"Busted Crown"}],"items_purged_floors":[8],"is_endless":false,"potions_floor_spawned":[1,3,11,13,16,20,21,22],"killed_by":"Gremlin Leader","ascension_level":0}