{"gold_per_floor":[113,127,144,156,156,156,190,190,190,223,223,243,281,281],"floor_reached":14,"playtime":946,"items_purged":[],"score":127,"play_id":"a0a63050-5762-4cc3-be8e-41a1ba30d67f","local_time":"20181020093037","is_ascension_mode":true,"campfire_choices":[{"data":"Heavy Blade","floor":6,"key":"SMITH"},{"data":"Spot Weakness","floor":8,"key":"SMITH"}],"neow_cost":"CURSE","seed_source_timestamp":401880069463905,"circlet_count":0,"master_deck":["Strike_R","Strike_R","Strike_R","Strike_R","Strike_R","Defend_R","Defend_R","Defend_R","Defend_R","Bash","PanicButton","Good Instincts","Writhe","Heavy Blade+1","Thunderclap","Bloodletting","Spot Weakness+1","Injury","Reaper+1","Berserk+1","Sword Boomerang"],"relics":["Burning Blood","Golden Idol","Blue Candle","Frozen Egg 2","Pen Nib","Champion Belt"],"potions_floor_usage":[2,7,10,12,13,14],"damage_taken":[{"damage":12,"enemies":"Jaw Worm","floor":1,"turns":4},{"damage":0,"enemies":"2 Louse","floor":2,"turns":3},{"damage":0,"enemies":"Small Slimes","floor":3,"turns":3},{"damage":7,"enemies":"Exordium Wildlife","floor":4,"turns":3},{"damage":50,"enemies":"Lagavulin","floor":7,"turns":8},{"damage":28,"enemies":"3 Sentries","floor":10,"turns":7},{"damage":9,"enemies":"Exordium Thugs","floor":12,"turns":5},{"damage":30,"enemies":"Gremlin Nob","floor":13,"turns":5},{"damage":7,"enemies":"Blue Slaver","floor":14,"turns":3}],"seed_played":"3317972717420603417","potions_obtained":[{"floor":1,"key":"EntropicBrew"},{"floor":10,"key":"Block Potion"},{"floor":12,"key":"Ancient Potion"},{"floor":13,"key":"Swift Potion"}],"is_trial":false,"path_per_floor":["M","M","M","M","?","R","E","R","T","E","?","M","E"],"character_chosen":"IRONCLAD","items_purchased":[],"campfire_rested":0,"item_purchase_floors":[],"current_hp_per_floor":[74,80,80,79,79,79,35,35,35,29,29,26,7,0],"gold":281,"neow_bonus":"RANDOM_COLORLESS_2","is_prod":false,"is_daily":false,"chose_seed":false,"campfire_upgraded":2,"win_rate":0,"timestamp":1540042237,"path_taken":["M","M","M","M","?","R","E","R","T","E","?","M","E","M"],"build_version":"2018-10-18","purchased_purges":0,"victory":false,"max_hp_per_floor":[80,80,80,80,80,80,80,80,80,80,80,80,80,80],"card_choices":[{"not_picked":["Thunderclap","Clothesline"],"picked":"Heavy Blade","floor":1},{"not_picked":["Headbutt","Twin Strike"],"picked":"Thunderclap","floor":2},{"not_picked":["Armaments","Thunderclap"],"picked":"Bloodletting","floor":3},{"not_picked":["Havoc","Dropkick"],"picked":"Spot Weakness","floor":4},{"not_picked":["Warcry","Body Slam"],"picked":"Reaper","floor":7},{"not_picked":["Intimidate","Second Wind"],"picked":"Berserk+1","floor":10},{"not_picked":["Reckless Charge","Havoc","Pommel Strike"],"picked":"SKIP","floor":12},{"not_picked":["Feel No Pain+1","Seeing Red"],"picked":"Sword Boomerang","floor":13}],"player_experience":194836,"relics_obtained":[{"floor":7,"key":"Blue Candle"},{"floor":9,"key":"Frozen Egg 2"},{"floor":10,"key":"Pen Nib"},{"floor":13,"key":"Champion Belt"}],"event_choices":[{"damage_healed":0,"gold_gain":0,"player_choice":"Take Wound","damage_taken":0,"relics_obtained":["Golden Idol"],"max_hp_gain":0,"max_hp_loss":0,"event_name":"Golden Idol","floor":5,"gold_loss":0,"cards_obtained":["Injury"]},{"damage_healed":0,"gold_gain":0,"player_choice":"Grow","damage_taken":0,"max_hp_gain":0,"max_hp_loss":0,"event_name":"Living Wall","floor":11,"gold_loss":0,"cards_upgraded":["Reaper"]}],"is_beta":false,"boss_relics":[],"items_purged_floors":[],"is_endless":false,"potions_floor_spawned":[1,10,12,13],"killed_by":"Blue Slaver","ascension_level":3}