{"gold_per_floor":[117,117,129,129,140,140,157,187,187,187,197,272,284,303,303,408,408,422,3,3,3,13,13,13,47,47,146,166,166,66,86,86,184,184,203,217,16,30,50,79,79,79,79,79,79,113,113,129,129,129],"floor_reached":51,"playtime":2062,"items_purged":["Strike_G","Strike_G","Writhe"],"score":777,"play_id":"e0e35993-661f-499e-b3aa-f8acf29c4fc7","local_time":"20190305190829","is_ascension_mode":false,"campfire_choices":[{"data":"Neutralize","floor":6,"key":"SMITH"},{"data":"Crippling Poison","floor":10,"key":"SMITH"},{"floor":15,"key":"REST"},{"data":"Apotheosis","floor":23,"key":"SMITH"},{"data":"Envenom","floor":29,"key":"SMITH"},{"floor":32,"key":"DIG"},{"data":"Catalyst","floor":41,"key":"SMITH"},{"floor":45,"key":"DIG"},{"floor":49,"key":"REST"}],"neow_cost":"NONE","seed_source_timestamp":694407671900583,"circlet_count":0,"master_deck":["Defend_G","Defend_G+1","Defend_G","Defend_G","Defend_G","Strike_G+1","Survivor","Neutralize+1","Bouncing Flask+1","Leg Sweep","Prepared","Envenom+1","Crippling Poison+1","Heel Hook","Poisoned Stab","Adrenaline","Envenom","Blade Dance+1","Apotheosis+1","Catalyst+1","Escape Plan","Bane+1","Poisoned Stab","Footwork+1","Deflect+1","Clumsy"],"relics":["Ring of the Snake","Pen Nib","Gremlin Horn","Shovel","Busted Crown","Snake Skull","Mango","Unceasing Top","Blood Vial","Frozen Egg 2","Cursed Key","Potion Belt","Question Card","Sundial","Letter Opener"],"potions_floor_usage":[8,8,25,46,50,50,50],"damage_taken":[{"damage":0,"enemies":"2 Louse","floor":1,"turns":3},{"damage":0,"enemies":"Jaw Worm","floor":3,"turns":3},{"damage":0,"enemies":"Small Slimes","floor":5,"turns":2},{"damage":0,"enemies":"Looter","floor":7,"turns":3},{"damage":8,"enemies":"Gremlin Nob","floor":8,"turns":5},{"damage":4,"enemies":"Blue Slaver","floor":11,"turns":3},{"damage":3,"enemies":"Red Slaver","floor":13,"turns":4},{"damage":3,"enemies":"Large Slime","floor":14,"turns":6},{"damage":20,"enemies":"Slime Boss","floor":16,"turns":10},{"damage":0,"enemies":"Spheric Guardian","floor":18,"turns":3},{"damage":0,"enemies":"Chosen","floor":22,"turns":3},{"damage":13,"enemies":"Slavers","floor":25,"turns":5},{"damage":9,"enemies":"Snake Plant","floor":28,"turns":3},{"damage":6,"enemies":"Cultist and Chosen","floor":31,"turns":3},{"damage":36,"enemies":"Automaton","floor":33,"turns":7},{"damage":5,"enemies":"Orb Walker","floor":35,"turns":3},{"damage":0,"enemies":"3 Shapes","floor":36,"turns":4},{"damage":0,"enemies":"Transient","floor":38,"turns":5},{"damage":13,"enemies":"Writhing Mass","floor":39,"turns":4},{"damage":0,"enemies":"Giant Head","floor":40,"turns":4},{"damage":6,"enemies":"Nemesis","floor":46,"turns":5},{"damage":18,"enemies":"4 Shapes","floor":48,"turns":4},{"damage":55,"enemies":"Time Eater","floor":50,"turns":6}],"seed_played":"5428857101928300768","potions_obtained":[{"floor":1,"key":"Dexterity Potion"},{"floor":5,"key":"Regen Potion"},{"floor":11,"key":"GhostInAJar"},{"floor":13,"key":"FearPotion"},{"floor":28,"key":"Ancient Potion"},{"floor":35,"key":"SkillPotion"},{"floor":39,"key":"GamblersBrew"},{"floor":48,"key":"Explosive Potion"}],"is_trial":false,"path_per_floor":["M","?","M","?","M","R","M","E","T","R","M","?","M","M","R","B",null,"M","$","?","?","M","R","?","E","T","?","M","R","$","M","R","B",null,"M","M","$","M","M","E","R","?","T","?","R","E","?","M","R","B",null],"character_chosen":"THE_SILENT","items_purchased":["Apotheosis","Snake Skull","Footwork+1"],"campfire_rested":2,"item_purchase_floors":[19,19,37],"current_hp_per_floor":[70,56,56,56,56,56,56,62,62,62,58,47,44,41,62,42,70,70,70,70,70,70,70,84,71,71,71,64,64,64,60,60,26,84,79,81,81,83,71,73,73,73,73,73,73,69,69,53,77,24],"gold":129,"neow_bonus":"RANDOM_COMMON_RELIC","is_prod":false,"is_daily":false,"chose_seed":false,"campfire_upgraded":5,"win_rate":0,"timestamp":1551812909,"path_taken":["M","?","M","?","M","R","M","E","T","R","M","?","M","M","R","BOSS","M","$","?","?","?","R","?","E","T","?","M","R","?","M","R","BOSS","M","M","$","?","M","E","R","?","T","?","R","E","?","M","R","BOSS"],"build_version":"2019-01-23","purchased_purges":3,"victory":true,"max_hp_per_floor":[70,70,70,70,70,70,70,70,70,70,70,70,70,70,70,70,70,70,70,70,70,70,70,84,84,84,84,84,84,84,84,84,84,84,84,84,84,84,84,84,84,84,84,80,80,80,80,80,80,80],"card_choices":[{"not_picked":["Tactician","Calculated Gamble"],"picked":"Bouncing Flask","floor":1},{"not_picked":["Backflip","Expertise"],"picked":"Leg Sweep","floor":3},{"not_picked":["Eviscerate","Deflect"],"picked":"Prepared","floor":5},{"not_picked":["Terror","PiercingWail"],"picked":"Envenom","floor":7},{"not_picked":["Riddle With Holes","Sucker Punch"],"picked":"Crippling Poison","floor":8},{"not_picked":["Dodge and Roll","Quick Slash"],"picked":"Heel Hook","floor":11},{"not_picked":["Sucker Punch","Masterful Stab"],"picked":"Poisoned Stab","floor":13},{"not_picked":["Eviscerate","Escape Plan"],"picked":"Adrenaline","floor":14},{"not_picked":["Glass Knife","After Image"],"picked":"Envenom","floor":16},{"not_picked":[],"picked":"Blade Dance+1","floor":18},{"not_picked":["Underhanded Strike"],"picked":"SKIP","floor":22},{"not_picked":["Underhanded Strike"],"picked":"SKIP","floor":25},{"not_picked":[],"picked":"Bane+1","floor":28},{"not_picked":["Slice"],"picked":"SKIP","floor":31},{"not_picked":["Expertise+1"],"picked":"SKIP","floor":35},{"not_picked":[],"picked":"Poisoned Stab","floor":36},{"not_picked":["Bane"],"picked":"SKIP","floor":38},{"not_picked":["Outmaneuver"],"picked":"SKIP","floor":39},{"not_picked":[],"picked":"Deflect+1","floor":40},{"not_picked":["Deadly Poison","Slice+1"],"picked":"SKIP","floor":46},{"not_picked":["Slice+1","Sucker Punch"],"picked":"SKIP","floor":48}],"player_experience":63305,"relics_obtained":[{"floor":8,"key":"Gremlin Horn"},{"floor":9,"key":"Shovel"},{"floor":25,"key":"Unceasing Top"},{"floor":26,"key":"Blood Vial"},{"floor":32,"key":"Frozen Egg 2"},{"floor":40,"key":"Potion Belt"},{"floor":43,"key":"Question Card"},{"floor":45,"key":"Sundial"},{"floor":46,"key":"Letter Opener"}],"event_choices":[{"damage_healed":0,"gold_gain":0,"player_choice":"Entered Light","damage_taken":14,"max_hp_gain":0,"max_hp_loss":0,"event_name":"Shining Light","floor":2,"gold_loss":0,"cards_upgraded":["Defend_G","Strike_G"]},{"damage_healed":0,"gold_gain":0,"player_choice":"Grow","damage_taken":0,"max_hp_gain":0,"max_hp_loss":0,"event_name":"Living Wall","floor":4,"gold_loss":0,"cards_upgraded":["Bouncing Flask"]},{"damage_healed":0,"gold_gain":75,"player_choice":"Gather Gold","damage_taken":11,"max_hp_gain":0,"max_hp_loss":0,"event_name":"World of Goop","floor":12,"gold_loss":0},{"damage_healed":0,"gold_gain":0,"player_choice":"Read","damage_taken":0,"max_hp_gain":0,"max_hp_loss":0,"event_name":"The Library","floor":20,"gold_loss":0,"cards_obtained":["Catalyst"]},{"damage_healed":0,"gold_gain":0,"cards_transformed":["Strike_G"],"player_choice":"Transformed","damage_taken":0,"max_hp_gain":0,"max_hp_loss":0,"event_name":"Transmorgrifier","floor":21,"gold_loss":0,"cards_obtained":["Escape Plan"]},{"damage_healed":0,"gold_gain":0,"player_choice":"Opened","damage_taken":0,"relics_obtained":["Mango"],"max_hp_gain":0,"max_hp_loss":0,"event_name":"The Mausoleum","floor":24,"gold_loss":0,"cards_obtained":["Writhe"]},{"damage_healed":0,"gold_gain":99,"player_choice":"Stole From Cult","damage_taken":0,"max_hp_gain":0,"max_hp_loss":0,"event_name":"Nest","floor":27,"gold_loss":0},{"damage_healed":0,"gold_gain":0,"player_choice":"Ignored","damage_taken":0,"max_hp_gain":0,"max_hp_loss":0,"event_name":"Mysterious Sphere","floor":42,"gold_loss":0},{"damage_healed":0,"gold_gain":0,"player_choice":"Max HP","damage_taken":0,"max_hp_gain":0,"max_hp_loss":4,"event_name":"Winding Halls","floor":44,"gold_loss":0},{"cards_removed":["Strike_G"],"damage_healed":0,"gold_gain":0,"player_choice":"Removed Attack","damage_taken":0,"max_hp_gain":0,"max_hp_loss":0,"event_name":"Falling","floor":47,"gold_loss":0}],"is_beta":false,"boss_relics":[{"not_picked":["Eternal Feather","Velvet Choker"],"picked":"Busted Crown"},{"not_picked":["Coffee Dripper","Snecko Eye"],"picked":"Cursed Key"}],"items_purged_floors":[19,30,37],"is_endless":false,"potions_floor_spawned":[1,5,11,13,28,35,38,39,48],"ascension_level":0}