{"gold_per_floor":[113,123,123,133,208,243,243,262,332,349,379,379,379,390,390,492,492,505,505,123,137,137,137,137,147,147,147,7,7,21,39,39,139,189,201,201,76,76],"floor_reached":38,"playtime":1916,"items_purged":["Strike_B","Defend_B","Strike_B"],"score":576,"play_id":"a99a2c71-1d82-4483-9396-3a36d9acdc47","local_time":"20190209113132","is_ascension_mode":true,"campfire_choices":[{"floor":7.0,"key":"REST"},{"floor":13.0,"key":"REST"},{"floor":15.0,"key":"REST"},{"data":"Echo Form","floor":23.0,"key":"SMITH"},{"floor":27.0,"key":"REST"},{"data":"Fission","floor":32.0,"key":"SMITH"}],"neow_cost":"NONE","seed_source_timestamp":398739923425,"circlet_count":0,"master_deck":["AscendersBane","Strike_B+1","Defend_B","Defend_B","Defend_B","Zap","Dualcast","Echo Form+1","Ball Lightning","Static Discharge","Go for the Eyes","Darkness","Turbo","Buffer","Self Repair","Fission+1","Leap","Glacier","Defragment","Leap+1","Fusion+1","Capacitor","FTL","Multi-Cast","Capacitor+1","Creative AI","Barrage+1"],"special_seed":0,"relics":["Cracked Core","Incense Burner","Symbiotic Virus","Anchor","Question Card","Sozu","Orichalcum","Darkstone Periapt","Tiny House"],"potions_floor_usage":[33],"damage_taken":[{"damage":2.0,"enemies":"Jaw Worm","floor":1.0,"turns":3.0},{"damage":0.0,"enemies":"2 Louse","floor":2.0,"turns":2.0},{"damage":0.0,"enemies":"Cultist","floor":4.0,"turns":2.0},{"damage":36.0,"enemies":"Gremlin Nob","floor":6.0,"turns":3.0},{"damage":6.0,"enemies":"Looter","floor":8.0,"turns":3.0},{"damage":9.0,"enemies":"3 Louse","floor":10.0,"turns":3.0},{"damage":20.0,"enemies":"Lagavulin","floor":11.0,"turns":4.0},{"damage":1.0,"enemies":"2 Fungi Beasts","floor":14.0,"turns":3.0},{"damage":40.0,"enemies":"Hexaghost","floor":16.0,"turns":8.0},{"damage":10.0,"enemies":"3 Byrds","floor":18.0,"turns":3.0},{"damage":0.0,"enemies":"Colosseum Slavers","floor":19.0,"turns":1.0},{"damage":15.0,"enemies":"2 Thieves","floor":21.0,"turns":4.0},{"damage":17.0,"enemies":"Snake Plant","floor":25.0,"turns":4.0},{"damage":0.0,"enemies":"Snecko","floor":30.0,"turns":6.0},{"damage":28.0,"enemies":"Centurion and Healer","floor":31.0,"turns":5.0},{"damage":33,"enemies":"Champ","floor":33,"turns":8},{"damage":43,"enemies":"3 Shapes","floor":35,"turns":4},{"damage":30,"enemies":"3 Darklings","floor":38,"turns":2}],"seed_played":"-8052385456546426852","potions_obtained":[{"floor":2.0,"key":"SmokeBomb"},{"floor":4.0,"key":"PowerPotion"},{"floor":6.0,"key":"GamblersBrew"}],"is_trial":false,"path_per_floor":["M","M","?","M","?","E","R","M","T","M","E","T","R","M","R","B",null,"M","?","$","M","?","R","?","M","T","R","$","?","M","M","R","B",null,"M","?","$","M"],"character_chosen":"DEFECT","items_purchased":["Glacier","Defragment","Orichalcum","Capacitor"],"campfire_rested":4,"item_purchase_floors":[20,20,20,28],"current_hp_per_floor":[66,66,66,66,55,19,41,35,35,26,6,6,28,27,49,23,62,59,59,59,44,44,44,44,34,34,56,56,56,70,42,42,16,65,29,29,29,0],"gold":76,"neow_bonus":"ONE_RANDOM_RARE_CARD","is_prod":false,"is_daily":false,"chose_seed":false,"campfire_upgraded":2,"win_rate":0,"timestamp":1549679492,"path_taken":["M","M","?","M","?","E","R","M","T","M","E","?","R","M","R","BOSS","M","?","$","M","?","R","?","M","T","R","$","?","?","M","R","BOSS","M","?","$","M"],"build_version":"2019-01-23","purchased_purges":3,"victory":false,"max_hp_per_floor":[75,75,75,75,75,75,75,75,75,75,75,75,75,75,75,75,75,75,75,75,75,75,75,75,75,75,75,75,75,75,75,75,75,80,80,80,80,80],"card_choices":[{"not_picked":["Steam","Turbo"],"picked":"Ball Lightning","floor":1.0},{"not_picked":["Redo","Coolheaded"],"picked":"Static Discharge","floor":2.0},{"not_picked":["Compile Driver","Chill","Force Field"],"picked":"SKIP","floor":4.0},{"not_picked":["Sweeping Beam","Stack"],"picked":"Go for the Eyes","floor":6.0},{"not_picked":["Coolheaded","Beam Cell"],"picked":"Darkness","floor":8.0},{"not_picked":["Melter","Steam"],"picked":"Turbo","floor":10.0},{"not_picked":["Gash","Melter"],"picked":"Buffer","floor":11.0},{"not_picked":["Doom and Gloom","Sweeping Beam","Cold Snap"],"picked":"Self Repair","floor":14.0},{"not_picked":["Meteor Strike","Thunder Strike","Reboot"],"picked":"Fission","floor":16.0},{"not_picked":["Steam","Redo","Rip and Tear"],"picked":"Leap","floor":18.0},{"not_picked":["Rebound+1","Compile Driver","Ball Lightning"],"picked":"Leap+1","floor":21.0},{"not_picked":["Streamline","Coolheaded","Redo"],"picked":"Fusion+1","floor":25.0},{"not_picked":["Stack","Self Repair","Go for the Eyes+1"],"picked":"Multi-Cast","floor":30.0},{"not_picked":["Glacier","Streamline","Reprogram+1"],"picked":"Capacitor+1","floor":31.0},{"not_picked":["Amplify","Rainbow","Biased Cognition"],"picked":"Creative AI","floor":33},{"not_picked":["Stack","Compile Driver+1","Loop+1"],"picked":"Barrage+1","floor":35}],"player_experience":300463,"relics_obtained":[{"floor":6.0,"key":"Incense Burner"},{"floor":9.0,"key":"Symbiotic Virus"},{"floor":11.0,"key":"Anchor"},{"floor":12.0,"key":"Question Card"},{"floor":26.0,"key":"Darkstone Periapt"}],"event_choices":[{"damage_healed":0.0,"max_hp_gain":0.0,"max_hp_loss":0.0,"gold_gain":0.0,"event_name":"Golden Idol","player_choice":"Ignored","floor":3.0,"gold_loss":0.0,"damage_taken":0.0},{"damage_healed":0.0,"max_hp_gain":0.0,"max_hp_loss":0.0,"gold_gain":75.0,"event_name":"World of Goop","player_choice":"Gather Gold","floor":5.0,"gold_loss":0.0,"damage_taken":11.0},{"damage_healed":0.0,"max_hp_gain":0.0,"max_hp_loss":0.0,"gold_gain":0.0,"event_name":"Colosseum","player_choice":"Fight","floor":19.0,"gold_loss":0.0,"damage_taken":0.0},{"damage_healed":0.0,"max_hp_gain":0.0,"max_hp_loss":0.0,"gold_gain":0.0,"event_name":"Colosseum","player_choice":"Fled From Nobs","floor":19.0,"gold_loss":0.0,"damage_taken":0.0},{"damage_healed":0.0,"max_hp_gain":0.0,"max_hp_loss":0.0,"gold_gain":0.0,"event_name":"The Mausoleum","player_choice":"Ignored","floor":22.0,"gold_loss":0.0,"damage_taken":0.0},{"damage_healed":0.0,"max_hp_gain":0.0,"max_hp_loss":0.0,"gold_gain":0.0,"event_name":"Cursed Tome","player_choice":"Ignored","floor":24.0,"gold_loss":0.0,"damage_taken":0.0},{"damage_healed":0.0,"max_hp_gain":0.0,"max_hp_loss":0.0,"gold_gain":0.0,"event_name":"Match and Keep!","player_choice":"1 cards matched","floor":29.0,"gold_loss":0.0,"damage_taken":0.0,"cards_obtained":["FTL"]},{"cards_removed":["Strike_B"],"damage_healed":0,"gold_gain":0,"player_choice":"Removed Attack","damage_taken":0,"max_hp_gain":0,"max_hp_loss":0,"event_name":"Falling","floor":36,"gold_loss":0}],"is_beta":false,"boss_relics":[{"not_picked":["Coffee Dripper","Cursed Key"],"picked":"Sozu"},{"not_picked":["White Beast Statue","Runic Pyramid"],"picked":"Tiny House"}],"items_purged_floors":[20,28,37],"is_endless":false,"potions_floor_spawned":[2,4,6,18,21,31,33],"killed_by":"3 Darklings","ascension_level":10}