{"gold_per_floor":[119,119,119,133,133,173,173,31,31,62,62,77,93,93,93,93],"floor_reached":16,"playtime":532,"items_purged":["Strike_G"],"score":233,"play_id":"5cc833e9-f750-4562-bc36-8c9ef9bd4ae9","local_time":"20190220220738","is_ascension_mode":true,"campfire_choices":[{"floor":7,"key":"REST"},{"data":"Envenom","floor":11,"key":"SMITH"},{"floor":15,"key":"REST"}],"neow_cost":"NONE","seed_source_timestamp":127475724881683,"circlet_count":0,"master_deck":["AscendersBane","Defend_G","Defend_G","Defend_G","Defend_G","Defend_G","Strike_G","Strike_G","Survivor","Neutralize","PiercingWail","Caltrops","Caltrops","Footwork","Envenom+1","Sucker Punch","Sucker Punch"],"relics":["Ring of the Snake","NeowsBlessing","Golden Idol","Du-Vu Doll","Anchor","Dodecahedron","Paper Crane"],"potions_floor_usage":[10,16],"damage_taken":[{"damage":0,"enemies":"Small Slimes","floor":1,"turns":1},{"damage":0,"enemies":"2 Louse","floor":4,"turns":1},{"damage":0,"enemies":"Gremlin Nob","floor":6,"turns":1},{"damage":28,"enemies":"3 Sentries","floor":10,"turns":10},{"damage":0,"enemies":"Jaw Worm","floor":12,"turns":4},{"damage":8,"enemies":"Gremlin Gang","floor":13,"turns":6},{"damage":34,"enemies":"Slime Boss","floor":16,"turns":14}],"seed_played":"-6134534216196932639","potions_obtained":[{"floor":4,"key":"Explosive Potion"},{"floor":12,"key":"Weak Potion"},{"floor":13,"key":"GhostInAJar"}],"is_trial":false,"path_per_floor":["M","?","?","M","?","E","R","$","T","E","R","M","M","?","R","B"],"character_chosen":"THE_SILENT","items_purchased":["Footwork"],"campfire_rested":2,"item_purchase_floors":[8],"current_hp_per_floor":[59,52,52,52,34,34,52,52,52,24,24,24,16,16,34,0],"gold":93,"neow_bonus":"THREE_ENEMY_KILL","is_prod":false,"is_daily":false,"chose_seed":false,"campfire_upgraded":1,"win_rate":0,"timestamp":1550718458,"path_taken":["M","?","?","M","?","E","R","?","T","E","R","M","?","?","R","BOSS"],"build_version":"2019-01-23","purchased_purges":1,"victory":false,"max_hp_per_floor":[66,66,60,60,60,60,60,60,60,60,60,60,60,60,60,60],"card_choices":[{"not_picked":["Dagger Throw","Well Laid Plans"],"picked":"PiercingWail","floor":1},{"not_picked":["Deflect","Outmaneuver"],"picked":"Caltrops","floor":4},{"not_picked":["Reflex","Acrobatics"],"picked":"Caltrops","floor":6},{"not_picked":["Tactician","Outmaneuver"],"picked":"Envenom","floor":10},{"not_picked":["Backstab","Deflect"],"picked":"Sucker Punch","floor":12},{"not_picked":["Bane","Prepared"],"picked":"Sucker Punch","floor":13}],"player_experience":803699,"relics_obtained":[{"floor":6,"key":"Anchor"},{"floor":9,"key":"Dodecahedron"},{"floor":10,"key":"Paper Crane"}],"event_choices":[{"cards_removed":["Strike_G"],"damage_healed":0,"gold_gain":0,"player_choice":"Card Removal","damage_taken":7,"max_hp_gain":0,"max_hp_loss":0,"event_name":"Golden Wing","floor":2,"gold_loss":0},{"damage_healed":0,"gold_gain":0,"player_choice":"Lose Max HP","damage_taken":0,"relics_obtained":["Golden Idol"],"max_hp_gain":0,"max_hp_loss":6,"event_name":"Golden Idol","floor":3,"gold_loss":0},{"damage_healed":0,"gold_gain":0,"player_choice":"Success","damage_taken":18,"relics_obtained":["Du-Vu Doll"],"max_hp_gain":0,"max_hp_loss":0,"event_name":"Scrap Ooze","floor":5,"gold_loss":0},{"cards_removed":["Strike_G"],"damage_healed":0,"gold_gain":0,"player_choice":"Purged","damage_taken":0,"max_hp_gain":0,"max_hp_loss":0,"event_name":"Purifier","floor":14,"gold_loss":0}],"is_beta":false,"boss_relics":[],"items_purged_floors":[8],"is_endless":false,"potions_floor_spawned":[4,12,13],"killed_by":"Slime Boss","ascension_level":15}