{"gold_per_floor":[213,230,230,28,46,46,77,77,127,127,156,166,181,208,208,208],"floor_reached":16,"playtime":522,"items_purged":[],"score":160,"play_id":"017602dc-4150-484e-bdd4-a303682f2231","local_time":"20190126182501","is_ascension_mode":true,"campfire_choices":[{"data":"Redo","floor":6,"key":"SMITH"},{"floor":8,"key":"REST"},{"data":"Immolate","floor":10,"key":"SMITH"},{"data":"Setup","floor":15,"key":"SMITH"}],"neow_cost":"NONE","seed_source_timestamp":756053583373844,"circlet_count":0,"master_deck":["Strike_B","Strike_B","Strike_B","Defend_B","Defend_B","Defend_B","Defend_B","Zap","Dualcast","Steam","Redo+1","Flying Knee","Immolate+1","Inflame","Outmaneuver","Setup+1","Undo"],"relics":["Cracked Core","PrismaticShard","Vajra","Smiling Mask","Bag of Preparation","Odd Mushroom"],"potions_floor_usage":[7,13],"damage_taken":[{"damage":5,"enemies":"Small Slimes","floor":1,"turns":4},{"damage":2,"enemies":"Jaw Worm","floor":2,"turns":4},{"damage":0,"enemies":"2 Louse","floor":5,"turns":3},{"damage":24,"enemies":"Gremlin Nob","floor":7,"turns":4},{"damage":21,"enemies":"Lagavulin","floor":11,"turns":5},{"damage":0,"enemies":"2 Fungi Beasts","floor":12,"turns":1},{"damage":2,"enemies":"Large Slime","floor":13,"turns":2},{"damage":0,"enemies":"The Mushroom Lair","floor":14,"turns":1},{"damage":29,"enemies":"The Guardian","floor":16,"turns":9}],"seed_played":"8892448289713502048","potions_obtained":[{"floor":5,"key":"FocusPotion"},{"floor":7,"key":"Energy Potion"},{"floor":11,"key":"Explosive Potion"},{"floor":12,"key":"Energy Potion"}],"is_trial":false,"path_per_floor":["M","M","?","$","M","R","E","R","T","R","E","M","M","?","R","B"],"character_chosen":"DEFECT","items_purchased":["PrismaticShard"],"campfire_rested":1,"item_purchase_floors":[4],"current_hp_per_floor":[63,61,54,54,54,54,30,52,52,52,31,31,29,29,29,0],"gold":208,"neow_bonus":"HUNDRED_GOLD","is_prod":false,"is_daily":false,"chose_seed":false,"campfire_upgraded":3,"win_rate":0,"timestamp":1548545101,"path_taken":["M","M","?","$","M","R","E","R","T","R","E","M","M","?","R","BOSS"],"build_version":"2019-01-23","purchased_purges":0,"victory":false,"max_hp_per_floor":[75,75,75,75,75,75,75,75,75,75,75,75,75,75,75,75],"card_choices":[{"not_picked":["Coolheaded","Barrage"],"picked":"Steam","floor":1},{"not_picked":["Turbo","Rebound"],"picked":"Redo","floor":2},{"not_picked":["Perfected Strike","Havoc"],"picked":"Flying Knee","floor":5},{"not_picked":["Cold Snap","Stack"],"picked":"Immolate","floor":7},{"not_picked":["Beam Cell","Clash"],"picked":"Inflame","floor":11},{"not_picked":["Gash","Chaos"],"picked":"Outmaneuver","floor":12},{"not_picked":["Sucker Punch","Anger"],"picked":"Setup","floor":13},{"not_picked":["Trip","Underhanded Strike"],"picked":"Undo","floor":14}],"player_experience":479283,"relics_obtained":[{"floor":7,"key":"Vajra"},{"floor":9,"key":"Smiling Mask"},{"floor":11,"key":"Bag of Preparation"},{"floor":14,"key":"Odd Mushroom"}],"event_choices":[{"cards_removed":["Strike_B"],"damage_healed":0,"gold_gain":0,"player_choice":"Card Removal","damage_taken":7,"max_hp_gain":0,"max_hp_loss":0,"event_name":"Golden Wing","floor":3,"gold_loss":0},{"damage_healed":0,"gold_gain":0,"player_choice":"Fought Mushrooms","damage_taken":0,"max_hp_gain":0,"max_hp_loss":0,"event_name":"Mushrooms","floor":14,"gold_loss":0}],"is_beta":false,"boss_relics":[],"items_purged_floors":[],"is_endless":false,"potions_floor_spawned":[5,7,11,12],"killed_by":"The Guardian","ascension_level":9}