{"gold_per_floor":[116,116,131,145,160,185,185,197,274,274,284,284,284,314,314,314],"floor_reached":16,"playtime":490,"items_purged":[],"score":162,"play_id":"cd309deb-6483-48ce-b185-d7bdc9a990fc","local_time":"20190208110702","is_ascension_mode":true,"campfire_choices":[{"floor":7,"key":"REST"},{"floor":10,"key":"REST"},{"floor":12,"key":"REST"},{"floor":15,"key":"REST"}],"neow_cost":"NONE","seed_source_timestamp":4976965873609,"circlet_count":0,"master_deck":["Strike_B","Strike_B","Strike_B","Strike_B","Defend_B","Defend_B","Defend_B","Defend_B","Zap","Dualcast","Blind","Cold Snap","Cold Snap","Skim","Rebound","Gash","Biased Cognition","Conserve Battery","Gash"],"relics":["Cracked Core","Ancient Tea Set","Ginger","Blue Candle","Juzu Bracelet"],"potions_floor_usage":[14,16],"damage_taken":[{"damage":10,"enemies":"Small Slimes","floor":1,"turns":3},{"damage":5,"enemies":"Jaw Worm","floor":3,"turns":3},{"damage":0,"enemies":"Cultist","floor":4,"turns":3},{"damage":7,"enemies":"3 Louse","floor":5,"turns":3},{"damage":22,"enemies":"Gremlin Nob","floor":6,"turns":4},{"damage":9,"enemies":"Red Slaver","floor":8,"turns":3},{"damage":5,"enemies":"Large Slime","floor":11,"turns":6},{"damage":27,"enemies":"Lagavulin","floor":14,"turns":5},{"damage":55,"enemies":"Hexaghost","floor":16,"turns":14}],"seed_played":"-3499418077799700712","potions_obtained":[{"floor":4,"key":"Strength Potion"},{"floor":5,"key":"Ancient Potion"},{"floor":14,"key":"Block Potion"}],"is_trial":false,"path_per_floor":["M","?","M","M","M","E","R","M","T","R","M","R","?","E","R","B"],"character_chosen":"DEFECT","items_purchased":[],"campfire_rested":4,"item_purchase_floors":[],"current_hp_per_floor":[58,40,35,35,28,6,28,19,19,41,36,58,58,31,53,0],"gold":314,"neow_bonus":"RANDOM_COLORLESS","is_prod":false,"is_daily":false,"chose_seed":false,"campfire_upgraded":0,"win_rate":0,"timestamp":1549591622,"path_taken":["M","?","M","M","M","E","R","M","T","R","M","R","?","E","R","BOSS"],"build_version":"2019-01-23","purchased_purges":0,"victory":false,"max_hp_per_floor":[75,75,75,75,75,75,75,75,75,75,75,75,75,75,75,75],"card_choices":[{"not_picked":["Aggregate","Loop"],"picked":"Cold Snap","floor":1},{"not_picked":["Go for the Eyes","Sweeping Beam"],"picked":"Cold Snap","floor":3},{"not_picked":["Cold Snap","Barrage"],"picked":"Skim","floor":4},{"not_picked":["Double Energy","Coolheaded"],"picked":"Rebound","floor":5},{"not_picked":["Stack","Cold Snap"],"picked":"Gash","floor":6},{"not_picked":["Reprogram","Stack"],"picked":"Biased Cognition","floor":8},{"not_picked":["Compile Driver","Redo"],"picked":"Conserve Battery","floor":11},{"not_picked":["Leap","Tempest"],"picked":"Gash","floor":14}],"player_experience":290480,"relics_obtained":[{"floor":6,"key":"Ginger"},{"floor":9,"key":"Blue Candle"},{"floor":14,"key":"Juzu Bracelet"}],"event_choices":[{"damage_healed":0,"gold_gain":0,"player_choice":"Success","damage_taken":18,"relics_obtained":["Ancient Tea Set"],"max_hp_gain":0,"max_hp_loss":0,"event_name":"Scrap Ooze","floor":2,"gold_loss":0},{"damage_healed":0,"gold_gain":0,"player_choice":"Searched \u00270\u0027 times","damage_taken":0,"max_hp_gain":0,"max_hp_loss":0,"event_name":"Dead Adventurer","floor":13,"gold_loss":0}],"is_beta":false,"boss_relics":[],"items_purged_floors":[],"is_endless":false,"potions_floor_spawned":[4,5,14],"killed_by":"Hexaghost","ascension_level":9}