{"gold_per_floor":[115,40,56,73,89,89,117,117,141,161,171,191,210,210,210,309,309,326,226,0,12,22,22,40,40,40,40,40,40,54,67,67,67],"floor_reached":33,"playtime":1335,"items_purged":["Strike_G","Strike_G"],"score":255,"play_id":"f372fec7-0b9e-4ae0-a2c9-5b41fe993d7e","local_time":"20190111153724","is_ascension_mode":false,"campfire_choices":[{"data":"Blade Dance","floor":6.0,"key":"SMITH"},{"data":"Blade Dance","floor":8.0,"key":"SMITH"},{"floor":15.0,"key":"REST"},{"floor":23.0,"key":"REST"},{"floor":25.0,"key":"REST"},{"data":"Cloak And Dagger","floor":27.0,"key":"SMITH"},{"floor":32,"key":"REST"}],"neow_cost":"NONE","seed_source_timestamp":18684790235027,"circlet_count":0,"master_deck":["Defend_G","Defend_G","Defend_G","Defend_G","Defend_G","Strike_G","Strike_G","Strike_G","Survivor","Neutralize","All Out Attack","Blade Dance+1","Acrobatics","Deflect","Finisher","Blade Dance+1","Footwork","Dagger Spray","Blade Dance+1","Cloak And Dagger+1","Adrenaline+1","PiercingWail","Cloak And Dagger","Envenom","Backstab"],"special_seed":0,"relics":["Ring of the Snake","Bag of Preparation","Bag of Marbles","Thread and Needle"],"potions_floor_usage":[31],"damage_taken":[{"damage":2.0,"enemies":"Small Slimes","floor":1.0,"turns":4.0},{"damage":0.0,"enemies":"Jaw Worm","floor":3.0,"turns":4.0},{"damage":1.0,"enemies":"2 Louse","floor":4.0,"turns":2.0},{"damage":10.0,"enemies":"Exordium Thugs","floor":5.0,"turns":4.0},{"damage":19.0,"enemies":"3 Sentries","floor":7.0,"turns":8.0},{"damage":0.0,"enemies":"2 Fungi Beasts","floor":10.0,"turns":1.0},{"damage":0.0,"enemies":"Exordium Wildlife","floor":11.0,"turns":1.0},{"damage":0.0,"enemies":"Looter","floor":12.0,"turns":2.0},{"damage":7.0,"enemies":"Exordium Thugs","floor":13.0,"turns":3.0},{"damage":22.0,"enemies":"Slime Boss","floor":16.0,"turns":13.0},{"damage":0.0,"enemies":"Chosen","floor":18.0,"turns":4.0},{"damage":18.0,"enemies":"Shell Parasite","floor":21.0,"turns":4.0},{"damage":33.0,"enemies":"Snecko","floor":22.0,"turns":9.0},{"damage":18.0,"enemies":"Chosen and Byrds","floor":24.0,"turns":8.0},{"damage":0.0,"enemies":"Snake Plant","floor":28.0,"turns":2.0},{"damage":0.0,"enemies":"Snecko","floor":30.0,"turns":4.0},{"damage":34,"enemies":"Sentry and Sphere","floor":31,"turns":7},{"damage":30,"enemies":"Automaton","floor":33,"turns":4}],"seed_played":"1025652845946558663","potions_obtained":[{"floor":4.0,"key":"Fire Potion"},{"floor":11.0,"key":"Energy Potion"},{"floor":13.0,"key":"Swift Potion"},{"floor":18.0,"key":"SpeedPotion"},{"floor":24.0,"key":"SmokeBomb"},{"floor":30.0,"key":"LiquidBronze"}],"is_trial":false,"path_per_floor":["M","$","M","M","M","R","E","R","T","M","M","M","M","?","R","B",null,"M","$","?","M","M","R","M","R","T","R","M","?","M","M","R","B"],"character_chosen":"THE_SILENT","items_purchased":[],"campfire_rested":4,"item_purchase_floors":[],"current_hp_per_floor":[68,68,68,67,57,57,38,38,38,38,38,38,31,31,52,30,70,70,70,70,52,19,40,22,43,43,43,43,43,43,9,30,0],"gold":67,"neow_bonus":"THREE_CARDS","is_prod":false,"is_daily":false,"chose_seed":false,"campfire_upgraded":3,"win_rate":0,"timestamp":1547188644,"path_taken":["M","$","M","M","M","R","E","R","T","M","M","M","M","?","R","BOSS","M","$","?","M","M","R","M","R","T","R","M","?","?","M","R","BOSS"],"build_version":"2019-01-10","purchased_purges":2,"victory":false,"max_hp_per_floor":[70,70,70,70,70,70,70,70,70,70,70,70,70,70,70,70,70,70,70,70,70,70,70,70,70,70,70,70,70,70,70,70,70],"card_choices":[{"not_picked":["Bane","Riddle With Holes"],"picked":"All Out Attack","floor":0.0},{"not_picked":["Dodge and Roll","Footwork"],"picked":"Blade Dance","floor":1.0},{"not_picked":["Slice","PiercingWail"],"picked":"Acrobatics","floor":3.0},{"not_picked":["Bullet Time","Flying Knee"],"picked":"Deflect","floor":4.0},{"not_picked":["Crippling Poison","Choke"],"picked":"Finisher","floor":5.0},{"not_picked":["Flying Knee","Distraction"],"picked":"Blade Dance","floor":7.0},{"not_picked":["All Out Attack","Slice"],"picked":"Footwork","floor":10.0},{"not_picked":["Leg Sweep","Backflip"],"picked":"Dagger Spray","floor":11.0},{"not_picked":["Acrobatics","Quick Slash"],"picked":"Blade Dance","floor":12.0},{"not_picked":["Backflip","Footwork"],"picked":"Cloak And Dagger","floor":13.0},{"not_picked":["Glass Knife","After Image"],"picked":"Adrenaline","floor":16.0},{"not_picked":["Eviscerate","Endless Agony","Underhanded Strike"],"picked":"SKIP","floor":18.0},{"not_picked":["Noxious Fumes","Flying Knee"],"picked":"PiercingWail","floor":21.0},{"not_picked":["Dash","Prepared"],"picked":"Cloak And Dagger","floor":22.0},{"not_picked":["Heel Hook","Eviscerate"],"picked":"Envenom","floor":24.0},{"not_picked":["Underhanded Strike","Slice+1","Deadly Poison"],"picked":"SKIP","floor":30.0},{"not_picked":["Outmaneuver","Prepared"],"picked":"Backstab","floor":31}],"player_experience":208013,"relics_obtained":[{"floor":7.0,"key":"Bag of Preparation"},{"floor":9.0,"key":"Bag of Marbles"},{"floor":26.0,"key":"Thread and Needle"}],"event_choices":[{"damage_healed":0.0,"max_hp_gain":0.0,"max_hp_loss":0.0,"gold_gain":0.0,"event_name":"Living Wall","player_choice":"Grow","floor":14.0,"gold_loss":0.0,"damage_taken":0.0,"cards_upgraded":["Blade Dance"]},{"damage_healed":0.0,"max_hp_gain":0.0,"max_hp_loss":0.0,"gold_gain":0.0,"event_name":"Masked Bandits","player_choice":"Paid Fearfully","floor":20.0,"gold_loss":226.0,"damage_taken":0.0},{"damage_healed":0.0,"max_hp_gain":0.0,"max_hp_loss":0.0,"gold_gain":0.0,"event_name":"Accursed Blacksmith","player_choice":"Forge","floor":29.0,"gold_loss":0.0,"damage_taken":0.0,"cards_upgraded":["Adrenaline"]}],"is_beta":false,"boss_relics":[{"not_picked":["Fusion Hammer","Pandora\u0027s Box","Snecko Eye"]}],"items_purged_floors":[2,19],"is_endless":false,"potions_floor_spawned":[4,11,13,18,24,28,30],"killed_by":"Automaton","ascension_level":0}