{"gold_per_floor":[116,41,116,133,133,133,151,184,184,198,198,222,235,39,39,144,144,157,168,168,168,43,75,75,95,95,105,105,105],"floor_reached":29,"playtime":1164,"items_purged":["Strike_G","Strike_G","Decay"],"score":304,"play_id":"40b47a55-b9d7-40ee-8d41-381779ce3534","local_time":"20190125210434","is_ascension_mode":true,"campfire_choices":[{"data":"Neutralize","floor":6,"key":"SMITH"},{"data":"Dash","floor":11,"key":"SMITH"},{"data":"Footwork","floor":15,"key":"SMITH"},{"floor":24,"key":"REST"}],"neow_cost":"NONE","seed_source_timestamp":678571749410095,"circlet_count":0,"master_deck":["Defend_G","Defend_G","Defend_G+1","Defend_G","Defend_G","Strike_G+1","Strike_G","Survivor+1","Neutralize+1","Leg Sweep","Poisoned Stab+1","Caltrops","Dodge and Roll","Dash+1","Footwork+1","A Thousand Cuts","Sucker Punch","Poisoned Stab","Quick Slash+1","Noxious Fumes","Footwork+1"],"relics":["Ring of the Snake","NeowsBlessing","Pantograph","Whetstone","War Paint","Black Star","Bag of Marbles","Oddly Smooth Stone","Smiling Mask"],"potions_floor_usage":[10,16,16,23,29],"damage_taken":[{"damage":0,"enemies":"2 Louse","floor":1,"turns":1},{"damage":0,"enemies":"Cultist","floor":4,"turns":1},{"damage":0,"enemies":"Jaw Worm","floor":7,"turns":1},{"damage":39,"enemies":"Gremlin Nob","floor":8,"turns":6},{"damage":1,"enemies":"Red Slaver","floor":10,"turns":4},{"damage":0,"enemies":"Exordium Thugs","floor":13,"turns":5},{"damage":27,"enemies":"Slime Boss","floor":16,"turns":12},{"damage":2,"enemies":"3 Byrds","floor":18,"turns":2},{"damage":14,"enemies":"Spheric Guardian","floor":19,"turns":8},{"damage":36,"enemies":"Gremlin Leader","floor":23,"turns":10},{"damage":6,"enemies":"Cultist and Chosen","floor":25,"turns":8},{"damage":9,"enemies":"Snecko","floor":27,"turns":9},{"damage":7,"enemies":"Colosseum Slavers","floor":28,"turns":9},{"damage":12,"enemies":"Chosen and Byrds","floor":29,"turns":4}],"seed_played":"-2576498570742032711","potions_obtained":[{"floor":4,"key":"LiquidBronze"},{"floor":7,"key":"Regen Potion"},{"floor":8,"key":"FearPotion"},{"floor":25,"key":"LiquidBronze"},{"floor":27,"key":"AttackPotion"}],"is_trial":false,"path_per_floor":["M","$","?","M","?","R","M","E","T","M","R","T","M","$","R","B",null,"M","M","?","?","$","E","R","M","T","M","?","M"],"character_chosen":"THE_SILENT","items_purchased":["PowerPotion","Strength Potion"],"campfire_rested":1,"item_purchase_floors":[14,14],"current_hp_per_floor":[70,70,63,63,63,63,63,24,24,32,32,32,32,32,32,30,60,58,44,44,44,44,8,29,23,23,14,7,0],"gold":105,"neow_bonus":"THREE_ENEMY_KILL","is_prod":false,"is_daily":false,"chose_seed":false,"campfire_upgraded":3,"win_rate":0,"timestamp":1548468274,"path_taken":["M","$","?","?","?","R","M","E","T","?","R","?","M","$","R","BOSS","M","M","?","?","$","E","R","M","T","M","?","M"],"build_version":"2019-01-23","purchased_purges":3,"victory":false,"max_hp_per_floor":[70,70,70,70,70,70,70,70,70,70,70,70,70,70,70,70,70,70,70,70,70,70,70,70,70,70,70,70,70],"card_choices":[{"not_picked":["Dagger Throw","Distraction"],"picked":"Leg Sweep","floor":1},{"not_picked":["Bane","Prepared"],"picked":"Poisoned Stab","floor":4},{"not_picked":["Underhanded Strike","Acrobatics"],"picked":"Caltrops","floor":7},{"not_picked":["Eviscerate","Slice"],"picked":"Dodge and Roll","floor":8},{"not_picked":["Underhanded Strike","Prepared"],"picked":"Dash","floor":10},{"not_picked":["Malaise","Flechettes"],"picked":"Footwork","floor":13},{"not_picked":["Tools of the Trade","Malaise"],"picked":"A Thousand Cuts","floor":16},{"not_picked":["Prepared","Quick Slash"],"picked":"Sucker Punch","floor":18},{"not_picked":["PiercingWail","All Out Attack"],"picked":"Poisoned Stab","floor":19},{"not_picked":["Sucker Punch","Acrobatics"],"picked":"Quick Slash+1","floor":23},{"not_picked":["Deadly Poison","Sucker Punch"],"picked":"Noxious Fumes","floor":25},{"not_picked":["Backflip+1","Dagger Spray"],"picked":"Footwork+1","floor":27}],"player_experience":460125,"relics_obtained":[{"floor":8,"key":"Pantograph"},{"floor":9,"key":"Whetstone"},{"floor":12,"key":"War Paint"},{"floor":23,"key":"Bag of Marbles"},{"floor":23,"key":"Oddly Smooth Stone"},{"floor":26,"key":"Smiling Mask"}],"event_choices":[{"damage_healed":0,"gold_gain":75,"player_choice":"Touch","damage_taken":7,"max_hp_gain":0,"max_hp_loss":0,"event_name":"FaceTrader","floor":3,"gold_loss":0},{"cards_removed":["Strike_G"],"damage_healed":0,"gold_gain":0,"player_choice":"Purged","damage_taken":0,"max_hp_gain":0,"max_hp_loss":0,"event_name":"Purifier","floor":5,"gold_loss":0},{"damage_healed":0,"gold_gain":0,"player_choice":"Smashed Altar","damage_taken":0,"max_hp_gain":0,"max_hp_loss":0,"event_name":"Forgotten Altar","floor":20,"gold_loss":0,"cards_obtained":["Decay"]},{"damage_healed":0,"gold_gain":0,"player_choice":"Ignored","damage_taken":0,"max_hp_gain":0,"max_hp_loss":0,"event_name":"Vampires","floor":21,"gold_loss":0},{"damage_healed":0,"gold_gain":0,"player_choice":"Fight","damage_taken":0,"max_hp_gain":0,"max_hp_loss":0,"event_name":"Colosseum","floor":28,"gold_loss":0},{"damage_healed":0,"gold_gain":0,"player_choice":"Fled From Nobs","damage_taken":0,"max_hp_gain":0,"max_hp_loss":0,"event_name":"Colosseum","floor":28,"gold_loss":0}],"is_beta":false,"boss_relics":[{"not_picked":["White Beast Statue","Lizard Tail"],"picked":"Black Star"}],"items_purged_floors":[2,14,22],"is_endless":false,"potions_floor_spawned":[4,7,8,25,27,28],"killed_by":"Chosen and Byrds","ascension_level":5}