{"gold_per_floor":[12,27,43,43,63,96,117,117,117,117,117,117,117,132,132,228,228,183,183,183,183,183,183,183,183,183,183,183,183,183,133,133,133,133,133,133,133,133,133,133,133,133,133,133,133,133,133,83,83,83,83,83,5,5],"floor_reached":54,"playtime":3173,"items_purged":["Decay"],"score":1073,"play_id":"ef4ebcae-1039-4d19-a98a-c0f75e11bfac","local_time":"20190130090813","is_ascension_mode":true,"campfire_choices":[{"data":"Bouncing Flask","floor":8,"key":"SMITH"},{"data":"Neutralize","floor":11,"key":"SMITH"},{"data":"Catalyst","floor":13,"key":"SMITH"},{"data":"A Thousand Cuts","floor":15,"key":"SMITH"},{"data":"Venomology","floor":24,"key":"SMITH"},{"floor":28,"key":"REST"},{"data":"Catalyst","floor":32,"key":"SMITH"},{"floor":40,"key":"RECALL"},{"data":"PiercingWail","floor":49,"key":"SMITH"},{"floor":52,"key":"REST"}],"neow_cost":"NO_GOLD","seed_source_timestamp":1065635596455127,"circlet_count":0,"master_deck":["Defend_G","Defend_G+1","Defend_G","Defend_G","Defend_G","Strike_G","Strike_G","Survivor","Neutralize+1","A Thousand Cuts+1","Prepared","Terror+1","Dagger Throw","Dagger Throw","Calculated Gamble","Bouncing Flask+1","Dodge and Roll+1","Catalyst+1","PiercingWail+1","Venomology+1","Escape Plan","Catalyst+1","Footwork","Dodge and Roll+1","Corpse Explosion+1","Deflect+1","All Out Attack+1","Burst+1","Prepared+1","Dodge and Roll+1","Caltrops","Prepared+1","Caltrops+1","Escape Plan+1","Dark Shackles+1"],"relics":["Ring of the Snake","Snake Skull","Odd Mushroom","Potion Belt","Ninja Scroll","Ectoplasm","Toxic Egg 2","Tiny Chest","Pantograph","FossilizedHelix","Nunchaku","Sundial","White Beast Statue","StoneCalendar","The Courier","War Paint","Smiling Mask","Thread and Needle"],"potions_floor_usage":[1,18,22,22,23,23,23,27,30,33,33,33,38,39,39,41,41,44,45,46,46,46,47,47,50,50,50,50,50,50],"damage_taken":[{"damage":0,"enemies":"Small Slimes","floor":1,"turns":6},{"damage":0,"enemies":"Cultist","floor":2,"turns":4},{"damage":1,"enemies":"Jaw Worm","floor":3,"turns":4},{"damage":0,"enemies":"Blue Slaver","floor":5,"turns":4},{"damage":15,"enemies":"Lagavulin","floor":6,"turns":7},{"damage":19,"enemies":"The Mushroom Lair","floor":7,"turns":5},{"damage":0,"enemies":"Large Slime","floor":14,"turns":5},{"damage":4,"enemies":"Hexaghost","floor":16,"turns":4},{"damage":4,"enemies":"2 Thieves","floor":18,"turns":3},{"damage":0,"enemies":"Spheric Guardian","floor":20,"turns":3},{"damage":5,"enemies":"Cultist and Chosen","floor":21,"turns":4},{"damage":0,"enemies":"Snake Plant","floor":22,"turns":3},{"damage":19,"enemies":"Slavers","floor":23,"turns":5},{"damage":25,"enemies":"Book of Stabbing","floor":27,"turns":6},{"damage":0,"enemies":"Colosseum Slavers","floor":30,"turns":3},{"damage":0,"enemies":"Colosseum Nobs","floor":30,"turns":4},{"damage":23,"enemies":"Champ","floor":33,"turns":10},{"damage":0,"enemies":"Orb Walker","floor":35,"turns":1},{"damage":0,"enemies":"3 Shapes","floor":38,"turns":4},{"damage":10,"enemies":"Mind Bloom Boss Battle","floor":39,"turns":3},{"damage":0,"enemies":"Giant Head","floor":41,"turns":6},{"damage":0,"enemies":"Writhing Mass","floor":44,"turns":1},{"damage":0,"enemies":"Transient","floor":45,"turns":1},{"damage":5,"enemies":"Nemesis","floor":46,"turns":7},{"damage":0,"enemies":"Sphere and 2 Shapes","floor":47,"turns":4},{"damage":65,"enemies":"Awakened One","floor":50,"turns":15},{"damage":85,"enemies":"Shield and Spear","floor":54,"turns":3}],"seed_played":"-7297484038254257881","potions_obtained":[{"floor":1,"key":"Fruit Juice"},{"floor":5,"key":"SmokeBomb"},{"floor":16,"key":"SkillPotion"},{"floor":18,"key":"Explosive Potion"},{"floor":22,"key":"LiquidBronze"},{"floor":30,"key":"Dexterity Potion"},{"floor":33,"key":"LiquidBronze"},{"floor":35,"key":"Energy Potion"},{"floor":38,"key":"SteroidPotion"},{"floor":39,"key":"Ancient Potion"},{"floor":41,"key":"GhostInAJar"},{"floor":46,"key":"GamblersBrew"},{"floor":47,"key":"Regen Potion"}],"is_trial":false,"path_per_floor":["M","M","M","?","M","E","?","R","T","T","R","?","R","M","R","B",null,"M","?","M","M","M","E","R","T","T","E","R","?","?","?","R","B",null,"M","T","?","M","?","R","E","T","T","M","M","E","M","$","R","B",null,"R","$","E"],"character_chosen":"THE_SILENT","items_purchased":["Dark Shackles+1"],"campfire_rested":2,"item_purchase_floors":[53],"current_hp_per_floor":[68,68,67,67,67,52,33,33,33,33,33,33,33,33,33,29,64,60,60,60,55,55,36,36,36,36,11,33,58,58,58,58,52,69,69,69,69,69,65,65,65,65,65,65,65,60,60,60,60,11,59,75,75,0],"gold":5,"neow_bonus":"TRANSFORM_TWO_CARDS","is_prod":false,"is_daily":false,"chose_seed":false,"campfire_upgraded":7,"win_rate":0,"timestamp":1548857293,"path_taken":["M","M","M","?","?","E","?","R","T","?","R","?","R","M","R","BOSS","M","?","M","?","M","E","R","?","T","E","R","?","?","?","R","BOSS","M","?","?","?","?","R","E","?","T","M","?","E","M","$","R","BOSS","R","$","E"],"build_version":"2019-01-23","purchased_purges":1,"victory":false,"max_hp_per_floor":[75,75,75,75,75,75,75,75,75,75,75,75,75,75,75,75,75,75,75,75,75,75,75,75,75,75,75,75,75,75,75,75,75,75,75,75,75,75,75,75,75,75,75,75,75,75,75,75,75,75,75,75,75,75],"card_choices":[{"not_picked":["Underhanded Strike","Slice"],"picked":"Terror","floor":1},{"not_picked":["Underhanded Strike","Blur"],"picked":"Dagger Throw","floor":2},{"not_picked":["Dodge and Roll","Dagger Spray"],"picked":"Dagger Throw","floor":3},{"not_picked":["Concentrate","Catalyst"],"picked":"Calculated Gamble","floor":5},{"not_picked":["Bane","Quick Slash"],"picked":"Bouncing Flask","floor":6},{"not_picked":["A Thousand Cuts","Blade Dance"],"picked":"Dodge and Roll","floor":7},{"not_picked":["Expertise","Dagger Spray"],"picked":"PiercingWail","floor":14},{"not_picked":["A Thousand Cuts","Tools of the Trade"],"picked":"Venomology","floor":16},{"not_picked":["Distraction","Outmaneuver"],"picked":"Escape Plan","floor":18},{"not_picked":["Backflip","Endless Agony+1"],"picked":"Catalyst","floor":20},{"not_picked":["Masterful Stab","Bane+1"],"picked":"Footwork","floor":21},{"not_picked":["Flechettes","All Out Attack+1"],"picked":"Dodge and Roll+1","floor":22},{"not_picked":["Noxious Fumes","Leg Sweep"],"picked":"Corpse Explosion","floor":23},{"not_picked":["Predator","Underhanded Strike+1"],"picked":"Deflect+1","floor":27},{"not_picked":["Cloak And Dagger+1","Terror+1"],"picked":"All Out Attack+1","floor":30},{"not_picked":["Phantasmal Killer+1","Die Die Die"],"picked":"Burst+1","floor":33},{"not_picked":["Infinite Blades","Finisher"],"picked":"Prepared+1","floor":35},{"not_picked":["Finisher","Deadly Poison+1"],"picked":"Dodge and Roll+1","floor":38},{"not_picked":["Terror+1","Bane+1"],"picked":"Caltrops","floor":39},{"not_picked":["Slice+1","Poisoned Stab"],"picked":"Prepared+1","floor":41},{"not_picked":["Venomology+1","After Image"],"picked":"Caltrops+1","floor":46},{"not_picked":["Outmaneuver+1","Bane"],"picked":"Escape Plan+1","floor":47}],"player_experience":558652,"relics_obtained":[{"floor":6,"key":"Snake Skull"},{"floor":7,"key":"Odd Mushroom"},{"floor":9,"key":"Potion Belt"},{"floor":10,"key":"Ninja Scroll"},{"floor":23,"key":"Toxic Egg 2"},{"floor":25,"key":"Tiny Chest"},{"floor":26,"key":"Pantograph"},{"floor":27,"key":"FossilizedHelix"},{"floor":30,"key":"Nunchaku"},{"floor":30,"key":"Sundial"},{"floor":39,"key":"StoneCalendar"},{"floor":41,"key":"The Courier"},{"floor":42,"key":"War Paint"},{"floor":43,"key":"Smiling Mask"},{"floor":46,"key":"Thread and Needle"}],"event_choices":[{"damage_healed":0,"gold_gain":0,"player_choice":"Forge","damage_taken":0,"max_hp_gain":0,"max_hp_loss":0,"event_name":"Accursed Blacksmith","floor":4,"gold_loss":0,"cards_upgraded":["Terror"]},{"damage_healed":0,"gold_gain":0,"player_choice":"Fought Mushrooms","damage_taken":0,"max_hp_gain":0,"max_hp_loss":0,"event_name":"Mushrooms","floor":7,"gold_loss":0},{"damage_healed":0,"gold_gain":0,"cards_transformed":["Strike_G"],"player_choice":"Change","damage_taken":0,"max_hp_gain":0,"max_hp_loss":0,"event_name":"Living Wall","floor":12,"gold_loss":0,"cards_obtained":["Catalyst"]},{"damage_healed":0,"gold_gain":0,"player_choice":"Cursed","damage_taken":0,"max_hp_gain":0,"max_hp_loss":0,"event_name":"Wheel of Change","floor":19,"gold_loss":0,"cards_obtained":["Decay"]},{"damage_healed":25,"gold_gain":0,"player_choice":"Heal","damage_taken":0,"max_hp_gain":0,"max_hp_loss":0,"event_name":"The Library","floor":29,"gold_loss":0},{"damage_healed":0,"gold_gain":0,"player_choice":"Fight","damage_taken":0,"max_hp_gain":0,"max_hp_loss":0,"event_name":"Colosseum","floor":30,"gold_loss":0},{"damage_healed":0,"gold_gain":0,"player_choice":"Fought Nobs","damage_taken":0,"max_hp_gain":0,"max_hp_loss":0,"event_name":"Colosseum","floor":30,"gold_loss":0},{"damage_healed":0,"gold_gain":100,"player_choice":"Bet on Murderer","damage_taken":0,"max_hp_gain":0,"max_hp_loss":0,"event_name":"The Joust","floor":31,"gold_loss":50},{"damage_healed":0,"gold_gain":0,"player_choice":"Ignored","damage_taken":0,"max_hp_gain":0,"max_hp_loss":0,"event_name":"Tomb of Lord Red Mask","floor":37,"gold_loss":0},{"damage_healed":0,"gold_gain":0,"player_choice":"Fight","damage_taken":0,"max_hp_gain":0,"max_hp_loss":0,"event_name":"MindBloom","floor":39,"gold_loss":0}],"is_beta":false,"boss_relics":[{"not_picked":["HoveringKite","Velvet Choker"],"picked":"Ectoplasm"},{"not_picked":["Philosopher\u0027s Stone","Empty Cage"],"picked":"White Beast Statue"}],"items_purged_floors":[48],"is_endless":false,"potions_floor_spawned":[1,5,16,18,22,30,30,33,35,38,39,41,44,45,46,47],"killed_by":"Shield and Spear","ascension_level":7}