{"gold_per_floor":[110,110,27,27,45,45,74,84,110,129,129,54,54,65,65,142,142,157,129,29,40,60,60,80,80,160,160,170,197,247,247,247,319,319,332,25,42,0,14,14,46,46,46,146,166,166,178,197,197,197],"floor_reached":51,"playtime":2330,"items_purged":["Strike_G","Strike_G"],"score":1297,"play_id":"556c6d0e-25be-4ae1-81bd-ca396289fcff","local_time":"20190305005121","is_ascension_mode":true,"campfire_choices":[{"data":"Catalyst","floor":6.0,"key":"SMITH"},{"data":"Neutralize","floor":11.0,"key":"SMITH"},{"data":"Footwork","floor":13.0,"key":"SMITH"},{"floor":15.0,"key":"REST"},{"data":"Burst","floor":23.0,"key":"SMITH"},{"data":"Deadly Poison","floor":25.0,"key":"SMITH"},{"floor":32.0,"key":"REST"},{"floor":40.0,"key":"REST"},{"floor":49,"key":"REST"}],"neow_cost":"NONE","seed_source_timestamp":252453817598280,"circlet_count":0,"master_deck":["AscendersBane","Defend_G+1","Defend_G+1","Defend_G+1","Defend_G+1","Survivor","Neutralize+1","Deadly Poison+1","Footwork+1","Catalyst+1","Escape Plan","PiercingWail","Dash","Leg Sweep","Burst+1","Deadly Poison+1","Blur","Well Laid Plans","Dagger Spray","PiercingWail+1","Catalyst+1","Night Terror+1","Catalyst+1","Setup+1","Crippling Poison+1","Leg Sweep+1"],"special_seed":0,"relics":["Ring of the Snake","War Paint","Bag of Preparation","Snake Skull","Velvet Choker","Toxic Egg 2","Enchiridion","Oddly Smooth Stone","Empty Cage","Juzu Bracelet","Red Mask","Pen Nib","The Courier","Incense Burner"],"potions_floor_usage":[50,50],"damage_taken":[{"damage":0.0,"enemies":"2 Louse","floor":1.0,"turns":3.0},{"damage":0.0,"enemies":"Jaw Worm","floor":5.0,"turns":5.0},{"damage":23.0,"enemies":"3 Sentries","floor":7.0,"turns":12.0},{"damage":0.0,"enemies":"Cultist","floor":8.0,"turns":4.0},{"damage":1.0,"enemies":"Looter","floor":10.0,"turns":3.0},{"damage":0.0,"enemies":"Large Slime","floor":14.0,"turns":9.0},{"damage":26.0,"enemies":"The Guardian","floor":16.0,"turns":10.0},{"damage":0.0,"enemies":"3 Byrds","floor":18.0,"turns":8.0},{"damage":0.0,"enemies":"2 Thieves","floor":19.0,"turns":4.0},{"damage":6.0,"enemies":"Shelled Parasite and Fungi","floor":21.0,"turns":4.0},{"damage":7.0,"enemies":"Sentry and Sphere","floor":22.0,"turns":8.0},{"damage":0.0,"enemies":"Snecko","floor":24.0,"turns":3.0},{"damage":18.0,"enemies":"Shelled Parasite and Fungi","floor":28.0,"turns":4.0},{"damage":1.0,"enemies":"Book of Stabbing","floor":29.0,"turns":4.0},{"damage":17.0,"enemies":"Champ","floor":33.0,"turns":4.0},{"damage":0.0,"enemies":"3 Shapes","floor":35.0,"turns":6.0},{"damage":3.0,"enemies":"Orb Walker","floor":37.0,"turns":3.0},{"damage":0.0,"enemies":"Writhing Mass","floor":39.0,"turns":1.0},{"damage":9.0,"enemies":"Giant Head","floor":41.0,"turns":3.0},{"damage":21.0,"enemies":"Mind Bloom Boss Battle","floor":44.0,"turns":4.0},{"damage":1.0,"enemies":"Jaw Worm Horde","floor":45.0,"turns":6.0},{"damage":0.0,"enemies":"Spire Growth","floor":47.0,"turns":2.0},{"damage":0,"enemies":"Transient","floor":48,"turns":2},{"damage":28,"enemies":"Awakened One","floor":50,"turns":11}],"seed_played":"-4079739760770152536","potions_obtained":[{"floor":1.0,"key":"Ancient Potion"},{"floor":5.0,"key":"Strength Potion"},{"floor":24.0,"key":"GhostInAJar"},{"floor":28.0,"key":"Explosive Potion"},{"floor":29.0,"key":"LiquidBronze"},{"floor":35.0,"key":"Strength Potion"},{"floor":41.0,"key":"SkillPotion"},{"floor":45.0,"key":"AttackPotion"}],"is_trial":false,"path_per_floor":["M","?","$","?","M","R","E","M","T","M","R","$","R","M","R","B",null,"M","M","$","M","M","R","M","R","T","?","M","E","?","?","R","B",null,"M","$","M","?","M","R","E","?","T","?","M","?","M","M","R","B",null],"character_chosen":"THE_SILENT","items_purchased":["Footwork","Juzu Bracelet","Setup+1","SpeedPotion"],"campfire_rested":4,"item_purchase_floors":[3,36,36,36],"current_hp_per_floor":[59,52,52,52,52,52,29,29,29,28,28,28,28,28,47,21,55,55,55,55,49,42,42,42,42,42,21,3,2,2,2,21,4,51,51,51,48,48,48,66,57,57,57,36,35,35,35,35,54,26],"gold":197,"neow_bonus":"RANDOM_COMMON_RELIC","is_prod":false,"is_daily":false,"chose_seed":false,"campfire_upgraded":5,"win_rate":0,"timestamp":1551743481,"path_taken":["M","?","$","?","M","R","E","M","T","M","R","?","R","M","R","BOSS","M","M","$","?","M","R","M","R","T","?","M","E","?","?","R","BOSS","M","$","M","?","M","R","E","?","T","?","M","?","M","M","R","BOSS"],"build_version":"2019-01-23","purchased_purges":2,"victory":true,"max_hp_per_floor":[66,66,66,66,66,66,66,66,66,66,66,66,66,66,66,66,66,66,66,66,66,66,66,66,66,66,66,66,66,66,66,66,66,66,66,66,66,66,66,66,66,66,66,66,66,66,66,66,66,66],"card_choices":[{"not_picked":["Distraction","Backflip"],"picked":"Deadly Poison","floor":1.0},{"not_picked":["Poisoned Stab","Outmaneuver"],"picked":"Catalyst","floor":5.0},{"not_picked":["Caltrops","Masterful Stab"],"picked":"Escape Plan","floor":7.0},{"not_picked":["Accuracy","Outmaneuver"],"picked":"PiercingWail","floor":8.0},{"not_picked":["Poisoned Stab","Bane"],"picked":"Dash","floor":10.0},{"not_picked":["Backflip","Poisoned Stab"],"picked":"Leg Sweep","floor":14.0},{"not_picked":["A Thousand Cuts","Tools of the Trade"],"picked":"Burst","floor":16.0},{"not_picked":["Quick Slash","Outmaneuver","Choke"],"picked":"SKIP","floor":18.0},{"not_picked":["Infinite Blades","Acrobatics"],"picked":"Deadly Poison+1","floor":19.0},{"not_picked":["Dodge and Roll","Choke"],"picked":"Blur","floor":21.0},{"not_picked":["Infinite Blades","Skewer+1"],"picked":"Well Laid Plans","floor":22.0},{"not_picked":["Acrobatics","Outmaneuver+1"],"picked":"Dagger Spray","floor":24.0},{"not_picked":["Bane","Cloak And Dagger+1"],"picked":"PiercingWail+1","floor":28.0},{"not_picked":["Cloak And Dagger+1","Burst+1"],"picked":"Catalyst+1","floor":29.0},{"not_picked":["Venomology+1","Glass Knife"],"picked":"Night Terror+1","floor":33.0},{"not_picked":["Acrobatics+1","Dash"],"picked":"Catalyst+1","floor":35.0},{"not_picked":["Cloak And Dagger+1","Flying Knee+1","Acrobatics+1"],"picked":"SKIP","floor":37.0},{"not_picked":["Underhanded Strike","Prepared+1","Dagger Throw"],"picked":"SKIP","floor":39.0},{"not_picked":["Quick Slash+1","Grand Finale"],"picked":"Crippling Poison+1","floor":41.0},{"not_picked":["Quick Slash","Dash","Skewer"],"picked":"SKIP","floor":45.0},{"not_picked":["Dagger Spray","Prepared+1"],"picked":"Leg Sweep+1","floor":47.0},{"not_picked":["Flying Knee","Riddle With Holes","Terror+1"],"picked":"SKIP","floor":48}],"player_experience":868202,"relics_obtained":[{"floor":7.0,"key":"Bag of Preparation"},{"floor":9.0,"key":"Snake Skull"},{"floor":26.0,"key":"Toxic Egg 2"},{"floor":27.0,"key":"Enchiridion"},{"floor":29.0,"key":"Oddly Smooth Stone"},{"floor":41.0,"key":"Pen Nib"},{"floor":43.0,"key":"The Courier"},{"floor":44.0,"key":"Incense Burner"}],"event_choices":[{"cards_removed":["Strike_G"],"damage_healed":0.0,"max_hp_gain":0.0,"max_hp_loss":0.0,"gold_gain":0.0,"event_name":"Golden Wing","player_choice":"Card Removal","floor":2.0,"gold_loss":0.0,"damage_taken":7.0},{"damage_healed":0.0,"max_hp_gain":0.0,"max_hp_loss":0.0,"gold_gain":0.0,"event_name":"The Cleric","player_choice":"Leave","floor":4.0,"gold_loss":0.0,"damage_taken":0.0},{"damage_healed":0.0,"max_hp_gain":0.0,"max_hp_loss":0.0,"gold_gain":0.0,"event_name":"Cursed Tome","player_choice":"Obtained Book","floor":27.0,"gold_loss":0.0,"damage_taken":21.0},{"damage_healed":0.0,"max_hp_gain":0.0,"max_hp_loss":0.0,"gold_gain":50.0,"event_name":"Nest","player_choice":"Stole From Cult","floor":30.0,"gold_loss":0.0,"damage_taken":0.0},{"damage_healed":0.0,"max_hp_gain":0.0,"max_hp_loss":0.0,"gold_gain":0.0,"event_name":"Back to Basics","player_choice":"Simplicity","floor":31.0,"gold_loss":0.0,"damage_taken":0.0,"cards_upgraded":["Defend_G","Defend_G","Defend_G","Strike_G","Strike_G"]},{"damage_healed":0.0,"max_hp_gain":0.0,"max_hp_loss":0.0,"gold_gain":0.0,"event_name":"Tomb of Lord Red Mask","player_choice":"Paid","floor":38.0,"gold_loss":42.0,"damage_taken":0.0,"relics_obtained":["Red Mask"]},{"damage_healed":0.0,"max_hp_gain":0.0,"max_hp_loss":0.0,"gold_gain":0.0,"event_name":"FaceTrader","player_choice":"Leave","floor":42.0,"gold_loss":0.0,"damage_taken":0.0},{"damage_healed":0.0,"max_hp_gain":0.0,"max_hp_loss":0.0,"gold_gain":0.0,"event_name":"MindBloom","player_choice":"Fight","floor":44.0,"gold_loss":0.0,"damage_taken":0.0},{"cards_removed":["Defend_G"],"damage_healed":0.0,"max_hp_gain":0.0,"max_hp_loss":0.0,"gold_gain":0.0,"event_name":"Falling","player_choice":"Removed Skill","floor":46.0,"gold_loss":0.0,"damage_taken":0.0}],"is_beta":false,"boss_relics":[{"not_picked":["Runic Pyramid","Fusion Hammer"],"picked":"Velvet Choker"},{"not_picked":["Astrolabe","Pandora\u0027s Box"],"picked":"Empty Cage"}],"items_purged_floors":[12,20],"is_endless":false,"potions_floor_spawned":[1,5,24,28,29,35,41,45,48],"ascension_level":17}