{"gold_per_floor":[160,16,16,27,42,102,102,129,153,153,153,186,186,199,199,318,318,342,342,355,454,52,52,91,103,115,147,173,62,85,124,124,243,243,259,328,278,302,154,154,154],"floor_reached":41,"playtime":2149,"items_purged":["Dualcast","Zap","Strike_B","Rainbow+1"],"score":708,"play_id":"b3470c6d-5cb5-451b-9e1e-709e2c907e87","local_time":"20190126213408","is_ascension_mode":true,"campfire_choices":[{"floor":7,"key":"REST"},{"data":"Hologram","floor":11,"key":"SMITH"},{"data":"Hologram","floor":15,"key":"SMITH"},{"floor":23,"key":"REST"},{"floor":25,"key":"REST"},{"floor":32,"key":"REST"},{"floor":40,"key":"REST"}],"neow_cost":"NONE","seed_source_timestamp":765773632028940,"circlet_count":0,"master_deck":["AscendersBane","Defend_B+1","Defend_B","Defend_B","Defend_B","Conserve Battery","Conserve Battery","Hyperbeam+1","Hologram+1","Streamline","Reinforced Body","Hologram+1","Auto Shields+1","Amplify","Steam","Core Surge","Turbo+1","Sunder","Buffer","BootSequence","Beam Cell+1","Core Surge","Self Repair+1","Steam+1","BootSequence","Steam+1","PanicButton"],"relics":["Tiny House","Tiny Chest","Bag of Preparation","Bronze Scales","Smiling Mask","Golden Idol","Sozu","ClockworkSouvenir","Oddly Smooth Stone","MawBank","Meat on the Bone","Turnip","Astrolabe","Ginger"],"potions_floor_usage":[6,12,12,12,16,16],"damage_taken":[{"damage":2,"enemies":"Jaw Worm","floor":1,"turns":5},{"damage":0,"enemies":"2 Louse","floor":4,"turns":3},{"damage":1,"enemies":"Small Slimes","floor":5,"turns":3},{"damage":50,"enemies":"Gremlin Nob","floor":6,"turns":5},{"damage":0,"enemies":"3 Sentries","floor":8,"turns":6},{"damage":21,"enemies":"Lagavulin","floor":12,"turns":8},{"damage":0,"enemies":"Gremlin Gang","floor":14,"turns":1},{"damage":20,"enemies":"Hexaghost","floor":16,"turns":8},{"damage":16,"enemies":"Chosen","floor":18,"turns":6},{"damage":15,"enemies":"Spheric Guardian","floor":20,"turns":4},{"damage":2,"enemies":"Slavers","floor":24,"turns":4},{"damage":1,"enemies":"Snecko","floor":27,"turns":7},{"damage":5,"enemies":"Centurion and Healer","floor":28,"turns":3},{"damage":0,"enemies":"Shelled Parasite and Fungi","floor":30,"turns":5},{"damage":20,"enemies":"Book of Stabbing","floor":31,"turns":7},{"damage":31,"enemies":"Champ","floor":33,"turns":11},{"damage":0,"enemies":"Orb Walker","floor":35,"turns":5},{"damage":57,"enemies":"2 Orb Walkers","floor":36,"turns":5},{"damage":19,"enemies":"3 Darklings","floor":38,"turns":5},{"damage":70,"enemies":"Transient","floor":41,"turns":5}],"seed_played":"8492727143973204907","potions_obtained":[{"floor":0,"key":"EntropicBrew"},{"floor":1,"key":"GamblersBrew"},{"floor":5,"key":"SteroidPotion"}],"is_trial":false,"path_per_floor":["M","$","?","M","M","E","R","E","T","?","R","E","?","M","R","B",null,"M","?","M","?","$","R","E","R","T","M","M","$","M","E","R","B",null,"M","?","$","M","$","R","M"],"character_chosen":"DEFECT","items_purchased":["Hyperbeam","ClockworkSouvenir","Oddly Smooth Stone","Buffer","PanicButton"],"campfire_rested":5,"item_purchase_floors":[2,22,22,29,39],"current_hp_per_floor":[71,71,71,71,70,20,44,44,44,44,44,23,23,23,23,3,56,40,40,25,25,25,47,45,67,67,66,61,61,61,41,63,44,67,74,29,29,32,32,54,0],"gold":154,"neow_bonus":"BOSS_RELIC","is_prod":false,"is_daily":false,"chose_seed":false,"campfire_upgraded":2,"win_rate":0,"timestamp":1548556448,"path_taken":["M","$","?","M","M","E","R","E","T","?","R","E","?","M","R","BOSS","M","?","?","?","$","R","E","R","T","M","M","$","M","E","R","BOSS","M","?","$","M","$","R","M"],"build_version":"2019-01-23","purchased_purges":4,"victory":false,"max_hp_per_floor":[80,80,80,80,80,80,80,80,80,80,80,80,74,74,74,74,74,74,74,74,74,74,74,74,74,74,74,74,74,74,74,74,74,74,74,74,74,74,74,74,74],"card_choices":[{"not_picked":["Cold Snap","Go for the Eyes"],"picked":"Conserve Battery","floor":0},{"not_picked":["FTL","Aggregate"],"picked":"Conserve Battery","floor":1},{"not_picked":["Gash","Sweeping Beam"],"picked":"Hologram","floor":4},{"not_picked":["Rebound","Undo"],"picked":"Streamline","floor":5},{"not_picked":["Reprogram","Darkness"],"picked":"Reinforced Body","floor":6},{"not_picked":["Beam Cell","Recycle"],"picked":"Hologram","floor":8},{"not_picked":["Compile Driver","Redo","Glacier"],"picked":"SKIP","floor":12},{"not_picked":["Barrage","Rebound"],"picked":"Auto Shields","floor":14},{"not_picked":["Rainbow","All For One"],"picked":"Amplify","floor":16},{"not_picked":["Redo+1","Beam Cell"],"picked":"Steam","floor":18},{"not_picked":["Chaos","Leap"],"picked":"Core Surge","floor":20},{"not_picked":["Ball Lightning+1","Hologram"],"picked":"Turbo+1","floor":24},{"not_picked":["Steam Power+1","White Noise"],"picked":"Sunder","floor":27},{"not_picked":["Conserve Battery","Auto Shields","Coolheaded+1"],"picked":"SKIP","floor":28},{"not_picked":["Redo","Chill+1"],"picked":"BootSequence","floor":30},{"not_picked":["Heatsinks","Stack"],"picked":"Beam Cell+1","floor":31},{"not_picked":["Thunder Strike","Rainbow"],"picked":"Core Surge","floor":33},{"not_picked":["Lockon+1","Fusion+1"],"picked":"BootSequence","floor":35},{"not_picked":["Rebound+1","Redo"],"picked":"Steam+1","floor":36},{"not_picked":["Cold Snap+1","Aggregate","Darkness+1"],"picked":"SKIP","floor":38}],"player_experience":488712,"relics_obtained":[{"floor":6,"key":"Tiny Chest"},{"floor":8,"key":"Bag of Preparation"},{"floor":12,"key":"Smiling Mask"},{"floor":24,"key":"MawBank"},{"floor":26,"key":"Meat on the Bone"},{"floor":31,"key":"Turnip"},{"floor":36,"key":"Ginger"}],"event_choices":[{"damage_healed":0,"gold_gain":0,"player_choice":"Grow","damage_taken":0,"max_hp_gain":0,"max_hp_loss":0,"event_name":"Living Wall","floor":3,"gold_loss":0,"cards_upgraded":["Hyperbeam"]},{"damage_healed":0,"gold_gain":0,"player_choice":"Searched \u00271\u0027 times","damage_taken":0,"relics_obtained":["Bronze Scales"],"max_hp_gain":0,"max_hp_loss":0,"event_name":"Dead Adventurer","floor":10,"gold_loss":0},{"damage_healed":0,"gold_gain":0,"player_choice":"Lose Max HP","damage_taken":0,"relics_obtained":["Golden Idol"],"max_hp_gain":0,"max_hp_loss":6,"event_name":"Golden Idol","floor":13,"gold_loss":0},{"damage_healed":0,"gold_gain":0,"player_choice":"Upgraded","damage_taken":0,"max_hp_gain":0,"max_hp_loss":0,"event_name":"Upgrade Shrine","floor":19,"gold_loss":0,"cards_upgraded":["Auto Shields"]},{"damage_healed":0,"gold_gain":99,"player_choice":"Stole From Cult","damage_taken":0,"max_hp_gain":0,"max_hp_loss":0,"event_name":"Nest","floor":21,"gold_loss":0},{"damage_healed":0,"gold_gain":0,"player_choice":"Fight","damage_taken":0,"max_hp_gain":0,"max_hp_loss":0,"event_name":"Mysterious Sphere","floor":36,"gold_loss":0}],"is_beta":false,"boss_relics":[{"not_picked":["Lizard Tail","Fusion Hammer"],"picked":"Sozu"},{"not_picked":["Cursed Key","White Beast Statue"],"picked":"Astrolabe"}],"items_purged_floors":[22,29,37,39],"is_endless":false,"potions_floor_spawned":[1,5,20,30,31,36],"killed_by":"Transient","ascension_level":10}