{"gold_per_floor":[315,315,325,344,356,383,383,483,530,565,584,604,321,321,321,416,416,426,426,437,452,17,17,17,79,79,109,119,148,248,259,259,355,355,369,469,481,495,11,11,26,44,44,54,54,64,74,106,106,106],"floor_reached":51,"playtime":3746,"items_purged":["Strike_R","Berserk","Wild Strike"],"score":901,"play_id":"48e916c5-d276-417a-97bd-444fa73dd444","local_time":"20190302165500","is_ascension_mode":true,"campfire_choices":[{"data":"Bash","floor":7,"key":"SMITH"},{"data":"Juggernaut","floor":15,"key":"SMITH"},{"data":"True Grit","floor":23,"key":"SMITH"},{"floor":32,"key":"REST"},{"data":"Demon Form","floor":40,"key":"SMITH"},{"data":"Heavy Blade","floor":49,"key":"SMITH"}],"neow_cost":"NO_GOLD","seed_source_timestamp":1121659422616856,"circlet_count":0,"master_deck":["Bash+1","Intimidate","Metallicize","Inflame","Shockwave","Intimidate","Spot Weakness","Juggernaut+1","Shrug It Off","Feed","Heavy Blade+1","True Grit+1","Immolate","Fire Breathing","Bite","Bite","Bite","Bite","Bite","Shrug It Off","Twin Strike","Demon Form+1","Disarm","Juggernaut","Uppercut+1","Cleave+1","Fire Breathing+1","Twin Strike+1","Second Wind+1","Intimidate","Juggernaut"],"relics":["Burning Blood","Old Coin","Ornamental Fan","Orichalcum","Pandora\u0027s Box","Gremlin Horn","Tiny Chest","The Courier","Smiling Mask","Regal Pillow","Astrolabe","Incense Burner","Magic Flower","Mummified Hand","PreservedInsect","Pear","Pantograph"],"potions_floor_usage":[21,25,27,27,31,33,41,50,50],"damage_taken":[{"damage":6,"enemies":"Cultist","floor":1,"turns":4},{"damage":6,"enemies":"Jaw Worm","floor":3,"turns":4},{"damage":8,"enemies":"Small Slimes","floor":4,"turns":4},{"damage":13,"enemies":"3 Louse","floor":5,"turns":6},{"damage":21,"enemies":"3 Sentries","floor":6,"turns":11},{"damage":25,"enemies":"Lagavulin","floor":10,"turns":6},{"damage":3,"enemies":"Looter","floor":11,"turns":3},{"damage":3,"enemies":"2 Fungi Beasts","floor":12,"turns":4},{"damage":5,"enemies":"Slime Boss","floor":16,"turns":7},{"damage":27,"enemies":"2 Thieves","floor":18,"turns":4},{"damage":13,"enemies":"Spheric Guardian","floor":20,"turns":4},{"damage":18,"enemies":"Snake Plant","floor":21,"turns":5},{"damage":49,"enemies":"Book of Stabbing","floor":25,"turns":7},{"damage":20,"enemies":"Gremlin Leader","floor":27,"turns":6},{"damage":24,"enemies":"Sentry and Sphere","floor":28,"turns":6},{"damage":38,"enemies":"Book of Stabbing","floor":29,"turns":7},{"damage":17,"enemies":"Chosen and Byrds","floor":31,"turns":6},{"damage":59,"enemies":"Automaton","floor":33,"turns":11},{"damage":35,"enemies":"Orb Walker","floor":35,"turns":5},{"damage":34,"enemies":"Mind Bloom Boss Battle","floor":36,"turns":8},{"damage":3,"enemies":"3 Shapes","floor":37,"turns":7},{"damage":28,"enemies":"Sphere and 2 Shapes","floor":38,"turns":6},{"damage":16,"enemies":"Maw","floor":41,"turns":6},{"damage":36,"enemies":"Jaw Worm Horde","floor":42,"turns":5},{"damage":34,"enemies":"Sphere and 2 Shapes","floor":44,"turns":5},{"damage":15,"enemies":"Transient","floor":46,"turns":5},{"damage":3,"enemies":"Maw","floor":47,"turns":6},{"damage":9,"enemies":"Reptomancer","floor":48,"turns":5},{"damage":56,"enemies":"Time Eater","floor":50,"turns":9}],"seed_played":"6288388247943333579","potions_obtained":[{"floor":4,"key":"BloodPotion"},{"floor":6,"key":"Poison Potion"},{"floor":10,"key":"BloodPotion"},{"floor":12,"key":"EssenceOfSteel"},{"floor":20,"key":"Regen Potion"},{"floor":25,"key":"SkillPotion"},{"floor":29,"key":"EssenceOfSteel"},{"floor":31,"key":"Weak Potion"},{"floor":33,"key":"Strength Potion"},{"floor":36,"key":"Fire Potion"},{"floor":38,"key":"BloodPotion"},{"floor":42,"key":"PowerPotion"}],"is_trial":false,"path_per_floor":["M","?","M","M","M","E","R","?","T","E","M","M","$","?","R","B",null,"M","?","M","M","$","R","?","E","T","E","M","E","?","M","R","B",null,"M","?","M","M","$","R","M","M","T","M","T","M","M","E","R","B",null],"character_chosen":"IRONCLAD","items_purchased":["Juggernaut","Shrug It Off","Gremlin Horn","FairyPotion","Magic Flower","Mummified Hand"],"campfire_rested":1,"item_purchase_floors":[13,13,22,22,39,39],"current_hp_per_floor":[80,85,85,83,76,61,61,61,61,44,49,54,54,54,54,57,85,67,67,66,68,68,68,68,47,47,59,48,26,26,19,61,24,91,69,51,61,50,50,50,67,60,60,49,59,62,77,86,86,81],"gold":106,"neow_bonus":"ONE_RARE_RELIC","is_prod":false,"is_daily":false,"chose_seed":false,"campfire_upgraded":5,"win_rate":0,"timestamp":1551563700,"path_taken":["M","?","M","M","M","E","R","?","T","E","?","M","$","?","R","BOSS","M","?","M","M","$","R","?","E","T","E","M","E","?","?","R","BOSS","M","?","M","M","$","R","M","M","T","M","?","M","?","E","R","BOSS"],"build_version":"2019-01-23","purchased_purges":3,"victory":true,"max_hp_per_floor":[80,85,85,85,85,85,85,85,85,85,85,85,85,85,85,85,85,88,88,88,88,88,88,88,88,88,88,91,91,91,91,91,91,91,94,94,97,100,100,100,100,103,103,106,116,116,116,116,116,116],"card_choices":[{"not_picked":["Sword Boomerang","Battle Trance"],"picked":"Wild Strike","floor":1},{"not_picked":["Cleave","Perfected Strike"],"picked":"Intimidate","floor":3},{"not_picked":["Burning Pact","Bloodletting","Clash"],"picked":"SKIP","floor":4},{"not_picked":["Heavy Blade","Immolate"],"picked":"Metallicize","floor":5},{"not_picked":["Armaments","Feel No Pain"],"picked":"Inflame","floor":6},{"not_picked":["Heavy Blade","Iron Wave"],"picked":"Shockwave","floor":10},{"not_picked":["Dropkick","Twin Strike"],"picked":"Intimidate","floor":11},{"not_picked":["Anger","Pommel Strike"],"picked":"Spot Weakness","floor":12},{"not_picked":["Barricade","Immolate"],"picked":"Feed","floor":16},{"not_picked":["Flex","Hemokinesis"],"picked":"Rage","floor":18},{"not_picked":["Fire Breathing+1","Uppercut"],"picked":"Shrug It Off","floor":20},{"not_picked":["Carnage","Wild Strike","Perfected Strike"],"picked":"SKIP","floor":21},{"not_picked":["Anger","Perfected Strike","Headbutt+1"],"picked":"SKIP","floor":25},{"not_picked":["Feel No Pain","Dropkick+1","Corruption"],"picked":"SKIP","floor":27},{"not_picked":["Carnage","Havoc"],"picked":"Twin Strike","floor":28},{"not_picked":["Twin Strike","Heavy Blade"],"picked":"Demon Form","floor":29},{"not_picked":["Intimidate","Uppercut"],"picked":"Disarm","floor":31},{"not_picked":["Fiend Fire","Bludgeon"],"picked":"Juggernaut","floor":33},{"not_picked":["Warcry","Heavy Blade","Anger"],"picked":"SKIP","floor":35},{"not_picked":["Clash+1","Armaments"],"picked":"Twin Strike+1","floor":36},{"not_picked":["Body Slam+1","Fiend Fire","Shrug It Off"],"picked":"SKIP","floor":37},{"not_picked":["Wild Strike+1","Power Through"],"picked":"Second Wind+1","floor":38},{"not_picked":["Entrench","Searing Blow+1","Pommel Strike+1"],"picked":"SKIP","floor":41},{"not_picked":["Body Slam+1","True Grit+1","Wild Strike"],"picked":"SKIP","floor":42},{"not_picked":["Shrug It Off","Hemokinesis"],"picked":"Intimidate","floor":44},{"not_picked":["Clash+1","Body Slam+1","Thunderclap"],"picked":"SKIP","floor":46},{"not_picked":["Sentinel+1","Thunderclap","Twin Strike"],"picked":"SKIP","floor":47},{"not_picked":["Barricade","Havoc+1"],"picked":"Juggernaut","floor":48}],"player_experience":214509,"relics_obtained":[{"floor":6,"key":"Ornamental Fan"},{"floor":9,"key":"Blood Vial"},{"floor":10,"key":"Orichalcum"},{"floor":25,"key":"Tiny Chest"},{"floor":26,"key":"The Courier"},{"floor":27,"key":"Smiling Mask"},{"floor":29,"key":"Regal Pillow"},{"floor":36,"key":"Incense Burner"},{"floor":43,"key":"PreservedInsect"},{"floor":45,"key":"Pear"},{"floor":48,"key":"Pantograph"}],"event_choices":[{"damage_healed":0,"gold_gain":0,"player_choice":"Donut","damage_taken":0,"max_hp_gain":5,"max_hp_loss":0,"event_name":"Big Fish","floor":2,"gold_loss":0},{"damage_healed":0,"gold_gain":100,"player_choice":"Pray","damage_taken":0,"max_hp_gain":0,"max_hp_loss":0,"event_name":"Golden Shrine","floor":8,"gold_loss":0},{"cards_removed":["Strike_R"],"damage_healed":0,"gold_gain":0,"player_choice":"Forget","damage_taken":0,"max_hp_gain":0,"max_hp_loss":0,"event_name":"Living Wall","floor":14,"gold_loss":0},{"damage_healed":0,"gold_gain":0,"player_choice":"Became a vampire (Vial)","damage_taken":0,"max_hp_gain":0,"max_hp_loss":0,"event_name":"Vampires","floor":19,"relics_lost":["Blood Vial"],"gold_loss":0,"cards_obtained":["Bite","Bite","Bite","Bite","Bite"]},{"damage_healed":0,"gold_gain":100,"player_choice":"Pray","damage_taken":0,"max_hp_gain":0,"max_hp_loss":0,"event_name":"Golden Shrine","floor":30,"gold_loss":0},{"damage_healed":0,"gold_gain":0,"player_choice":"Fight","damage_taken":0,"max_hp_gain":0,"max_hp_loss":0,"event_name":"MindBloom","floor":36,"gold_loss":0}],"is_beta":false,"boss_relics":[{"not_picked":["Velvet Choker","Runic Dome"],"picked":"Pandora\u0027s Box"},{"not_picked":["White Beast Statue","Runic Cube"],"picked":"Astrolabe"}],"items_purged_floors":[13,22,39],"is_endless":false,"potions_floor_spawned":[4,6,10,12,20,25,29,31,33,36,38,42,44,46,47],"ascension_level":2}