{"path_per_floor":["M","?","M","?","M","R","?","E","T","R","?","$","M","?","R","B",null],"character_chosen":"IRONCLAD","items_purchased":["Dead Branch"],"gold_per_floor":[118,68,88,154,174,174,174,201,201,201,376,62,76,76,76,174,174,174],"floor_reached":18,"campfire_rested":2,"playtime":801,"current_hp_per_floor":[73,73,74,74,75,75,50,31,31,55,55,55,51,35,59,10,80,0],"items_purged":[],"gold":174,"score":190,"play_id":"f1aac86f-f7fd-4237-a427-22808b0a52fb","local_time":"20180508184700","is_prod":false,"is_daily":false,"chose_seed":true,"is_ascension_mode":true,"campfire_upgraded":1,"timestamp":1525830420,"path_taken":["M","?","M","?","?","R","?","E","T","R","?","$","M","?","R","BOSS","M"],"build_version":"2018-05-03","seed_source_timestamp":2401097064504624,"purchased_purges":0,"victory":false,"master_deck":["Strike_R","Strike_R","Strike_R","Strike_R","Strike_R","Defend_R","Defend_R","Defend_R","Bash","True Grit+1","Clothesline","Intimidate+1","Sentinel","Doubt","Shrug It Off+1","Impervious"],"max_hp_per_floor":[80,80,80,80,80,80,80,80,80,80,80,80,80,80,80,80,80,80],"relics":["Burning Blood","Question Card","Shovel","Paper Frog","Dead Branch","Black Star"],"card_choices":[{"not_picked":["Sentinel","Havoc"],"picked":"True Grit","floor":1},{"not_picked":["Intimidate","Thunderclap"],"picked":"Clothesline","floor":3},{"not_picked":["Pommel Strike","Spot Weakness"],"picked":"Intimidate","floor":5},{"not_picked":["Berserk","Battle Trance","Perfected Strike"],"picked":"Sentinel","floor":8},{"not_picked":["Havoc","Wild Strike","Fire Breathing"],"picked":"Shrug It Off","floor":13},{"not_picked":["Reaper","Brutality","Bludgeon"],"picked":"Impervious","floor":16}],"player_experience":157659,"potions_floor_usage":[16],"damage_taken":[{"damage":13,"enemies":"Jaw Worm","floor":1,"turns":4},{"damage":5,"enemies":"2 Louse","floor":3,"turns":3},{"damage":5,"enemies":"Small Slimes","floor":5,"turns":5},{"damage":25,"enemies":"Gremlin Nob","floor":8,"turns":5},{"damage":10,"enemies":"Blue Slaver","floor":13,"turns":4},{"damage":55,"enemies":"The Guardian","floor":16,"turns":21},{"damage":82,"enemies":"3 Byrds","floor":18,"turns":6}],"event_choices":[{"event_name":"The Cleric","player_choice":"Card Removal","floor":2,"damage_taken":0},{"event_name":"Golden Wing","player_choice":"Gained Gold","floor":4,"damage_taken":0},{"event_name":"Scrap Ooze","player_choice":"success","floor":7,"damage_taken":25},{"event_name":"Liars Game","player_choice":"agreed","floor":11,"damage_taken":0},{"event_name":"Shining Light","player_choice":"Entered Light","floor":14,"damage_taken":0}],"boss_relics":[{"not_picked":["Calling Bell","Philosopher\u0027s Stone"],"picked":"Black Star"}],"potions_floor_spawned":[1],"seed_played":"-6659017462220087366","killed_by":"3 Byrds","ascension_level":4,"is_trial":false}