{"path_per_floor":["M","?","M","M","$","R","E","?","T","R","E","M","R","M","R","B",null,"M","?","M","$","?","E","?","R","T","M","M","$","M","M","R","B",null,"M","M","M","$","?","E","R","?","T","M","M","M","M"],"character_chosen":"THE_SILENT","items_purchased":["Acrobatics","Caltrops","Poisoned Stab","Noxious Fumes"],"gold_per_floor":[113,113,131,147,19,19,53,53,53,53,81,92,92,108,108,204,204,217,217,237,162,162,187,187,187,187,206,224,52,63,74,74,172,172,182,196,207,82,0,35,35,35,35,49,63,76,89,89],"floor_reached":48,"campfire_rested":5,"playtime":4157,"current_hp_per_floor":[70,63,63,63,63,63,48,34,34,55,48,46,46,43,64,29,70,57,57,55,55,55,43,30,52,52,47,31,31,24,20,42,22,75,75,75,51,51,51,26,48,39,39,49,18,12,7,0],"items_purged":["Strike_G","Defend_G","Doubt"],"gold":89,"score":496,"play_id":"5091c968-6307-4b5d-9ce2-3f42f391dcff","local_time":"20180415221458","is_prod":false,"is_daily":false,"chose_seed":false,"is_ascension_mode":false,"campfire_upgraded":2,"timestamp":1523855698,"path_taken":["M","?","M","M","$","R","E","?","T","R","E","M","R","M","R","BOSS","M","?","M","$","?","E","?","R","T","M","M","$","?","M","R","BOSS","M","M","M","$","?","E","R","?","T","M","M","M","M","M"],"build_version":"2018-04-12","seed_source_timestamp":422868911205964,"purchased_purges":3,"victory":false,"master_deck":["Defend_G","Defend_G","Defend_G+1","Strike_G","Strike_G","Strike_G","Survivor","Neutralize+1","Terror+1","Dodge and Roll","Quick Slash+1","Acrobatics","Caltrops","Poisoned Stab","Dagger Throw","Prepared","Footwork","A Thousand Cuts","Bullet Time+1","Slice+1","Backflip","Escape Plan","Noxious Fumes","Tools of the Trade","Doubt","Clumsy","Leg Sweep+1","Madness+1","Madness+1","Bouncing Flask+1","Bouncing Flask+1"],"max_hp_per_floor":[70,70,70,70,70,70,70,70,70,70,70,70,70,70,70,70,70,70,70,70,70,70,70,75,75,75,75,75,75,75,75,75,75,75,75,75,75,75,75,75,75,75,75,75,75,75,75,75],"relics":["Ring of the Snake","Vajra","Gremlin Horn","Mercury Hourglass","Ice Cream","Sozu","Girya","Mummified Hand","Calling Bell","Toxic Egg 2","Bronze Scales","Bird Faced Urn","Red Mask","Bottled Lightning","Omamori"],"card_choices":[{"not_picked":["Underhanded Strike","Poisoned Stab"],"picked":"Terror","floor":1},{"not_picked":["Finisher","PiercingWail"],"picked":"Dodge and Roll","floor":3},{"not_picked":["Bane","Eviscerate"],"picked":"Quick Slash","floor":4},{"not_picked":["Slice","Deadly Poison"],"picked":"Dagger Throw","floor":7},{"not_picked":["Poisoned Stab","Sucker Punch"],"picked":"Prepared","floor":11},{"not_picked":["Underhanded Strike","Dodge and Roll"],"picked":"Footwork","floor":12},{"not_picked":["Deflect","Prepared"],"picked":"A Thousand Cuts","floor":14},{"not_picked":["Doppelganger","A Thousand Cuts"],"picked":"Bullet Time","floor":16},{"not_picked":["Caltrops","Deadly Poison"],"picked":"Slice","floor":20},{"not_picked":["Deflect","Blade Dance"],"picked":"Backflip","floor":27},{"not_picked":["Skewer","Deflect"],"picked":"Escape Plan","floor":28},{"not_picked":["Corpse Explosion","Bullet Time"],"picked":"Tools of the Trade","floor":33},{"not_picked":["Backflip","Dagger Spray"],"picked":"Leg Sweep","floor":40},{"not_picked":["Slice","Deflect"],"picked":"Bouncing Flask","floor":45},{"not_picked":["Sucker Punch","Masterful Stab"],"picked":"Bouncing Flask","floor":46}],"player_experience":22135,"potions_floor_usage":[18,23,47],"damage_taken":[{"damage":0,"enemies":"Jaw Worm","floor":1,"turns":3},{"damage":0,"enemies":"Cultist","floor":3,"turns":4},{"damage":0,"enemies":"Small Slimes","floor":4,"turns":4},{"damage":15,"enemies":"Gremlin Nob","floor":7,"turns":4},{"damage":7,"enemies":"3 Sentries","floor":11,"turns":5},{"damage":2,"enemies":"Blue Slaver","floor":12,"turns":3},{"damage":3,"enemies":"Looter","floor":14,"turns":3},{"damage":35,"enemies":"Slime Boss","floor":16,"turns":6},{"damage":13,"enemies":"Chosen","floor":18,"turns":4},{"damage":2,"enemies":"3 Byrds","floor":20,"turns":3},{"damage":12,"enemies":"Gremlin Leader","floor":23,"turns":5},{"damage":5,"enemies":"3 Cultists","floor":27,"turns":4},{"damage":16,"enemies":"Chosen and Byrds","floor":28,"turns":4},{"damage":7,"enemies":"Centurion and Healer","floor":30,"turns":5},{"damage":4,"enemies":"Snake Plant","floor":31,"turns":3},{"damage":20,"enemies":"Automaton","floor":33,"turns":10},{"damage":8,"enemies":"3 Shapes","floor":35,"turns":4},{"damage":0,"enemies":"Orb Walker","floor":36,"turns":3},{"damage":27,"enemies":"Maw","floor":37,"turns":8},{"damage":35,"enemies":"Giant Head","floor":40,"turns":9},{"damage":0,"enemies":"4 Shapes","floor":44,"turns":4},{"damage":41,"enemies":"3 Darklings","floor":45,"turns":4},{"damage":16,"enemies":"Sphere and 2 Shapes","floor":46,"turns":5},{"damage":15,"enemies":"Maw","floor":47,"turns":6},{"damage":11,"enemies":"4 Shapes","floor":48,"turns":1}],"event_choices":[{"event_name":"Golden Wing","player_choice":"Card Removal","floor":2,"damage_taken":0},{"event_name":"Shining Light","player_choice":"Entered Light","floor":8,"damage_taken":0},{"event_name":"Purifier","player_choice":"One Purge","floor":19,"damage_taken":0},{"event_name":"Upgrade Shrine","player_choice":"Upgraded","floor":22,"damage_taken":0},{"event_name":"Forgotten Altar","player_choice":"Shed Blood","floor":24,"damage_taken":0},{"event_name":"Tomb of Lord Red Mask","player_choice":"Paid","floor":39,"damage_taken":0},{"event_name":"Winding Halls","player_choice":"Embrace Madness","floor":42,"damage_taken":0}],"boss_relics":[{"not_picked":["Runic Pyramid","Runic Dome"],"picked":"Sozu"},{"not_picked":["Eternal Feather","Black Star"],"picked":"Calling Bell"}],"potions_floor_spawned":[3,11,16,18,27,30,36,40,44,47],"seed_played":"-4952336113113100950","killed_by":"4 Shapes","ascension_level":0,"is_trial":false}