{"path_per_floor":["M","M","M","?","?","E","?","$","T","R","M","R","E","M","R","B",null,"M","?","M","?","$","E","R","E","T","M","M","?","R","?","R"],"character_chosen":"IRONCLAD","items_purchased":["Twin Strike","Regen Potion","Pear","Flex"],"gold_per_floor":[109,129,146,146,96,123,123,45,45,45,69,69,100,121,121,247,247,261,261,286,286,5,44,44,88,88,109,123,123,123,73,73,73],"floor_reached":33,"campfire_rested":2,"playtime":2488,"current_hp_per_floor":[80,80,80,64,64,29,9,9,9,33,33,33,35,33,57,33,80,54,54,55,55,65,52,52,45,45,65,63,47,47,47,47,0],"items_purged":[],"gold":73,"score":347,"play_id":"13636bc8-eb94-4616-8c19-53bf5bd799c7","local_time":"20180421083616","is_prod":false,"is_daily":false,"chose_seed":false,"is_ascension_mode":true,"campfire_upgraded":2,"timestamp":1524324976,"path_taken":["M","?","M","?","?","E","?","?","T","R","?","R","E","M","R","BOSS","M","?","M","?","$","E","R","E","T","M","?","?","R","?","R","BOSS"],"build_version":"2018-04-19","seed_source_timestamp":0,"purchased_purges":0,"victory":false,"master_deck":["Defend_R","Defend_R","Defend_R+1","Defend_R","Bash+1","Uppercut","Entrench+1","Twin Strike","Shrug It Off","Shrug It Off","Reaper","Pommel Strike","Body Slam+1","Cleave","Flame Barrier","Offering","Intimidate+1","Bite","Bite","Bite","Bite","Bite","Flex","Thunderclap+1"],"max_hp_per_floor":[80,80,80,80,80,80,80,80,80,80,80,80,80,80,80,80,80,80,80,80,56,66,66,66,66,66,66,66,66,66,66,66,66],"relics":["Burning Blood","NeowsBlessing","Shovel","Golden Idol","Ornamental Fan","Bag of Marbles","Happy Flower","Orrery","Pear","Bronze Scales","Omamori","Mercury Hourglass","Enchiridion","Bird Faced Urn"],"card_choices":[{"not_picked":["Wild Strike","True Grit"],"picked":"Uppercut","floor":2.0},{"not_picked":["Perfected Strike","Ghostly Armor"],"picked":"Entrench","floor":6.0},{"not_picked":["Havoc","Impervious"],"picked":"Shrug It Off","floor":11.0},{"not_picked":["Warcry","Combust"],"picked":"Shrug It Off","floor":13.0},{"not_picked":["Bludgeon","Double Tap"],"picked":"Reaper","floor":16.0},{"not_picked":["Bloodletting","Body Slam"],"picked":"Pommel Strike","floor":17.0},{"not_picked":["Clothesline","Searing Blow"],"picked":"Body Slam","floor":17.0},{"not_picked":["Blood for Blood","Anger"],"picked":"Cleave","floor":17.0},{"not_picked":["Twin Strike","Wild Strike"],"picked":"Flame Barrier","floor":17.0},{"not_picked":["Hemokinesis","Pommel Strike"],"picked":"Offering","floor":18.0},{"not_picked":["Battle Trance","Shrug It Off"],"picked":"Intimidate","floor":20.0},{"not_picked":["Searing Blow","True Grit"],"picked":"Thunderclap","floor":28.0}],"player_experience":94424,"potions_floor_usage":[33,33],"damage_taken":[{"damage":0.0,"enemies":"Cultist","floor":1.0,"turns":1.0},{"damage":0.0,"enemies":"Small Slimes","floor":2.0,"turns":1.0},{"damage":0.0,"enemies":"2 Louse","floor":3.0,"turns":1.0},{"damage":41.0,"enemies":"Lagavulin","floor":6.0,"turns":7.0},{"damage":6.0,"enemies":"Looter","floor":11.0,"turns":5.0},{"damage":19.0,"enemies":"3 Sentries","floor":13.0,"turns":7.0},{"damage":8.0,"enemies":"Blue Slaver","floor":14.0,"turns":3.0},{"damage":30.0,"enemies":"Slime Boss","floor":16.0,"turns":14.0},{"damage":38.0,"enemies":"Shell Parasite","floor":18.0,"turns":10.0},{"damage":11.0,"enemies":"Chosen","floor":20.0,"turns":6.0},{"damage":48.0,"enemies":"Slavers","floor":23.0,"turns":6.0},{"damage":25.0,"enemies":"Book of Stabbing","floor":25.0,"turns":6.0},{"damage":8.0,"enemies":"3 Cultists","floor":27.0,"turns":5.0},{"damage":11.0,"enemies":"Snecko","floor":28.0,"turns":4.0},{"damage":93,"enemies":"Champ","floor":33,"turns":16}],"event_choices":[{"event_name":"Shining Light","player_choice":"Entered Light","floor":4.0,"damage_taken":0.0},{"event_name":"The Cleric","player_choice":"Card Removal","floor":5.0,"damage_taken":0.0},{"event_name":"Golden Idol","player_choice":"Take Damage","floor":7.0,"damage_taken":0.0},{"event_name":"Back to Basics","player_choice":"Elegance","floor":19.0,"damage_taken":0.0},{"event_name":"Vampires","player_choice":"Became a vampire","floor":21.0,"damage_taken":0.0},{"event_name":"Cursed Tome","player_choice":"Obtained Book","floor":29.0,"damage_taken":0.0},{"event_name":"The Joust","player_choice":"Bet on Owner","floor":31.0,"damage_taken":0.0}],"boss_relics":[],"potions_floor_spawned":[3,6,11,23,28],"seed_played":"6443018529266600005","killed_by":"Champ","ascension_level":2,"is_trial":false}