{"gold_per_floor":[109,125,125,136,149,184,184,219,219,219,232,249,266,278,278,354,354,367,169,188,207,77,77,107,0,30,30,30],"floor_reached":28,"playtime":1118,"items_purged":["Strike_B"],"score":441,"play_id":"0e121b73-78b4-49fe-b858-40298e2a3046","local_time":"20190211000131","is_ascension_mode":true,"campfire_choices":[{"floor":7.0,"key":"REST"},{"data":"Glacier","floor":10,"key":"SMITH"},{"floor":15,"key":"REST"},{"floor":23,"key":"REST"}],"neow_cost":"NONE","seed_source_timestamp":42665412678940,"circlet_count":0,"master_deck":["AscendersBane","Strike_B","Strike_B","Defend_B","Defend_B","Defend_B","Defend_B","Zap+1","Dualcast","Glacier+1","Ball Lightning","Doom and Gloom","Conserve Battery","Melter","Steam","Coolheaded","Streamline","Fission","Leap+1","Leap","Hologram","Electrodynamics","Barrage","Stack"],"special_seed":0,"relics":["Cracked Core","Pen Nib","Pantograph","Mercury Hourglass","Inserter","Membership Card","The Courier","Tiny Chest","Ornamental Fan"],"potions_floor_usage":[16,18,24,28],"damage_taken":[{"damage":0.0,"enemies":"2 Louse","floor":1.0,"turns":2.0},{"damage":2.0,"enemies":"Jaw Worm","floor":2.0,"turns":3.0},{"damage":0.0,"enemies":"Small Slimes","floor":4.0,"turns":2.0},{"damage":14.0,"enemies":"Exordium Wildlife","floor":5.0,"turns":5.0},{"damage":13.0,"enemies":"3 Sentries","floor":6.0,"turns":5.0},{"damage":17,"enemies":"Gremlin Nob","floor":8,"turns":4},{"damage":2,"enemies":"Red Slaver","floor":11,"turns":3},{"damage":6,"enemies":"Looter","floor":12,"turns":2},{"damage":11,"enemies":"Large Slime","floor":13,"turns":5},{"damage":9,"enemies":"Red Slaver","floor":14,"turns":3},{"damage":32,"enemies":"Hexaghost","floor":16,"turns":11},{"damage":16,"enemies":"3 Byrds","floor":18,"turns":3},{"damage":22,"enemies":"2 Thieves","floor":20,"turns":4},{"damage":4,"enemies":"Centurion and Healer","floor":21,"turns":11},{"damage":37,"enemies":"Slavers","floor":24,"turns":4},{"damage":5,"enemies":"Snake Plant","floor":28,"turns":1}],"seed_played":"1722864964980042612","potions_obtained":[{"floor":2.0,"key":"GamblersBrew"},{"floor":6.0,"key":"LiquidBronze"},{"floor":12,"key":"Explosive Potion"},{"floor":20,"key":"PowerPotion"},{"floor":24,"key":"Weak Potion"}],"is_trial":false,"path_per_floor":["M","M","?","M","M","E","R","E","T","R","M","M","M","M","R","B",null,"M","$","M","M","$","R","E","?","T","T","M"],"character_chosen":"DEFECT","items_purchased":["Membership Card","Electrodynamics","Barrage"],"campfire_rested":3,"item_purchase_floors":[19,22,22],"current_hp_per_floor":[64,62,62,62,48,35,56,39,39,39,37,31,20,11,32,25,60,44,44,22,18,18,39,2,2,2,2,0],"gold":30,"neow_bonus":"UPGRADE_CARD","is_prod":false,"is_daily":false,"chose_seed":false,"campfire_upgraded":1,"win_rate":0,"timestamp":1549810891,"path_taken":["M","M","?","M","M","E","R","E","T","R","M","M","M","M","R","BOSS","M","$","M","M","$","R","E","?","T","?","M"],"build_version":"2019-01-23","purchased_purges":1,"victory":false,"max_hp_per_floor":[71,71,71,71,71,71,71,71,71,71,71,71,71,71,71,71,71,71,71,71,71,71,71,71,71,71,71,71],"card_choices":[{"not_picked":["Steam","Turbo"],"picked":"Glacier","floor":1.0},{"not_picked":["Turbo","Hello World"],"picked":"Ball Lightning","floor":2.0},{"not_picked":["Sweeping Beam","Cold Snap"],"picked":"Doom and Gloom","floor":4.0},{"not_picked":["Ball Lightning","Rebound"],"picked":"Conserve Battery","floor":5.0},{"not_picked":["Cold Snap","Thunder Strike","Sweeping Beam"],"picked":"SKIP","floor":6.0},{"not_picked":["Scrape","Coolheaded"],"picked":"Melter","floor":8},{"not_picked":["Sweeping Beam","Double Energy"],"picked":"Steam","floor":11},{"not_picked":["Stack","Conserve Battery"],"picked":"Coolheaded","floor":12},{"not_picked":["Reprogram","Leap"],"picked":"Streamline","floor":13},{"not_picked":["Recycle","Streamline","Rebound"],"picked":"SKIP","floor":14},{"not_picked":["Reboot","All For One"],"picked":"Fission","floor":16},{"not_picked":["Gash","Fusion"],"picked":"Leap+1","floor":18},{"not_picked":["Heatsinks+1","Steam Power"],"picked":"Leap","floor":20},{"not_picked":["Blizzard","Cold Snap"],"picked":"Hologram","floor":21},{"not_picked":["Blizzard","Coolheaded"],"picked":"Stack","floor":24}],"player_experience":337133,"relics_obtained":[{"floor":6.0,"key":"Pen Nib"},{"floor":8,"key":"Pantograph"},{"floor":9,"key":"Mercury Hourglass"},{"floor":24,"key":"The Courier"},{"floor":26,"key":"Tiny Chest"},{"floor":27,"key":"Ornamental Fan"}],"event_choices":[{"cards_removed":["Strike_B"],"damage_healed":0.0,"max_hp_gain":0.0,"max_hp_loss":0.0,"gold_gain":0.0,"event_name":"Living Wall","player_choice":"Forget","floor":3.0,"gold_loss":0.0,"damage_taken":0.0},{"damage_healed":0,"gold_gain":0,"player_choice":"Paid Fearfully","damage_taken":0,"max_hp_gain":0,"max_hp_loss":0,"event_name":"Masked Bandits","floor":25,"gold_loss":107}],"is_beta":false,"boss_relics":[{"not_picked":["Philosopher\u0027s Stone","Tiny House"],"picked":"Inserter"}],"items_purged_floors":[22],"is_endless":false,"potions_floor_spawned":[2,6,12,13,14,20,24],"killed_by":"Snake Plant","ascension_level":15}