{"gold_per_floor":[212,227,1,14,14,14,14,46,96,107,122,151,151,164,164,238,238,252,224,240,254,267,267,267,267],"floor_reached":25,"playtime":1086,"items_purged":[],"score":460,"play_id":"6f2bad57-6f4b-4bd1-9054-dea91ad5ed32","local_time":"20190214165348","is_ascension_mode":true,"campfire_choices":[{"data":"Ball Lightning","floor":6.0,"key":"SMITH"},{"floor":13.0,"key":"REST"},{"floor":15.0,"key":"REST"},{"floor":23,"key":"REST"}],"neow_cost":"NONE","seed_source_timestamp":25154234955575,"circlet_count":0,"master_deck":["AscendersBane","Strike_B","Strike_B","Strike_B+1","Defend_B","Defend_B","Defend_B","Defend_B","Zap+1","Dualcast","Ball Lightning+1","Darkness","Gash+1","Cold Snap","Buffer","Sunder","Auto Shields","All For One","Stack","Leap+1","Echo Form"],"special_seed":0,"relics":["Cracked Core","ClockworkSouvenir","Whetstone","Bag of Marbles","Blood Vial","Lizard Tail"],"potions_floor_usage":[],"damage_taken":[{"damage":9.0,"enemies":"Jaw Worm","floor":1.0,"turns":4.0},{"damage":7.0,"enemies":"Small Slimes","floor":2.0,"turns":3.0},{"damage":1.0,"enemies":"Cultist","floor":4.0,"turns":3.0},{"damage":45.0,"enemies":"3 Sentries","floor":8.0,"turns":9.0},{"damage":6.0,"enemies":"Exordium Thugs","floor":10.0,"turns":4.0},{"damage":0.0,"enemies":"2 Fungi Beasts","floor":11.0,"turns":2.0},{"damage":0.0,"enemies":"Lagavulin","floor":12.0,"turns":5.0},{"damage":0.0,"enemies":"Exordium Wildlife","floor":14.0,"turns":2.0},{"damage":13.0,"enemies":"Slime Boss","floor":16.0,"turns":9.0},{"damage":21.0,"enemies":"Shell Parasite","floor":18.0,"turns":5.0},{"damage":12.0,"enemies":"2 Thieves","floor":19.0,"turns":4.0},{"damage":0.0,"enemies":"Cultist and Chosen","floor":20.0,"turns":7.0},{"damage":35,"enemies":"Shelled Parasite and Fungi","floor":21,"turns":7},{"damage":1,"enemies":"Snecko","floor":22,"turns":5},{"damage":22,"enemies":"Colosseum Slavers","floor":24,"turns":5},{"damage":52,"enemies":"Book of Stabbing","floor":25,"turns":5}],"seed_played":"-1846583446249333543","potions_obtained":[{"floor":2.0,"key":"Regen Potion"},{"floor":8.0,"key":"FearPotion"},{"floor":10.0,"key":"Poison Potion"},{"floor":16.0,"key":"Poison Potion"},{"floor":18.0,"key":"SkillPotion"}],"is_trial":false,"path_per_floor":["M","M","$","M","?","R","?","E","T","M","M","E","R","M","R","B",null,"M","M","M","M","M","R","?","E"],"character_chosen":"DEFECT","items_purchased":["ClockworkSouvenir"],"campfire_rested":3,"item_purchase_floors":[3],"current_hp_per_floor":[55,48,48,47,47,47,47,17,17,11,11,11,32,34,55,44,64,45,35,37,4,5,26,6,0],"gold":267,"neow_bonus":"HUNDRED_GOLD","is_prod":false,"is_daily":false,"chose_seed":false,"campfire_upgraded":1,"win_rate":0,"timestamp":1550130828,"path_taken":["M","M","$","M","?","R","?","E","T","?","M","E","R","M","R","BOSS","M","M","M","M","M","R","?","E"],"build_version":"2019-01-23","purchased_purges":0,"victory":false,"max_hp_per_floor":[71,71,71,71,71,71,71,71,71,71,71,71,71,71,71,71,71,71,71,71,71,71,71,71,71],"card_choices":[{"not_picked":["Sweeping Beam","Steam"],"picked":"Ball Lightning","floor":1.0},{"not_picked":["Aggregate","Hello World"],"picked":"Darkness","floor":2.0},{"not_picked":["Undo","Darkness"],"picked":"Gash","floor":4.0},{"not_picked":["Coolheaded","Static Discharge","Turbo"],"picked":"SKIP","floor":8.0},{"not_picked":["Rebound","Redo"],"picked":"Cold Snap","floor":10.0},{"not_picked":["Lockon","Tempest"],"picked":"Buffer","floor":11.0},{"not_picked":["Barrage","Recycle"],"picked":"Sunder","floor":12.0},{"not_picked":["Rebound","Streamline"],"picked":"Auto Shields","floor":14.0},{"not_picked":["Amplify","Electrodynamics"],"picked":"All For One","floor":16.0},{"not_picked":["Blizzard","Sweeping Beam","Streamline+1"],"picked":"SKIP","floor":18.0},{"not_picked":["Double Energy","Chaos"],"picked":"Stack","floor":19.0},{"not_picked":["Hologram","Sweeping Beam"],"picked":"Leap+1","floor":20.0},{"not_picked":["Streamline","Undo","Lockon"],"picked":"SKIP","floor":21},{"not_picked":["Steam Power","Hologram"],"picked":"Echo Form","floor":22}],"player_experience":356841,"relics_obtained":[{"floor":8.0,"key":"Whetstone"},{"floor":9.0,"key":"Bag of Marbles"},{"floor":12.0,"key":"Blood Vial"}],"event_choices":[{"damage_healed":0.0,"max_hp_gain":0.0,"max_hp_loss":0.0,"gold_gain":0.0,"event_name":"Living Wall","player_choice":"Grow","floor":5.0,"gold_loss":0.0,"damage_taken":0.0,"cards_upgraded":["Zap"]},{"cards_removed":["Strike_B"],"damage_healed":0.0,"max_hp_gain":0.0,"max_hp_loss":0.0,"gold_gain":0.0,"event_name":"Bonfire Elementals","player_choice":"Offered Basic","floor":7.0,"gold_loss":0.0,"damage_taken":0.0},{"damage_healed":0,"gold_gain":0,"player_choice":"Fight","damage_taken":0,"max_hp_gain":0,"max_hp_loss":0,"event_name":"Colosseum","floor":24,"gold_loss":0},{"damage_healed":0,"gold_gain":0,"player_choice":"Fled From Nobs","damage_taken":0,"max_hp_gain":0,"max_hp_loss":0,"event_name":"Colosseum","floor":24,"gold_loss":0}],"is_beta":false,"boss_relics":[{"not_picked":["FrozenCore","Cursed Key"],"picked":"Lizard Tail"}],"items_purged_floors":[],"is_endless":false,"potions_floor_spawned":[2,8,10,16,18],"killed_by":"Book of Stabbing","ascension_level":18}