{"gold_per_floor":[111,123,135,153,328,328,354,366,378,66,66,81,81,94,94,168,168,181,4,17,35,52,52,52,52,105,105,105,105,137,137],"floor_reached":31,"playtime":1562,"items_purged":["Doubt"],"score":528,"play_id":"0c8a3639-b1ee-4cbc-81a6-c5978a734512","local_time":"20190224102240","is_ascension_mode":true,"campfire_choices":[{"data":"Zap","floor":6.0,"key":"SMITH"},{"floor":8.0,"key":"REST"},{"data":"White Noise","floor":13,"key":"SMITH"},{"data":"Dualcast","floor":15,"key":"SMITH"},{"data":"Thinking Ahead","floor":23,"key":"SMITH"},{"data":"Sunder","floor":27,"key":"SMITH"},{"data":"Zap","floor":29,"key":"SMITH"}],"neow_cost":"NONE","seed_source_timestamp":97105070713143,"circlet_count":0,"master_deck":["AscendersBane","Defend_B","Defend_B","Defend_B","Defend_B","Zap+1","Dualcast+1","Conserve Battery","Glacier","Coolheaded","Electrodynamics","Zap+1","Go for the Eyes","Discovery","White Noise+1","FTL","Core Surge","Double Energy","Thinking Ahead+1","Cold Snap","Sunder+1","Bite","Bite","Bite","Bite","Bite"],"special_seed":0,"relics":["Cracked Core","MawBank","Bronze Scales","Mummified Hand","Sozu","Regal Pillow","Sundial"],"potions_floor_usage":[14,31],"damage_taken":[{"damage":0.0,"enemies":"Cultist","floor":1.0,"turns":4.0},{"damage":7.0,"enemies":"Small Slimes","floor":2.0,"turns":4.0},{"damage":0.0,"enemies":"2 Louse","floor":3.0,"turns":3.0},{"damage":19.0,"enemies":"Exordium Thugs","floor":4.0,"turns":5.0},{"damage":27.0,"enemies":"Lagavulin","floor":7.0,"turns":10.0},{"damage":2,"enemies":"Blue Slaver","floor":12,"turns":4},{"damage":0,"enemies":"3 Louse","floor":14,"turns":1},{"damage":0,"enemies":"Slime Boss","floor":16,"turns":9},{"damage":6,"enemies":"3 Byrds","floor":18,"turns":2},{"damage":0,"enemies":"Spheric Guardian","floor":20,"turns":3},{"damage":15,"enemies":"Chosen and Byrds","floor":21,"turns":5},{"damage":2,"enemies":"Centurion and Healer","floor":22,"turns":7},{"damage":30,"enemies":"Book of Stabbing","floor":30,"turns":4},{"damage":29,"enemies":"Snake Plant","floor":31,"turns":2}],"seed_played":"-4856215121156093472","potions_obtained":[{"floor":2.0,"key":"SkillPotion"},{"floor":3.0,"key":"Block Potion"},{"floor":12,"key":"FocusPotion"}],"is_trial":false,"path_per_floor":["M","M","M","M","?","R","E","R","T","$","?","M","R","M","R","B",null,"M","$","M","M","M","R","?","?","T","R","$","R","E","M"],"character_chosen":"DEFECT","items_purchased":["Mummified Hand","Thinking Ahead"],"campfire_rested":1,"item_purchase_floors":[10,19],"current_hp_per_floor":[68,61,61,42,42,42,15,37,37,37,37,35,35,35,35,35,65,59,59,59,44,42,42,42,42,42,42,42,42,20,0],"gold":137,"neow_bonus":"TRANSFORM_CARD","is_prod":false,"is_daily":false,"chose_seed":false,"campfire_upgraded":6,"win_rate":0,"timestamp":1551032560,"path_taken":["M","?","M","M","?","R","E","R","T","$","?","M","R","M","R","BOSS","M","$","M","M","M","R","?","?","T","R","$","R","E","M"],"build_version":"2019-01-23","purchased_purges":1,"victory":false,"max_hp_per_floor":[75,75,75,75,75,75,75,75,75,75,75,75,75,75,75,75,75,75,75,75,75,75,75,75,52,52,52,52,52,52,52],"card_choices":[{"not_picked":["Cold Snap","Chill"],"picked":"Glacier","floor":1.0},{"not_picked":["Barrage","Scrape","Compile Driver"],"picked":"SKIP","floor":2.0},{"not_picked":["Sweeping Beam","Skim"],"picked":"Coolheaded","floor":3.0},{"not_picked":["Stack","Streamline","Gash"],"picked":"SKIP","floor":4.0},{"not_picked":["Heatsinks","Hello World"],"picked":"Electrodynamics","floor":7.0},{"not_picked":["Barrage","Steam"],"picked":"White Noise","floor":12},{"not_picked":["Turbo","Compile Driver"],"picked":"FTL","floor":14},{"not_picked":["Fission","Amplify"],"picked":"Core Surge","floor":16},{"not_picked":["Heatsinks","Ball Lightning"],"picked":"Double Energy","floor":18},{"not_picked":["Chaos","Ball Lightning","Genetic Algorithm"],"picked":"SKIP","floor":20},{"not_picked":["Blizzard","Coolheaded"],"picked":"Cold Snap","floor":21},{"not_picked":["Scrape+1","Turbo","Fusion"],"picked":"SKIP","floor":22},{"not_picked":["Turbo","Ball Lightning","Cold Snap"],"picked":"SKIP","floor":30}],"player_experience":497738,"relics_obtained":[{"floor":7.0,"key":"MawBank"},{"floor":9.0,"key":"Bronze Scales"},{"floor":26,"key":"Regal Pillow"},{"floor":30,"key":"Sundial"}],"event_choices":[{"damage_healed":0.0,"max_hp_gain":0.0,"max_hp_loss":0.0,"gold_gain":175.0,"event_name":"Liars Game","player_choice":"AGREE","floor":5.0,"gold_loss":0.0,"damage_taken":0.0,"cards_obtained":["Doubt"]},{"damage_healed":0,"gold_gain":0,"player_choice":"3 cards matched","damage_taken":0,"max_hp_gain":0,"max_hp_loss":0,"event_name":"Match and Keep!","floor":11,"gold_loss":0,"cards_obtained":["Zap","Go for the Eyes","Discovery"]},{"damage_healed":0,"gold_gain":0,"player_choice":"Read","damage_taken":0,"max_hp_gain":0,"max_hp_loss":0,"event_name":"The Library","floor":24,"gold_loss":0,"cards_obtained":["Sunder"]},{"damage_healed":0,"gold_gain":0,"player_choice":"Became a vampire","damage_taken":0,"max_hp_gain":0,"max_hp_loss":23,"event_name":"Vampires","floor":25,"gold_loss":0,"cards_obtained":["Bite","Bite","Bite","Bite","Bite"]}],"is_beta":false,"boss_relics":[{"not_picked":["Ectoplasm","Empty Cage"],"picked":"Sozu"}],"items_purged_floors":[10],"is_endless":false,"potions_floor_spawned":[2,3,12,20,21],"killed_by":"Snake Plant","ascension_level":13}