{"gold_per_floor":[111,111,111,111,111,146,146,190,215,259,259,277,277,300,300,389,389,410,431,451,290,205,205,219,258,258,281,281,281,281,296,296,296],"floor_reached":33,"playtime":1880,"items_purged":["Strike_G"],"score":666,"play_id":"3127fc3f-1c17-46d8-a5db-768b788b86d8","local_time":"20190303040240","is_ascension_mode":true,"campfire_choices":[{"data":"Infinite Blades","floor":7,"key":"SMITH"},{"floor":11,"key":"REST"},{"data":"Poisoned Stab","floor":15,"key":"SMITH"},{"floor":23,"key":"REST"},{"data":"Malaise","floor":28,"key":"SMITH"},{"floor":29,"key":"REST"},{"floor":32,"key":"REST"}],"neow_cost":"NONE","seed_source_timestamp":3367479368181327,"circlet_count":0,"master_deck":["AscendersBane","Defend_G","Defend_G","Defend_G","Defend_G","Defend_G","Strike_G","Strike_G","Strike_G","Survivor","Neutralize+1","Poisoned Stab+1","Infinite Blades+1","Backflip","Quick Slash","Backflip","Malaise+1","Well Laid Plans+1","Backstab","Deflect","Blur","Backstab","Malaise+1"],"relics":["Ring of the Snake","NeowsBlessing","Golden Idol","Gambling Chip","Frozen Egg 2","Oddly Smooth Stone","Ginger","Sozu","Ninja Scroll","Bag of Preparation","WingedGreaves"],"potions_floor_usage":[10,16,18],"damage_taken":[{"damage":0,"enemies":"Jaw Worm","floor":1,"turns":1},{"damage":0,"enemies":"Lagavulin","floor":6,"turns":1},{"damage":0,"enemies":"3 Sentries","floor":8,"turns":1},{"damage":40,"enemies":"Lagavulin","floor":10,"turns":6},{"damage":0,"enemies":"2 Louse","floor":12,"turns":2},{"damage":0,"enemies":"Small Slimes","floor":14,"turns":4},{"damage":12,"enemies":"The Guardian","floor":16,"turns":14},{"damage":12,"enemies":"3 Byrds","floor":18,"turns":6},{"damage":11,"enemies":"Shell Parasite","floor":19,"turns":5},{"damage":9,"enemies":"Snake Plant","floor":20,"turns":6},{"damage":0,"enemies":"Chosen and Byrds","floor":24,"turns":7},{"damage":4,"enemies":"Book of Stabbing","floor":25,"turns":8},{"damage":3,"enemies":"Snecko","floor":27,"turns":7},{"damage":12,"enemies":"Centurion and Healer","floor":31,"turns":8},{"damage":61,"enemies":"Collector","floor":33,"turns":9}],"seed_played":"8722562716430665953","potions_obtained":[{"floor":1,"key":"SteroidPotion"},{"floor":8,"key":"Weak Potion"},{"floor":12,"key":"LiquidBronze"}],"is_trial":false,"path_per_floor":["M","$","?","?","?","E","R","E","T","E","R","M","?","M","R","B",null,"M","M","M","$","?","R","M","E","T","M","R","R","?","M","R","B"],"character_chosen":"THE_SILENT","items_purchased":["Blur"],"campfire_rested":4,"item_purchase_floors":[21],"current_hp_per_floor":[59,59,59,59,64,64,64,64,64,24,43,43,36,36,36,24,55,43,32,23,23,23,42,42,38,38,35,35,54,54,42,61,0],"gold":296,"neow_bonus":"THREE_ENEMY_KILL","is_prod":false,"is_daily":false,"chose_seed":false,"campfire_upgraded":3,"win_rate":0,"timestamp":1551607360,"path_taken":["M","$","?","?","?","E","R","E","T","E","R","M","?","M","R","BOSS","M","M","M","$","?","R","M","E","T","M","R","R","?","M","R","BOSS"],"build_version":"2019-02-06","purchased_purges":1,"victory":false,"max_hp_per_floor":[66,66,66,60,65,65,65,65,65,65,65,65,65,65,65,65,65,65,65,65,65,65,65,65,65,65,65,65,65,65,65,65,65],"card_choices":[{"not_picked":["Concentrate","Bane"],"picked":"Poisoned Stab","floor":1},{"not_picked":["Caltrops","Prepared"],"picked":"Infinite Blades","floor":6},{"not_picked":["Flying Knee","Doppelganger"],"picked":"Backflip","floor":8},{"not_picked":["All Out Attack","Outmaneuver"],"picked":"Quick Slash","floor":10},{"not_picked":["Flechettes","Bouncing Flask","Skewer"],"picked":"SKIP","floor":12},{"not_picked":["Bane","Underhanded Strike"],"picked":"Backflip","floor":14},{"not_picked":["Tools of the Trade+1","Unload"],"picked":"Malaise","floor":16},{"not_picked":["Prepared+1","Riddle With Holes"],"picked":"Well Laid Plans+1","floor":18},{"not_picked":["Deflect","Choke"],"picked":"Backstab","floor":19},{"not_picked":["Skewer","Masterful Stab"],"picked":"Deflect","floor":20},{"not_picked":["PiercingWail","Reflex"],"picked":"Backstab","floor":24},{"not_picked":["Acrobatics","Eviscerate","Slice"],"picked":"SKIP","floor":25},{"not_picked":["Prepared","Endless Agony","Sucker Punch"],"picked":"SKIP","floor":27},{"not_picked":["Sucker Punch","Bane","Predator"],"picked":"SKIP","floor":31}],"player_experience":851936,"relics_obtained":[{"floor":6,"key":"Gambling Chip"},{"floor":8,"key":"Frozen Egg 2"},{"floor":9,"key":"Oddly Smooth Stone"},{"floor":10,"key":"Ginger"},{"floor":25,"key":"Bag of Preparation"},{"floor":26,"key":"WingedGreaves"}],"event_choices":[{"damage_healed":0,"gold_gain":0,"player_choice":"Grow","damage_taken":0,"max_hp_gain":0,"max_hp_loss":0,"event_name":"Living Wall","floor":3,"gold_loss":0,"cards_upgraded":["Neutralize"]},{"damage_healed":0,"gold_gain":0,"player_choice":"Lose Max HP","damage_taken":0,"relics_obtained":["Golden Idol"],"max_hp_gain":0,"max_hp_loss":6,"event_name":"Golden Idol","floor":4,"gold_loss":0},{"damage_healed":0,"gold_gain":0,"player_choice":"Donut","damage_taken":0,"max_hp_gain":5,"max_hp_loss":0,"event_name":"Big Fish","floor":5,"gold_loss":0},{"cards_removed":["Strike_G"],"damage_healed":0,"gold_gain":0,"player_choice":"Card Removal","damage_taken":7,"max_hp_gain":0,"max_hp_loss":0,"event_name":"Golden Wing","floor":13,"gold_loss":0},{"damage_healed":0,"gold_gain":0,"player_choice":"Obtained Relic","damage_taken":0,"relics_obtained":["Ninja Scroll"],"max_hp_gain":0,"max_hp_loss":0,"event_name":"Addict","floor":22,"gold_loss":85},{"damage_healed":0,"gold_gain":0,"player_choice":"Copied","damage_taken":0,"max_hp_gain":0,"max_hp_loss":0,"event_name":"Duplicator","floor":30,"gold_loss":0,"cards_obtained":["Malaise"]}],"is_beta":true,"boss_relics":[{"not_picked":["Lizard Tail","Astrolabe"],"picked":"Sozu"}],"items_purged_floors":[21],"is_endless":false,"potions_floor_spawned":[1,8,12,14,19,20,24,31],"killed_by":"Collector","ascension_level":20}