{"gold_per_floor":[114,133,58,76,86,111,111,131,158,158,158,99,133,145,145,244,244,257,267,286,286],"floor_reached":21,"playtime":1264,"items_purged":["Strike_B"],"score":284,"play_id":"dc9c9def-1068-4995-9b3e-7101742f65b2","local_time":"20190205235341","is_ascension_mode":true,"campfire_choices":[{"data":"Echo Form","floor":7.0,"key":"SMITH"},{"floor":10.0,"key":"REST"},{"floor":15,"key":"REST"}],"neow_cost":"NONE","seed_source_timestamp":33772694995654,"circlet_count":0,"master_deck":["Strike_B+1","Strike_B","Strike_B","Defend_B","Defend_B","Defend_B","Defend_B","Zap","Dualcast","Leap","Melter+1","Turbo","Echo Form+1","Conserve Battery","Double Energy","Cold Snap","Reprogram","Leap","Creative AI","Electrodynamics","White Noise","Genetic Algorithm+1"],"special_seed":0,"relics":["FrozenCore","Anchor","StoneCalendar","Dream Catcher","Art of War","Whetstone"],"potions_floor_usage":[21,21],"damage_taken":[{"damage":2.0,"enemies":"Jaw Worm","floor":1.0,"turns":3.0},{"damage":1.0,"enemies":"Cultist","floor":2.0,"turns":4.0},{"damage":0.0,"enemies":"2 Louse","floor":4.0,"turns":2.0},{"damage":3.0,"enemies":"Blue Slaver","floor":5.0,"turns":3.0},{"damage":10.0,"enemies":"Lagavulin","floor":6.0,"turns":7.0},{"damage":17.0,"enemies":"Exordium Wildlife","floor":8.0,"turns":7.0},{"damage":16.0,"enemies":"Gremlin Nob","floor":11.0,"turns":3.0},{"damage":14.0,"enemies":"3 Sentries","floor":13.0,"turns":7.0},{"damage":0,"enemies":"2 Fungi Beasts","floor":14,"turns":3},{"damage":28,"enemies":"The Guardian","floor":16,"turns":11},{"damage":28,"enemies":"2 Thieves","floor":18,"turns":4},{"damage":4,"enemies":"Shell Parasite","floor":19,"turns":6},{"damage":24,"enemies":"Shelled Parasite and Fungi","floor":20,"turns":7},{"damage":6,"enemies":"Snake Plant","floor":21,"turns":3}],"seed_played":"-5073483926138777885","potions_obtained":[{"floor":4.0,"key":"Weak Potion"},{"floor":5.0,"key":"Poison Potion"},{"floor":8.0,"key":"SmokeBomb"},{"floor":16,"key":"Strength Potion"},{"floor":20,"key":"PowerPotion"}],"is_trial":false,"path_per_floor":["M","M","$","M","M","E","R","M","T","R","E","?","E","M","R","B",null,"M","M","M","M"],"character_chosen":"DEFECT","items_purchased":[],"campfire_rested":2,"item_purchase_floors":[],"current_hp_per_floor":[66,65,65,65,62,52,52,35,35,57,41,41,27,27,49,21,62,34,30,6,0],"gold":286,"neow_bonus":"RANDOM_COMMON_RELIC","is_prod":false,"is_daily":false,"chose_seed":false,"campfire_upgraded":1,"win_rate":0,"timestamp":1549378421,"path_taken":["M","M","$","M","M","E","R","M","T","R","E","?","E","M","R","BOSS","M","M","M","M"],"build_version":"2019-01-23","purchased_purges":1,"victory":false,"max_hp_per_floor":[75,75,75,75,75,75,75,75,75,75,75,75,75,75,75,75,75,75,75,75,75],"card_choices":[{"not_picked":["Coolheaded","Static Discharge"],"picked":"Leap","floor":1.0},{"not_picked":["Conserve Battery","Scrape"],"picked":"Melter","floor":2.0},{"not_picked":["Steam","Hello World"],"picked":"Turbo","floor":4.0},{"not_picked":["Genetic Algorithm","Sweeping Beam"],"picked":"Echo Form","floor":5.0},{"not_picked":["Turbo","Undo"],"picked":"Conserve Battery","floor":6.0},{"not_picked":["Coolheaded","Hologram"],"picked":"Double Energy","floor":8.0},{"not_picked":["Sweeping Beam","Conserve Battery"],"picked":"Cold Snap","floor":10.0},{"not_picked":["BootSequence","Double Energy"],"picked":"Reprogram","floor":13.0},{"not_picked":["Cold Snap","Melter"],"picked":"Leap","floor":14},{"not_picked":["Steam","Ball Lightning"],"picked":"Creative AI","floor":15},{"not_picked":["Machine Learning","Seek"],"picked":"Electrodynamics","floor":16},{"not_picked":["Conserve Battery","Cold Snap"],"picked":"White Noise","floor":18},{"not_picked":["Streamline","Rebound+1","Leap"],"picked":"SKIP","floor":19},{"not_picked":["Stack","Hologram"],"picked":"Genetic Algorithm+1","floor":20}],"player_experience":270395,"relics_obtained":[{"floor":6.0,"key":"StoneCalendar"},{"floor":9.0,"key":"Dream Catcher"},{"floor":13.0,"key":"Whetstone"}],"event_choices":[{"damage_healed":0.0,"max_hp_gain":0.0,"max_hp_loss":0.0,"gold_gain":0.0,"event_name":"WeMeetAgain","player_choice":"Paid Gold","floor":12.0,"gold_loss":59.0,"damage_taken":0.0,"relics_obtained":["Art of War"]}],"is_beta":false,"boss_relics":[{"not_picked":["Runic Dome","Fusion Hammer"],"picked":"FrozenCore"}],"items_purged_floors":[3],"is_endless":false,"potions_floor_spawned":[4,5,8,16,20],"killed_by":"Snake Plant","ascension_level":8}