{"gold_per_floor":[111,128,128,142,158,158,187,187,187,187,187,202,240,255,255,350,350,363,363],"floor_reached":19,"playtime":922,"items_purged":[],"score":470,"play_id":"e0177758-3f9f-410f-aab4-d7ae376ef4b7","local_time":"20190305105835","is_ascension_mode":true,"campfire_choices":[{"data":"Skewer","floor":6,"key":"SMITH"},{"data":"Bouncing Flask","floor":10,"key":"SMITH"},{"data":"Footwork","floor":15,"key":"SMITH"}],"neow_cost":"NONE","seed_source_timestamp":168492377591095,"circlet_count":0,"master_deck":["AscendersBane","Defend_G","Defend_G","Defend_G","Defend_G","Defend_G","Strike_G","Strike_G","Strike_G","Strike_G","Strike_G","Survivor","Neutralize+1","Footwork+1","Skewer+1","Backflip","Bouncing Flask+1","Deflect","Corpse Explosion","Deflect+1"],"relics":["Ring of the Snake","NeowsBlessing","Mummified Hand","Shuriken","Letter Opener","Golden Idol","Centennial Puzzle","Black Star"],"potions_floor_usage":[5,13,18],"damage_taken":[{"damage":0,"enemies":"Jaw Worm","floor":1,"turns":1},{"damage":0,"enemies":"Cultist","floor":2,"turns":1},{"damage":0,"enemies":"2 Louse","floor":4,"turns":1},{"damage":17,"enemies":"Large Slime","floor":5,"turns":17},{"damage":0,"enemies":"Lagavulin","floor":7,"turns":8},{"damage":3,"enemies":"Blue Slaver","floor":12,"turns":3},{"damage":28,"enemies":"Gremlin Nob","floor":13,"turns":4},{"damage":5,"enemies":"Exordium Wildlife","floor":14,"turns":5},{"damage":0,"enemies":"Hexaghost","floor":16,"turns":9},{"damage":31,"enemies":"3 Byrds","floor":18,"turns":3},{"damage":31,"enemies":"Colosseum Slavers","floor":19,"turns":6}],"seed_played":"-5928285721010689092","potions_obtained":[{"floor":1,"key":"Regen Potion"},{"floor":2,"key":"LiquidBronze"},{"floor":12,"key":"Dexterity Potion"},{"floor":14,"key":"Energy Potion"},{"floor":16,"key":"Strength Potion"}],"is_trial":false,"path_per_floor":["M","M","?","M","M","R","E","T","T","R","?","M","E","M","R","B",null,"M","?"],"character_chosen":"THE_SILENT","items_purchased":[],"campfire_rested":0,"item_purchase_floors":[],"current_hp_per_floor":[59,59,59,59,57,57,57,57,57,57,57,54,26,21,21,21,50,19,0],"gold":363,"neow_bonus":"THREE_ENEMY_KILL","is_prod":false,"is_daily":false,"chose_seed":false,"campfire_upgraded":3,"win_rate":0,"timestamp":1551801515,"path_taken":["M","M","?","?","?","R","E","?","T","R","?","M","E","M","R","BOSS","M","?"],"build_version":"2019-01-23","purchased_purges":0,"victory":false,"max_hp_per_floor":[66,66,66,66,66,66,66,66,66,66,60,60,60,60,60,60,60,60,60],"card_choices":[{"not_picked":["Flying Knee","Dagger Spray"],"picked":"Footwork","floor":1},{"not_picked":["Poisoned Stab","Slice"],"picked":"Skewer","floor":2},{"not_picked":["Blade Dance","Sucker Punch"],"picked":"Backflip","floor":4},{"not_picked":["Backstab","Riddle With Holes"],"picked":"Bouncing Flask","floor":5},{"not_picked":["Blade Dance","Dagger Spray","Eviscerate"],"picked":"SKIP","floor":7},{"not_picked":["Prepared","Choke","Unload"],"picked":"SKIP","floor":12},{"not_picked":["Accuracy","Distraction"],"picked":"Deflect","floor":13},{"not_picked":["Bane","Outmaneuver","Sucker Punch"],"picked":"SKIP","floor":14},{"not_picked":["Glass Knife","Phantasmal Killer"],"picked":"Corpse Explosion","floor":16},{"not_picked":["Flying Knee","Underhanded Strike"],"picked":"Deflect+1","floor":18}],"player_experience":872384,"relics_obtained":[{"floor":7,"key":"Mummified Hand"},{"floor":8,"key":"Shuriken"},{"floor":9,"key":"Letter Opener"},{"floor":13,"key":"Centennial Puzzle"}],"event_choices":[{"damage_healed":0,"gold_gain":0,"player_choice":"Upgraded","damage_taken":0,"max_hp_gain":0,"max_hp_loss":0,"event_name":"Upgrade Shrine","floor":3,"gold_loss":0,"cards_upgraded":["Neutralize"]},{"damage_healed":0,"gold_gain":0,"player_choice":"Lose Max HP","damage_taken":0,"relics_obtained":["Golden Idol"],"max_hp_gain":0,"max_hp_loss":6,"event_name":"Golden Idol","floor":11,"gold_loss":0},{"damage_healed":0,"gold_gain":0,"player_choice":"Fight","damage_taken":0,"max_hp_gain":0,"max_hp_loss":0,"event_name":"Colosseum","floor":19,"gold_loss":0}],"is_beta":false,"boss_relics":[{"not_picked":["Astrolabe","Tiny House"],"picked":"Black Star"}],"items_purged_floors":[],"is_endless":false,"potions_floor_spawned":[1,2,12,14,16],"killed_by":"Colosseum Slavers","ascension_level":17}