{"gold_per_floor":[111,73,93,93,268,268,303,303,327,327,339,339,359,377,377,479,479,497,497,75,0,0,0],"floor_reached":23,"playtime":936,"items_purged":["Regret"],"score":212,"play_id":"25f3813d-84cb-4a15-a21f-94ca824a9d19","local_time":"20190218105531","is_ascension_mode":false,"campfire_choices":[{"data":"Neutralize","floor":6,"key":"SMITH"},{"data":"Noxious Fumes","floor":8,"key":"SMITH"},{"data":"Noxious Fumes","floor":10,"key":"SMITH"},{"data":"Terror","floor":12,"key":"SMITH"},{"data":"Survivor","floor":15,"key":"SMITH"}],"neow_cost":"NONE","seed_source_timestamp":12411554487405,"circlet_count":0,"master_deck":["Defend_G","Defend_G","Defend_G","Defend_G","Defend_G","Strike_G","Strike_G","Strike_G","Strike_G","Strike_G","Survivor+1","Neutralize+1","Acrobatics","Terror+1","Noxious Fumes+1","Doubt","Noxious Fumes+1","Backflip","Bullet Time","Poisoned Stab","Cloak And Dagger","Bouncing Flask"],"relics":["Ring of the Snake","NeowsBlessing","Anchor","The Courier","Strawberry","Orrery","MealTicket","Singing Bowl"],"potions_floor_usage":[18,23,23],"damage_taken":[{"damage":0,"enemies":"2 Louse","floor":1,"turns":1},{"damage":0,"enemies":"Jaw Worm","floor":3,"turns":1},{"damage":0,"enemies":"Gremlin Nob","floor":7,"turns":1},{"damage":5,"enemies":"Small Slimes","floor":11,"turns":4},{"damage":2,"enemies":"Exordium Wildlife","floor":13,"turns":4},{"damage":2,"enemies":"Large Slime","floor":14,"turns":5},{"damage":28,"enemies":"The Guardian","floor":16,"turns":11},{"damage":47,"enemies":"2 Thieves","floor":18,"turns":4},{"damage":41,"enemies":"Slavers","floor":23,"turns":4}],"seed_played":"-2695341593296550489","potions_obtained":[{"floor":7,"key":"Weak Potion"},{"floor":16,"key":"Poison Potion"},{"floor":18,"key":"Block Potion"}],"is_trial":false,"path_per_floor":["M","$","M","?","?","R","E","R","T","R","M","R","M","M","R","B",null,"M","?","$","?","$","E"],"character_chosen":"THE_SILENT","items_purchased":["Terror","MealTicket","Singing Bowl"],"campfire_rested":0,"item_purchase_floors":[2,20,20],"current_hp_per_floor":[70,70,70,70,70,70,70,70,77,77,72,72,70,68,68,40,77,30,16,16,16,31,0],"gold":0,"neow_bonus":"THREE_ENEMY_KILL","is_prod":false,"is_daily":false,"chose_seed":false,"campfire_upgraded":5,"win_rate":0,"timestamp":1550516131,"path_taken":["M","$","M","?","?","R","E","R","T","R","M","R","M","M","R","BOSS","M","?","$","?","$","E"],"build_version":"2019-01-23","purchased_purges":1,"victory":false,"max_hp_per_floor":[70,70,70,70,70,70,70,70,77,77,77,77,77,77,77,77,77,77,82,82,82,82,82],"card_choices":[{"not_picked":["Outmaneuver","Deflect"],"picked":"Acrobatics","floor":1},{"not_picked":["Outmaneuver","Deflect"],"picked":"Noxious Fumes","floor":3},{"not_picked":["Acrobatics","Predator"],"picked":"Noxious Fumes","floor":7},{"not_picked":["Outmaneuver","Dodge and Roll","Heel Hook"],"picked":"SKIP","floor":11},{"not_picked":["Outmaneuver","Sucker Punch"],"picked":"Backflip","floor":13},{"not_picked":["Heel Hook","Phantasmal Killer","Outmaneuver"],"picked":"SKIP","floor":14},{"not_picked":["Unload","Die Die Die"],"picked":"Bullet Time","floor":16},{"not_picked":["Flechettes","Flying Knee"],"picked":"Poisoned Stab","floor":17},{"not_picked":["Reflex","Quick Slash"],"picked":"Cloak And Dagger","floor":17},{"not_picked":["Riddle With Holes+1","Dodge and Roll"],"picked":"Bouncing Flask","floor":18}],"player_experience":426789,"relics_obtained":[{"floor":7,"key":"The Courier"},{"floor":9,"key":"Strawberry"}],"event_choices":[{"damage_healed":0,"gold_gain":0,"player_choice":"Box","damage_taken":0,"relics_obtained":["Anchor"],"max_hp_gain":0,"max_hp_loss":0,"event_name":"Big Fish","floor":4,"gold_loss":0,"cards_obtained":["Regret"]},{"damage_healed":0,"gold_gain":175,"player_choice":"AGREE","damage_taken":0,"max_hp_gain":0,"max_hp_loss":0,"event_name":"Liars Game","floor":5,"gold_loss":0,"cards_obtained":["Doubt"]},{"damage_healed":0,"gold_gain":0,"player_choice":"Shed Blood","damage_taken":19,"max_hp_gain":5,"max_hp_loss":0,"event_name":"Forgotten Altar","floor":19,"gold_loss":0},{"damage_healed":0,"gold_gain":0,"player_choice":"Paid Fearfully","damage_taken":0,"max_hp_gain":0,"max_hp_loss":0,"event_name":"Masked Bandits","floor":21,"gold_loss":75}],"is_beta":false,"boss_relics":[{"not_picked":["Ectoplasm","Calling Bell"],"picked":"Orrery"}],"items_purged_floors":[20],"is_endless":false,"potions_floor_spawned":[7,16,18],"killed_by":"Slavers","ascension_level":0}