{"gold_per_floor":[119,139,155,169,186,221,237,237,311,311,411,430,444,457,457,561,561,576,594,229,245,260,260,260,284,284,303,303],"floor_reached":28,"playtime":1455,"items_purged":["Defend_R"],"score":273,"play_id":"b3643278-fb73-4dbc-ad95-18ec7ea5f651","local_time":"20190107230758","is_ascension_mode":true,"campfire_choices":[{"floor":8,"key":"RECALL"},{"data":"Rage","floor":10,"key":"SMITH"},{"data":"Uppercut","floor":15,"key":"SMITH"},{"floor":24,"key":"REST"}],"neow_cost":"NONE","seed_source_timestamp":45407886904316,"circlet_count":0,"master_deck":["Strike_R","Strike_R","Strike_R","Defend_R","Defend_R","Defend_R","Bash","Rage+1","Rampage","Seeing Red","Metallicize","Twin Strike","Shrug It Off","Power Through","Shrug It Off","Uppercut+1","Impervious","Heavy Blade","Headbutt","Whirlwind","Corruption","Seeing Red+1"],"relics":["Burning Blood","Blood Vial","Mummified Hand","Empty Cage","Ice Cream","Peace Pipe"],"potions_floor_usage":[13,13,22,23,27],"damage_taken":[{"damage":11,"enemies":"Jaw Worm","floor":1,"turns":4},{"damage":2,"enemies":"Cultist","floor":2,"turns":4},{"damage":9,"enemies":"Small Slimes","floor":3,"turns":4},{"damage":16,"enemies":"Gremlin Gang","floor":4,"turns":4},{"damage":19,"enemies":"Large Slime","floor":5,"turns":6},{"damage":50,"enemies":"Gremlin Nob","floor":6,"turns":5},{"damage":8,"enemies":"Blue Slaver","floor":7,"turns":5},{"damage":4,"enemies":"3 Louse","floor":12,"turns":5},{"damage":0,"enemies":"Exordium Wildlife","floor":13,"turns":5},{"damage":2,"enemies":"Blue Slaver","floor":14,"turns":4},{"damage":20,"enemies":"The Guardian","floor":16,"turns":15},{"damage":19,"enemies":"Shell Parasite","floor":18,"turns":10},{"damage":6,"enemies":"Chosen","floor":19,"turns":8},{"damage":5,"enemies":"Snecko","floor":21,"turns":8},{"damage":32,"enemies":"Snake Plant","floor":22,"turns":5},{"damage":38,"enemies":"Gremlin Leader","floor":23,"turns":6},{"damage":54,"enemies":"Cultist and Chosen","floor":27,"turns":10},{"damage":24,"enemies":"Chosen and Byrds","floor":28,"turns":6}],"seed_played":"-4732351033075221487","potions_obtained":[{"floor":3,"key":"AttackPotion"},{"floor":6,"key":"LiquidBronze"},{"floor":7,"key":"Regen Potion"},{"floor":14,"key":"Explosive Potion"},{"floor":18,"key":"SmokeBomb"},{"floor":19,"key":"BloodPotion"},{"floor":27,"key":"Strength Potion"}],"is_trial":false,"path_per_floor":["M","M","M","M","M","E","M","R","T","R","?","M","M","M","R","B",null,"M","M","$","M","M","E","R","T","T","M","M"],"character_chosen":"IRONCLAD","items_purchased":["Ice Cream"],"campfire_rested":1,"item_purchase_floors":[20],"current_hp_per_floor":[83,87,84,74,61,17,17,17,17,17,17,21,41,47,47,35,88,75,77,77,80,64,34,60,60,60,14,0],"gold":303,"neow_bonus":"TEN_PERCENT_HP_BONUS","is_prod":false,"is_daily":false,"chose_seed":false,"campfire_upgraded":2,"win_rate":0,"timestamp":1546870078,"path_taken":["M","M","M","M","M","E","M","R","T","R","?","?","M","M","R","BOSS","M","M","$","M","M","E","R","?","T","M","M"],"build_version":"2019-01-03v4","purchased_purges":1,"victory":false,"max_hp_per_floor":[88,88,88,88,88,88,88,88,88,88,88,88,88,88,88,88,88,88,88,88,88,88,88,88,88,88,88,88],"card_choices":[{"not_picked":["Perfected Strike","Seeing Red"],"picked":"Rage","floor":1},{"not_picked":["True Grit","Infernal Blade"],"picked":"Rampage","floor":2},{"not_picked":["Disarm","Warcry"],"picked":"Seeing Red","floor":3},{"not_picked":["Sword Boomerang","Shrug It Off"],"picked":"Metallicize","floor":4},{"not_picked":["Combust","Brutality"],"picked":"Twin Strike","floor":5},{"not_picked":["Warcry","True Grit"],"picked":"Shrug It Off","floor":6},{"not_picked":["Pommel Strike","Thunderclap"],"picked":"Power Through","floor":7},{"not_picked":["Body Slam","Iron Wave"],"picked":"Shrug It Off","floor":12},{"not_picked":["Flex","True Grit","Disarm"],"picked":"SKIP","floor":13},{"not_picked":["Headbutt","Hemokinesis"],"picked":"Uppercut","floor":14},{"not_picked":["Immolate","Limit Break"],"picked":"Impervious","floor":16},{"not_picked":["Flex","Sword Boomerang+1"],"picked":"Heavy Blade","floor":18},{"not_picked":["Uppercut","Twin Strike"],"picked":"Headbutt","floor":19},{"not_picked":["Twin Strike","Clothesline+1"],"picked":"Whirlwind","floor":21},{"not_picked":["Combust","Hemokinesis"],"picked":"Corruption","floor":22},{"not_picked":["Body Slam","Dual Wield"],"picked":"Seeing Red+1","floor":27}],"player_experience":160845,"relics_obtained":[{"floor":6,"key":"Blood Vial"},{"floor":9,"key":"Mummified Hand"},{"floor":26,"key":"Peace Pipe"}],"event_choices":[{"damage_healed":0,"gold_gain":100,"player_choice":"Gold","damage_taken":0,"max_hp_gain":0,"max_hp_loss":0,"event_name":"Wheel of Change","floor":11,"gold_loss":0}],"is_beta":false,"boss_relics":[{"not_picked":["Snecko Eye","Runic Pyramid"],"picked":"Empty Cage"}],"items_purged_floors":[20],"is_endless":false,"potions_floor_spawned":[3,6,7,12,14,18,19,21,27],"killed_by":"Chosen and Byrds","ascension_level":2}