{"gold_per_floor":[368,50,50,27,102,102,136,154,180,180,145,155,155,166,166,271,271,288,288,233,158,193,193,193,193,193,193,15,40,51,79,79,182,182,197,55,66,66,86,86,100,118,118,132,132,149,149,149,149,149,149,149,61,95,95],"floor_reached":55,"playtime":2468,"items_purged":["Strike_G","Defend_G"],"score":957,"play_id":"3838107a-5aa7-472a-992a-160c669a3a96","local_time":"20181222055649","is_ascension_mode":true,"campfire_choices":[{"floor":6,"key":"REST"},{"floor":10,"key":"REST"},{"data":"Apotheosis","floor":13,"key":"SMITH"},{"data":"Neutralize","floor":15,"key":"SMITH"},{"floor":23,"key":"RECALL"},{"data":"Infinite Blades","floor":27,"key":"SMITH"},{"data":"Noxious Fumes","floor":32,"key":"SMITH"},{"data":"Night Terror","floor":40,"key":"SMITH"},{"data":"Envenom","floor":45,"key":"SMITH"},{"data":"Wraith Form v2","floor":47,"key":"SMITH"},{"data":"Crippling Poison","floor":49,"key":"SMITH"},{"data":"Acrobatics","floor":52,"key":"SMITH"}],"neow_cost":"PERCENT_DAMAGE","seed_source_timestamp":97287086560410,"circlet_count":0,"master_deck":["Defend_G","Defend_G","Defend_G","Defend_G","Survivor","Neutralize+1","Apotheosis+1","Acrobatics+1","Infinite Blades+1","Skewer","Slice","Unload","Slice","Bite","Bite","Bite","Bite","Bite","Dodge and Roll+1","Ghostly","Ghostly","Ghostly","Ghostly","Ghostly","Die Die Die","Night Terror+1","Noxious Fumes+1","Envenom+1","Wraith Form v2+1","Terror+1","Crippling Poison+1","Masterful Stab","Accuracy","Dodge and Roll"],"relics":["Ring of the Snake","Potion Belt","Shuriken","Vajra","Philosopher\u0027s Stone","Tiny Chest","Red Mask","Happy Flower","Anchor","The Specimen","Busted Crown","Ninja Scroll","FossilizedHelix"],"potions_floor_usage":[7,33,33,42,50,55,55,55,55,55,55,55,55,55],"damage_taken":[{"damage":0,"enemies":"Small Slimes","floor":1,"turns":3},{"damage":21,"enemies":"Gremlin Nob","floor":7,"turns":6},{"damage":15,"enemies":"Jaw Worm","floor":8,"turns":4},{"damage":7,"enemies":"2 Louse","floor":12,"turns":4},{"damage":0,"enemies":"Exordium Thugs","floor":14,"turns":7},{"damage":0,"enemies":"Slime Boss","floor":16,"turns":8},{"damage":0,"enemies":"Spheric Guardian","floor":18,"turns":2},{"damage":28,"enemies":"Masked Bandits","floor":22,"turns":3},{"damage":0,"enemies":"Book of Stabbing","floor":29,"turns":6},{"damage":0,"enemies":"Chosen","floor":30,"turns":3},{"damage":1,"enemies":"Slavers","floor":31,"turns":6},{"damage":1,"enemies":"Champ","floor":33,"turns":10},{"damage":0,"enemies":"3 Darklings","floor":35,"turns":4},{"damage":1,"enemies":"Orb Walker","floor":37,"turns":4},{"damage":1,"enemies":"3 Darklings","floor":39,"turns":6},{"damage":1,"enemies":"Transient","floor":41,"turns":5},{"damage":3,"enemies":"Jaw Worm Horde","floor":42,"turns":5},{"damage":0,"enemies":"Spire Growth","floor":44,"turns":4},{"damage":1,"enemies":"Transient","floor":46,"turns":5},{"damage":4,"enemies":"Donu and Deca","floor":50,"turns":8},{"damage":1,"enemies":"Shield and Spear","floor":54,"turns":7},{"damage":32,"enemies":"The Heart","floor":55,"turns":6}],"seed_played":"3101482910495685836","potions_obtained":[{"floor":1,"key":"PowerPotion"},{"floor":12,"key":"Dexterity Potion"},{"floor":16,"key":"GhostInAJar"},{"floor":18,"key":"Energy Potion"},{"floor":22,"key":"Dexterity Potion"},{"floor":31,"key":"Fire Potion"},{"floor":33,"key":"Strength Potion"},{"floor":37,"key":"LiquidBronze"},{"floor":42,"key":"EntropicBrew"},{"floor":54,"key":"AttackPotion"}],"is_trial":false,"path_per_floor":["M","$","?","$","?","R","E","M","T","R","?","M","R","M","R","B",null,"M","?","?","?","?","R","T","?","T","R","$","E","M","E","R","B",null,"M","$","M","$","M","R","M","M","T","M","R","M","R","?","R","B",null,"R","$","E","B"],"character_chosen":"THE_SILENT","items_purchased":["Apotheosis","Fire Potion","Acrobatics","Die Die Die","Wraith Form v2","Accuracy","Dodge and Roll"],"campfire_rested":2,"item_purchase_floors":[2,2,4,28,36,53,53],"current_hp_per_floor":[49,49,42,42,31,52,31,16,16,37,54,47,47,47,47,47,70,70,49,49,49,24,24,24,24,24,24,24,24,24,23,23,24,24,24,24,23,23,23,23,24,24,24,24,24,24,24,24,24,24,24,24,24,24,0],"gold":95,"neow_bonus":"TWO_FIFTY_GOLD","is_prod":false,"is_daily":false,"chose_seed":false,"campfire_upgraded":9,"win_rate":0,"timestamp":1545476209,"path_taken":["M","$","?","$","?","R","E","M","T","R","?","M","R","M","R","BOSS","M","?","?","?","?","R","?","?","T","R","?","E","M","E","R","BOSS","M","?","M","$","M","R","M","M","T","M","R","M","R","?","R","BOSS","R","$","E","BOSS"],"build_version":"2018-12-20","purchased_purges":2,"victory":false,"max_hp_per_floor":[70,70,70,70,70,70,70,70,70,70,70,70,70,70,70,70,70,70,49,49,49,49,49,49,24,24,24,24,24,24,24,24,24,24,24,24,24,24,24,24,24,24,24,24,24,24,24,24,24,24,24,24,24,24,24],"card_choices":[{"not_picked":["Flying Knee","Concentrate"],"picked":"Reflex","floor":1},{"not_picked":["Eviscerate","Escape Plan"],"picked":"Infinite Blades","floor":7},{"not_picked":["Escape Plan","Leg Sweep","Bane"],"picked":"SKIP","floor":8},{"not_picked":["Poisoned Stab","Catalyst"],"picked":"Skewer","floor":12},{"not_picked":["Finisher","Flechettes"],"picked":"Slice","floor":14},{"not_picked":["Venomology","Burst"],"picked":"Unload","floor":16},{"not_picked":["Cloak And Dagger","Dagger Spray"],"picked":"Slice","floor":18},{"not_picked":["Dagger Throw+1","Backflip"],"picked":"Dodge and Roll+1","floor":22},{"not_picked":["Deadly Poison","Burst"],"picked":"Night Terror","floor":29},{"not_picked":["Poisoned Stab","Finisher","Distraction"],"picked":"SKIP","floor":30},{"not_picked":["Blur+1","Venomology"],"picked":"Noxious Fumes","floor":31},{"not_picked":["Adrenaline","Night Terror"],"picked":"Envenom","floor":33},{"not_picked":["PiercingWail"],"picked":"SKIP","floor":35},{"not_picked":[],"picked":"Terror+1","floor":37},{"not_picked":[],"picked":"Crippling Poison","floor":39},{"not_picked":["Acrobatics+1"],"picked":"SKIP","floor":41},{"not_picked":[],"picked":"Masterful Stab","floor":42},{"not_picked":["Quick Slash+1"],"picked":"SKIP","floor":44},{"not_picked":["Backflip+1"],"picked":"SKIP","floor":46},{"not_picked":["Concentrate"],"picked":"SKIP","floor":54}],"player_experience":306697,"relics_obtained":[{"floor":7,"key":"Shuriken"},{"floor":9,"key":"Vajra"},{"floor":22,"key":"Red Mask"},{"floor":26,"key":"Happy Flower"},{"floor":29,"key":"Anchor"},{"floor":31,"key":"The Specimen"},{"floor":43,"key":"Ninja Scroll"},{"floor":54,"key":"FossilizedHelix"}],"event_choices":[{"damage_healed":0,"gold_gain":0,"player_choice":"Success","damage_taken":7,"relics_obtained":["Potion Belt"],"max_hp_gain":0,"max_hp_loss":0,"event_name":"Scrap Ooze","floor":3,"gold_loss":0},{"damage_healed":0,"gold_gain":75,"player_choice":"Gather Gold","damage_taken":11,"max_hp_gain":0,"max_hp_loss":0,"event_name":"World of Goop","floor":5,"gold_loss":0},{"damage_healed":17,"gold_gain":0,"player_choice":"Healed","damage_taken":0,"max_hp_gain":0,"max_hp_loss":0,"event_name":"The Cleric","floor":11,"gold_loss":35},{"damage_healed":0,"gold_gain":0,"player_choice":"Became a vampire","damage_taken":0,"max_hp_gain":0,"max_hp_loss":21,"event_name":"Vampires","floor":19,"gold_loss":0,"cards_obtained":["Bite","Bite","Bite","Bite","Bite"]},{"damage_healed":0,"gold_gain":0,"player_choice":"Obtained Relic","damage_taken":0,"relics_obtained":["Tiny Chest"],"max_hp_gain":0,"max_hp_loss":0,"event_name":"Addict","floor":20,"gold_loss":85},{"cards_removed":["Reflex"],"damage_healed":0,"gold_gain":0,"player_choice":"Gave Gold","damage_taken":0,"max_hp_gain":0,"max_hp_loss":0,"event_name":"Beggar","floor":21,"gold_loss":75},{"damage_healed":0,"gold_gain":0,"player_choice":"Fought Bandits","damage_taken":0,"max_hp_gain":0,"max_hp_loss":0,"event_name":"Masked Bandits","floor":22,"gold_loss":0},{"damage_healed":0,"gold_gain":0,"player_choice":"Became a Ghost","damage_taken":0,"max_hp_gain":0,"max_hp_loss":25,"event_name":"Ghosts","floor":25,"gold_loss":0,"cards_obtained":["Ghostly","Ghostly","Ghostly","Ghostly","Ghostly"]},{"damage_healed":0,"gold_gain":0,"player_choice":"Ignored","damage_taken":0,"max_hp_gain":0,"max_hp_loss":0,"event_name":"SecretPortal","floor":48,"gold_loss":0}],"is_beta":false,"boss_relics":[{"not_picked":["Snecko Eye","Runic Dome"],"picked":"Philosopher\u0027s Stone"},{"not_picked":["Ring of the Serpent","Orrery"],"picked":"Busted Crown"}],"items_purged_floors":[2,28],"is_endless":false,"potions_floor_spawned":[1,12,16,18,22,31,33,37,39,42,44,54],"killed_by":"The Heart","ascension_level":4}