{"gold_per_floor":[115,128,403,418,23,23,55,55,111,124,140,140,140,140,140,238,238,249,263,276,289,289],"floor_reached":22,"playtime":1113,"items_purged":["Regret"],"score":309,"play_id":"8a36ad53-5275-4359-b641-2221e4db9906","local_time":"20190208210108","is_ascension_mode":true,"campfire_choices":[{"data":"Noxious Fumes","floor":6.0,"key":"SMITH"},{"data":"A Thousand Cuts","floor":8.0,"key":"SMITH"},{"data":"Neutralize","floor":15.0,"key":"SMITH"}],"neow_cost":"NONE","seed_source_timestamp":0,"circlet_count":0,"master_deck":["Defend_G","Defend_G","Defend_G","Defend_G","Defend_G","Strike_G","Strike_G","Strike_G","Strike_G","Strike_G","Survivor","Neutralize+1","Backflip","PiercingWail","Dagger Spray","Noxious Fumes+1","A Thousand Cuts+1","Footwork+1","Cloak And Dagger","Adrenaline","Catalyst","Leg Sweep"],"special_seed":0,"relics":["Ring of the Serpent","NeowsBlessing","Kunai","PreservedInsect","Tiny Chest","Snake Skull"],"potions_floor_usage":[16,20,21,22,22],"damage_taken":[{"damage":0.0,"enemies":"Small Slimes","floor":1.0,"turns":1.0},{"damage":0.0,"enemies":"Cultist","floor":2.0,"turns":1.0},{"damage":0.0,"enemies":"Jaw Worm","floor":4.0,"turns":1.0},{"damage":17.0,"enemies":"Lagavulin","floor":7.0,"turns":7.0},{"damage":8.0,"enemies":"Looter","floor":10.0,"turns":3.0},{"damage":3.0,"enemies":"2 Fungi Beasts","floor":11.0,"turns":4.0},{"damage":0,"enemies":"Slime Boss","floor":16,"turns":9},{"damage":4,"enemies":"Chosen","floor":18,"turns":6},{"damage":12,"enemies":"3 Byrds","floor":19,"turns":4},{"damage":20,"enemies":"Centurion and Healer","floor":20,"turns":7},{"damage":14,"enemies":"Snake Plant","floor":21,"turns":6},{"damage":19,"enemies":"3 Cultists","floor":22,"turns":5}],"seed_played":"6450002649617484341","potions_obtained":[{"floor":2.0,"key":"Energy Potion"},{"floor":4.0,"key":"FearPotion"},{"floor":11.0,"key":"Dexterity Potion"},{"floor":18,"key":"Poison Potion"},{"floor":20,"key":"SpeedPotion"},{"floor":21,"key":"Block Potion"}],"is_trial":false,"path_per_floor":["M","M","?","M","$","R","E","R","T","M","M","?","?","?","R","B",null,"M","M","M","M","M"],"character_chosen":"THE_SILENT","items_purchased":["Kunai","Noxious Fumes"],"campfire_rested":0,"item_purchase_floors":[5,5],"current_hp_per_floor":[63,63,63,63,63,63,46,46,46,38,35,35,28,28,28,28,60,56,44,24,10,0],"gold":289,"neow_bonus":"THREE_ENEMY_KILL","is_prod":false,"is_daily":false,"chose_seed":false,"campfire_upgraded":3,"win_rate":0,"timestamp":1549688468,"path_taken":["M","M","?","?","$","R","E","R","T","M","M","?","?","?","R","BOSS","M","M","M","?","M"],"build_version":"2019-01-23","purchased_purges":1,"victory":false,"max_hp_per_floor":[70,70,70,70,70,70,70,70,70,70,70,70,70,70,70,70,70,70,70,70,70,70],"card_choices":[{"not_picked":["Prepared","Accuracy"],"picked":"Backflip","floor":1.0},{"not_picked":["Slice","Prepared"],"picked":"PiercingWail","floor":2.0},{"not_picked":["Calculated Gamble","Heel Hook"],"picked":"Dagger Spray","floor":4.0},{"not_picked":["Eviscerate","Choke"],"picked":"A Thousand Cuts","floor":7.0},{"not_picked":["Reflex","Prepared"],"picked":"Footwork","floor":10.0},{"not_picked":["Slice","Backflip"],"picked":"Cloak And Dagger","floor":11.0},{"not_picked":["Glass Knife","Doppelganger"],"picked":"Adrenaline","floor":16},{"not_picked":["Dagger Spray","Deflect","Underhanded Strike"],"picked":"SKIP","floor":18},{"not_picked":["Quick Slash","Blade Dance"],"picked":"Catalyst","floor":19},{"not_picked":["Prepared","Blur"],"picked":"Leg Sweep","floor":20},{"not_picked":["Flechettes","Bouncing Flask","Quick Slash+1"],"picked":"SKIP","floor":21}],"player_experience":302535,"relics_obtained":[{"floor":7.0,"key":"PreservedInsect"},{"floor":9.0,"key":"Tiny Chest"}],"event_choices":[{"damage_healed":0.0,"max_hp_gain":0.0,"max_hp_loss":0.0,"gold_gain":275.0,"event_name":"Golden Shrine","player_choice":"Desecrate","floor":3.0,"gold_loss":0.0,"damage_taken":0.0,"cards_obtained":["Regret"]},{"damage_healed":0.0,"max_hp_gain":0.0,"max_hp_loss":0.0,"gold_gain":0.0,"event_name":"Big Fish","player_choice":"Box","floor":12.0,"gold_loss":0.0,"damage_taken":0.0,"relics_obtained":["Snake Skull"],"cards_obtained":["Regret"]},{"cards_removed":["Regret"],"damage_healed":0.0,"max_hp_gain":0.0,"max_hp_loss":0.0,"gold_gain":0.0,"event_name":"Golden Wing","player_choice":"Card Removal","floor":13.0,"gold_loss":0.0,"damage_taken":7.0},{"damage_healed":0.0,"max_hp_gain":0.0,"max_hp_loss":0.0,"gold_gain":0.0,"event_name":"Upgrade Shrine","player_choice":"Upgraded","floor":14.0,"gold_loss":0.0,"damage_taken":0.0,"cards_upgraded":["Footwork"]}],"is_beta":false,"boss_relics":[{"not_picked":["Philosopher\u0027s Stone","Astrolabe"],"picked":"Ring of the Serpent"}],"items_purged_floors":[5],"is_endless":false,"potions_floor_spawned":[2,4,11,18,20,21],"killed_by":"3 Cultists","ascension_level":6}