{"gold_per_floor":[116,116,133,58,208,233,233,244,294,294,325,83,94,124,124,124],"floor_reached":16,"playtime":443,"items_purged":["Strike_R","Doubt"],"score":286,"play_id":"828d8025-7613-4c69-8182-1b62c318aa0a","local_time":"20190204113218","is_ascension_mode":true,"campfire_choices":[{"data":"Exhume","floor":7,"key":"SMITH"},{"data":"Cleave","floor":10,"key":"SMITH"},{"floor":15,"key":"REST"}],"neow_cost":"NONE","seed_source_timestamp":1509065893880696,"circlet_count":0,"master_deck":["AscendersBane","Strike_R","Strike_R+1","Strike_R","Strike_R","Defend_R","Defend_R","Defend_R","Defend_R","Bash+1","Pommel Strike","Feel No Pain","Exhume+1","Cleave+1","True Grit","Carnage","Disarm","Combust"],"relics":["Burning Blood","NeowsBlessing","PreservedInsect","Whetstone","Peace Pipe","Kunai"],"potions_floor_usage":[13,14],"damage_taken":[{"damage":0,"enemies":"2 Louse","floor":1,"turns":1},{"damage":0,"enemies":"Small Slimes","floor":3,"turns":1},{"damage":0,"enemies":"3 Sentries","floor":6,"turns":2},{"damage":22,"enemies":"Jaw Worm","floor":8,"turns":7},{"damage":40,"enemies":"Lagavulin","floor":11,"turns":4},{"damage":21,"enemies":"Exordium Thugs","floor":13,"turns":7},{"damage":26,"enemies":"Gremlin Nob","floor":14,"turns":4},{"damage":17,"enemies":"The Guardian","floor":16,"turns":3}],"seed_played":"-1869157776190977102","potions_obtained":[{"floor":11,"key":"Regen Potion"},{"floor":13,"key":"Strength Potion"},{"floor":14,"key":"Dexterity Potion"}],"is_trial":false,"path_per_floor":["M","?","M","$","?","E","R","M","T","R","E","$","M","E","R","B"],"character_chosen":"IRONCLAD","items_purchased":["True Grit","Carnage"],"campfire_rested":1,"item_purchase_floors":[12,12],"current_hp_per_floor":[74,79,80,80,80,80,80,64,64,64,30,30,30,10,34,17],"gold":124,"neow_bonus":"THREE_ENEMY_KILL","is_prod":false,"is_daily":false,"chose_seed":false,"campfire_upgraded":2,"win_rate":0,"timestamp":1549297938,"path_taken":["M","?","M","$","?","E","R","M","T","R","E","?","?","E","R","BOSS"],"build_version":"2019-01-23","purchased_purges":2,"victory":false,"max_hp_per_floor":[75,80,80,80,80,80,80,80,80,80,80,80,80,80,80,80],"card_choices":[{"not_picked":["Clash","Armaments"],"picked":"Pommel Strike","floor":1},{"not_picked":["Clothesline","Body Slam"],"picked":"Feel No Pain","floor":3},{"not_picked":["Rage","Body Slam"],"picked":"Exhume","floor":6},{"not_picked":["Spot Weakness","Power Through"],"picked":"Cleave","floor":8},{"not_picked":["Body Slam","Perfected Strike","Thunderclap"],"picked":"SKIP","floor":11},{"not_picked":["Armaments","Warcry"],"picked":"Disarm","floor":13},{"not_picked":["Dual Wield","Limit Break"],"picked":"Combust","floor":14}],"player_experience":671677,"relics_obtained":[{"floor":6,"key":"PreservedInsect"},{"floor":9,"key":"Whetstone"},{"floor":11,"key":"Peace Pipe"},{"floor":14,"key":"Kunai"}],"event_choices":[{"damage_healed":0,"gold_gain":0,"player_choice":"Donut","damage_taken":0,"max_hp_gain":5,"max_hp_loss":0,"event_name":"Big Fish","floor":2,"gold_loss":0},{"damage_healed":0,"gold_gain":150,"player_choice":"AGREE","damage_taken":0,"max_hp_gain":0,"max_hp_loss":0,"event_name":"Liars Game","floor":5,"gold_loss":0,"cards_obtained":["Doubt"]}],"is_beta":false,"boss_relics":[],"items_purged_floors":[4,12],"is_endless":false,"potions_floor_spawned":[11,13,14],"killed_by":"The Guardian","ascension_level":20}