{"gold_per_floor":[119,133,133,145,220,238,238,238,284,294,294,244,169,181,181,285,285,298,298,116,116,130,130,146,146,146,165,175,191,218,44,44,139,139,157,7,7,19,39,39],"floor_reached":40,"playtime":1618,"items_purged":["Strike_R","Bash+1","Rage"],"score":400,"play_id":"ca11d056-12fa-4381-81cd-fd716bc71e36","local_time":"20190210190313","is_ascension_mode":false,"campfire_choices":[{"data":"True Grit","floor":7,"key":"SMITH"},{"data":"Clothesline","floor":11,"key":"SMITH"},{"data":"True Grit","floor":15,"key":"SMITH"},{"data":"Entrench","floor":23,"key":"SMITH"},{"data":"Whirlwind","floor":25,"key":"SMITH"},{"data":"Body Slam","floor":32,"key":"SMITH"}],"neow_cost":"NONE","seed_source_timestamp":2053388735233444,"circlet_count":0,"master_deck":["Strike_R+1","Defend_R+1","Defend_R+1","Defend_R+1","Defend_R+1","Body Slam+1","True Grit+1","Ghostly Armor","Clothesline+1","Juggernaut","True Grit+1","Impervious","Whirlwind+1","Entrench+1","Metallicize","Power Through","Body Slam","Juggernaut","Uppercut+1","Flame Barrier","Metallicize","Disarm+1"],"relics":["Coffee Dripper"],"potions_floor_usage":[16,29,30,30,30,30,33,35,38],"damage_taken":[{"damage":1,"enemies":"Jaw Worm","floor":1,"turns":4},{"damage":0,"enemies":"2 Louse","floor":2,"turns":3},{"damage":5,"enemies":"Small Slimes","floor":4,"turns":4},{"damage":0,"enemies":"Exordium Wildlife","floor":6,"turns":3},{"damage":0,"enemies":"Lots of Slimes","floor":10,"turns":5},{"damage":4,"enemies":"Exordium Thugs","floor":14,"turns":5},{"damage":8,"enemies":"The Guardian","floor":16,"turns":8},{"damage":1,"enemies":"Spheric Guardian","floor":18,"turns":4},{"damage":0,"enemies":"3 Byrds","floor":22,"turns":6},{"damage":6,"enemies":"Snecko","floor":24,"turns":5},{"damage":2,"enemies":"Snake Plant","floor":27,"turns":4},{"damage":0,"enemies":"Centurion and Healer","floor":28,"turns":4},{"damage":7,"enemies":"3 Cultists","floor":29,"turns":5},{"damage":38,"enemies":"Book of Stabbing","floor":30,"turns":6},{"damage":9,"enemies":"Collector","floor":33,"turns":10},{"damage":28,"enemies":"3 Shapes","floor":35,"turns":4},{"damage":0,"enemies":"3 Darklings","floor":38,"turns":5},{"damage":11,"enemies":"Maw","floor":39,"turns":9},{"damage":54,"enemies":"Giant Head","floor":40,"turns":11}],"seed_played":"-7743075150059463567","potions_obtained":[{"floor":1,"key":"PowerPotion"},{"floor":2,"key":"BloodPotion"},{"floor":24,"key":"EntropicBrew"},{"floor":27,"key":"Regen Potion"},{"floor":29,"key":"PowerPotion"},{"floor":35,"key":"BloodPotion"}],"is_trial":false,"path_per_floor":["M","M","?","M","?","M","R","?","T","M","R","?","$","M","R","B",null,"M","?","$","?","M","R","M","R","T","M","M","M","E","$","R","B",null,"M","$","T","M","M","E"],"character_chosen":"IRONCLAD","items_purchased":["Entrench","Body Slam","Flame Barrier","Metallicize"],"campfire_rested":0,"item_purchase_floors":[20,31,36,36],"current_hp_per_floor":[79,79,72,67,56,56,56,40,40,40,40,40,40,36,36,28,80,79,79,79,79,79,79,73,73,73,71,71,72,49,49,49,40,80,52,52,52,60,49,0],"gold":39,"neow_bonus":"BOSS_RELIC","is_prod":false,"is_daily":false,"chose_seed":false,"campfire_upgraded":6,"win_rate":0,"timestamp":1549843393,"path_taken":["M","M","?","M","?","M","R","?","T","M","R","?","$","M","R","BOSS","M","?","$","?","M","R","M","R","T","M","M","M","E","$","R","BOSS","M","?","?","M","M","E"],"build_version":"2019-01-23","purchased_purges":3,"victory":false,"max_hp_per_floor":[80,80,80,80,80,80,80,80,80,80,80,80,80,80,80,80,80,80,80,80,80,80,80,80,80,80,80,80,80,80,80,80,80,80,80,80,80,80,80,80],"card_choices":[{"not_picked":["Combust","Flex"],"picked":"Body Slam","floor":1},{"not_picked":["Thunderclap","Heavy Blade"],"picked":"True Grit","floor":2},{"not_picked":["Iron Wave","Havoc"],"picked":"Ghostly Armor","floor":4},{"not_picked":["Cleave","Burning Pact"],"picked":"Clothesline","floor":6},{"not_picked":["Sever Soul","Fire Breathing"],"picked":"Juggernaut","floor":10},{"not_picked":["Headbutt","Armaments"],"picked":"True Grit","floor":14},{"not_picked":["Exhume","Limit Break"],"picked":"Impervious","floor":16},{"not_picked":["Bloodletting","Twin Strike"],"picked":"Whirlwind","floor":18},{"not_picked":["Flex","Armaments","Clothesline+1"],"picked":"SKIP","floor":22},{"not_picked":["Flex","Armaments","Clothesline+1"],"picked":"SKIP","floor":22},{"not_picked":["Fire Breathing","Flex","Thunderclap"],"picked":"SKIP","floor":24},{"not_picked":["True Grit","Anger"],"picked":"Metallicize","floor":27},{"not_picked":["Hemokinesis","Battle Trance"],"picked":"Power Through","floor":28},{"not_picked":["Anger","Hemokinesis","Clothesline+1"],"picked":"SKIP","floor":29},{"not_picked":["Rage","Flex","Exhume"],"picked":"SKIP","floor":30},{"not_picked":["Bludgeon","Impervious"],"picked":"Juggernaut","floor":33},{"not_picked":["Sword Boomerang","Sentinel"],"picked":"Uppercut+1","floor":35},{"not_picked":["True Grit","Feel No Pain","Perfected Strike+1"],"picked":"SKIP","floor":38},{"not_picked":["Searing Blow","Spot Weakness"],"picked":"Disarm+1","floor":39}],"player_experience":718997,"relics_obtained":[],"event_choices":[{"cards_removed":["Strike_R"],"damage_healed":0,"gold_gain":0,"player_choice":"Card Removal","damage_taken":7,"max_hp_gain":0,"max_hp_loss":0,"event_name":"Golden Wing","floor":3,"gold_loss":0},{"damage_healed":0,"gold_gain":75,"player_choice":"Gather Gold","damage_taken":11,"max_hp_gain":0,"max_hp_loss":0,"event_name":"World of Goop","floor":5,"gold_loss":0},{"damage_healed":0,"gold_gain":0,"player_choice":"Entered Light","damage_taken":16,"max_hp_gain":0,"max_hp_loss":0,"event_name":"Shining Light","floor":8,"gold_loss":0,"cards_upgraded":["Defend_R","Bash"]},{"cards_removed":["Strike_R"],"damage_healed":0,"gold_gain":0,"player_choice":"Card Removal","damage_taken":0,"max_hp_gain":0,"max_hp_loss":0,"event_name":"The Cleric","floor":12,"gold_loss":50},{"damage_healed":0,"gold_gain":0,"player_choice":"Simplicity","damage_taken":0,"max_hp_gain":0,"max_hp_loss":0,"event_name":"Back to Basics","floor":19,"gold_loss":0,"cards_upgraded":["Strike_R","Strike_R","Defend_R","Defend_R","Defend_R"]},{"damage_healed":0,"gold_gain":0,"cards_transformed":["Strike_R"],"player_choice":"Transformed","damage_taken":0,"max_hp_gain":0,"max_hp_loss":0,"event_name":"Transmorgrifier","floor":21,"gold_loss":0,"cards_obtained":["Rage"]}],"is_beta":false,"boss_relics":[{"not_picked":["Cursed Key","Ectoplasm","Runic Cube"]},{"not_picked":["Cursed Key","Ectoplasm","Runic Cube"]}],"items_purged_floors":[13,20,31],"is_endless":false,"potions_floor_spawned":[1,2,24,27,29,35],"killed_by":"Giant Head","ascension_level":0}