{"gold_per_floor":[113,60,60,60,76,76,76,76,76,87,104,104,379,389,389,389],"floor_reached":16,"playtime":385,"items_purged":[],"score":113,"play_id":"d9081596-be59-4874-b471-297b479e8994","local_time":"20181231115732","is_ascension_mode":true,"campfire_choices":[{"data":"Survivor","floor":8,"key":"SMITH"},{"floor":12,"key":"REST"},{"data":"Accuracy","floor":15,"key":"SMITH"}],"neow_cost":"NONE","seed_source_timestamp":898637749030012,"circlet_count":0,"master_deck":["Defend_G","Defend_G","Defend_G","Defend_G","Defend_G","Strike_G","Strike_G","Strike_G","Strike_G","Survivor+1","Neutralize+1","Cloak And Dagger","Dodge and Roll","PiercingWail","Crippling Poison","Regret","Accuracy+1"],"relics":["Runic Dome","WingedGreaves","Blue Candle","Ornamental Fan"],"potions_floor_usage":[],"damage_taken":[{"damage":3,"enemies":"Jaw Worm","floor":1,"turns":6},{"damage":0,"enemies":"Small Slimes","floor":5,"turns":4},{"damage":0,"enemies":"Cultist","floor":10,"turns":6},{"damage":13,"enemies":"Lots of Slimes","floor":11,"turns":4},{"damage":1,"enemies":"2 Fungi Beasts","floor":14,"turns":5},{"damage":18,"enemies":"The Guardian","floor":16,"turns":3}],"seed_played":"-3814656050163262820","potions_obtained":[{"floor":5,"key":"EssenceOfSteel"},{"floor":11,"key":"Ancient Potion"}],"is_trial":false,"path_per_floor":["M","$","?","?","M","T","?","R","T","M","M","R","?","M","R","B"],"character_chosen":"THE_SILENT","items_purchased":["Dodge and Roll"],"campfire_rested":1,"item_purchase_floors":[2],"current_hp_per_floor":[67,67,42,35,35,35,35,35,35,35,22,43,43,42,42,24],"gold":389,"neow_bonus":"BOSS_RELIC","is_prod":false,"is_daily":false,"chose_seed":false,"campfire_upgraded":2,"win_rate":0,"timestamp":1546275452,"path_taken":["M","$","?","?","M","?","?","R","T","M","?","R","?","M","R","BOSS"],"build_version":"2018-12-20","purchased_purges":0,"victory":false,"max_hp_per_floor":[70,70,70,70,70,70,70,70,70,70,70,70,70,70,70,70],"card_choices":[{"not_picked":["Deadly Poison","Sucker Punch"],"picked":"Cloak And Dagger","floor":1},{"not_picked":["Deflect","Catalyst"],"picked":"PiercingWail","floor":5},{"not_picked":["Infinite Blades","Eviscerate"],"picked":"Crippling Poison","floor":10},{"not_picked":["Endless Agony","Finisher","Unload"],"picked":"SKIP","floor":11},{"not_picked":["Deflect","Cloak And Dagger"],"picked":"Accuracy","floor":14}],"player_experience":311158,"relics_obtained":[{"floor":6,"key":"Blue Candle"},{"floor":9,"key":"Ornamental Fan"}],"event_choices":[{"damage_healed":0,"gold_gain":0,"player_choice":"Success","damage_taken":25,"relics_obtained":["WingedGreaves"],"max_hp_gain":0,"max_hp_loss":0,"event_name":"Scrap Ooze","floor":3,"gold_loss":0},{"cards_removed":["Strike_G"],"damage_healed":0,"gold_gain":0,"player_choice":"Card Removal","damage_taken":7,"max_hp_gain":0,"max_hp_loss":0,"event_name":"Golden Wing","floor":4,"gold_loss":0},{"damage_healed":0,"gold_gain":0,"player_choice":"Grow","damage_taken":0,"max_hp_gain":0,"max_hp_loss":0,"event_name":"Living Wall","floor":7,"gold_loss":0,"cards_upgraded":["Neutralize"]},{"damage_healed":0,"gold_gain":275,"player_choice":"Desecrate","damage_taken":0,"max_hp_gain":0,"max_hp_loss":0,"event_name":"Golden Shrine","floor":13,"gold_loss":0,"cards_obtained":["Regret"]}],"is_beta":false,"boss_relics":[],"items_purged_floors":[],"is_endless":false,"potions_floor_spawned":[5,11],"killed_by":"The Guardian","ascension_level":5}