{"gold_per_floor":[360,374,62,73,90,120,120,140,164,176,176,195,195,18,18,121,121,140,152,77,77],"floor_reached":21,"playtime":1029,"items_purged":["Strike_R"],"score":220,"play_id":"0d879b1c-aeb5-48fd-a49c-550ce3895388","local_time":"20181106192628","is_ascension_mode":true,"campfire_choices":[{"data":"Searing Blow+1","floor":11,"key":"SMITH"},{"data":"True Grit","floor":13,"key":"SMITH"},{"data":"Searing Blow+2","floor":15,"key":"SMITH"}],"neow_cost":"TEN_PERCENT_HP_LOSS","seed_source_timestamp":1909914378531978,"circlet_count":0,"master_deck":["Strike_R","Strike_R","Strike_R","Defend_R","Defend_R","Defend_R","Defend_R","Bash+1","True Grit+1","Fire Breathing","Searing Blow+3","Headbutt+1","Reaper+1","Intimidate","Ghostly Armor","Headbutt+1","Inflame","Spot Weakness","Demon Form","Corruption","Disarm"],"relics":["Burning Blood","Molten Egg 2","Meat on the Bone","Strawberry","Cursed Key"],"potions_floor_usage":[8,16,21],"damage_taken":[{"damage":5,"enemies":"Cultist","floor":1,"turns":4},{"damage":21,"enemies":"Jaw Worm","floor":2,"turns":4},{"damage":1,"enemies":"2 Louse","floor":4,"turns":3},{"damage":11,"enemies":"2 Fungi Beasts","floor":5,"turns":4},{"damage":38,"enemies":"3 Sentries","floor":6,"turns":8},{"damage":31,"enemies":"Gremlin Gang","floor":8,"turns":5},{"damage":16,"enemies":"Red Slaver","floor":10,"turns":5},{"damage":6,"enemies":"Blue Slaver","floor":12,"turns":2},{"damage":52,"enemies":"The Guardian","floor":16,"turns":9},{"damage":33,"enemies":"Shell Parasite","floor":18,"turns":4},{"damage":14,"enemies":"Chosen","floor":19,"turns":5},{"damage":28,"enemies":"Colosseum Slavers","floor":21,"turns":6},{"damage":67,"enemies":"Colosseum Nobs","floor":21,"turns":3}],"seed_played":"-7043691418815480310","potions_obtained":[{"floor":1,"key":"Strength Potion"},{"floor":2,"key":"SneckoOil"},{"floor":6,"key":"LiquidBronze"}],"is_trial":false,"path_per_floor":["M","M","$","M","M","E","?","M","T","M","R","M","R","$","R","B",null,"M","M","?","?"],"character_chosen":"IRONCLAD","items_purchased":["Molten Egg 2","Searing Blow+1","Inflame","Spot Weakness"],"campfire_rested":0,"item_purchase_floors":[3,3,14,14],"current_hp_per_floor":[72,57,57,62,57,25,25,26,33,40,40,52,52,52,52,23,79,53,57,57,0],"gold":77,"neow_bonus":"TWO_FIFTY_GOLD","is_prod":false,"is_daily":false,"chose_seed":false,"campfire_upgraded":3,"win_rate":0,"timestamp":1541550388,"path_taken":["M","?","$","M","M","E","?","M","T","M","R","M","R","$","R","BOSS","M","M","?","?"],"build_version":"2018-11-01","purchased_purges":1,"victory":false,"max_hp_per_floor":[72,72,72,72,72,72,72,72,79,79,79,79,79,79,79,79,79,79,79,79,79],"card_choices":[{"not_picked":["Uppercut","Perfected Strike"],"picked":"True Grit","floor":1},{"not_picked":["Armaments","Flex"],"picked":"Fire Breathing","floor":2},{"not_picked":["Heavy Blade+1","Anger+1","Thunderclap+1"],"picked":"SKIP","floor":4},{"not_picked":["Havoc","Clothesline+1"],"picked":"Headbutt+1","floor":5},{"not_picked":["Thunderclap+1","Wild Strike+1"],"picked":"Reaper+1","floor":6},{"not_picked":["Iron Wave+1","Infernal Blade"],"picked":"Intimidate","floor":8},{"not_picked":["Warcry","Twin Strike+1"],"picked":"Ghostly Armor","floor":10},{"not_picked":["Body Slam+1","Wild Strike+1"],"picked":"Headbutt+1","floor":12},{"not_picked":["Dark Embrace","Impervious"],"picked":"Demon Form","floor":16},{"not_picked":["Clash+1","Headbutt+1"],"picked":"Corruption","floor":18},{"not_picked":["Clash+1","Sword Boomerang+1"],"picked":"Disarm","floor":19}],"player_experience":257036,"relics_obtained":[{"floor":6,"key":"Meat on the Bone"},{"floor":9,"key":"Strawberry"}],"event_choices":[{"damage_healed":0,"gold_gain":0,"player_choice":"Grow","damage_taken":0,"max_hp_gain":0,"max_hp_loss":0,"event_name":"Living Wall","floor":7,"gold_loss":0,"cards_upgraded":["Bash"]},{"cards_removed":["Strike_R"],"damage_healed":0,"gold_gain":0,"player_choice":"Gave Gold","damage_taken":0,"max_hp_gain":0,"max_hp_loss":0,"event_name":"Beggar","floor":20,"gold_loss":75},{"damage_healed":0,"gold_gain":0,"player_choice":"Fight","damage_taken":0,"max_hp_gain":0,"max_hp_loss":0,"event_name":"Colosseum","floor":21,"gold_loss":0},{"damage_healed":0,"gold_gain":0,"player_choice":"Fought Nobs","damage_taken":0,"max_hp_gain":0,"max_hp_loss":0,"event_name":"Colosseum","floor":21,"gold_loss":0}],"is_beta":false,"boss_relics":[{"not_picked":["Empty Cage","Ectoplasm"],"picked":"Cursed Key"}],"items_purged_floors":[14],"is_endless":false,"potions_floor_spawned":[1,2,6,21],"killed_by":"Colosseum Nobs","ascension_level":4}