{"gold_per_floor":[111,286,211,211,211,240,240,256,301,313,58,58,58,76,76,181,181,192,67,82,96,196,196,256,270,270,270,299,149,182,198,198,297,297,310,135,189,189,202,202,2,13,39,39,39,68,83,112,112,112,112,112,112,146,146],"floor_reached":55,"playtime":1870,"items_purged":["Doubt","Strike_R","Fire Breathing","Hemokinesis","Twin Strike","Limit Break"],"score":781,"play_id":"b916fdd6-e13e-4c6a-b2a4-0ed7b0d50086","local_time":"20190211160218","is_ascension_mode":false,"campfire_choices":[{"data":"Dropkick","floor":7,"key":"SMITH"},{"data":"Thunderclap","floor":12,"key":"SMITH"},{"data":"Strike_R","floor":15,"key":"SMITH"},{"data":"Demon Form","floor":23,"key":"SMITH"},{"data":"Dropkick","floor":27,"key":"SMITH"},{"data":"Dropkick","floor":32,"key":"SMITH"},{"floor":40,"key":"RECALL"},{"floor":44,"key":"REST"},{"floor":49,"key":"REST"},{"floor":52,"key":"REST"}],"neow_cost":"PERCENT_DAMAGE","seed_source_timestamp":2128685018917195,"circlet_count":0,"master_deck":["Bash+1","Dropkick+1","Thunderclap+1","Demon Form+1","Fiend Fire","Ghostly Armor","Dropkick+1","Ghostly Armor","Dropkick+1"],"relics":["Burning Blood","Orichalcum","Anchor","Omamori","Pandora\u0027s Box","Tiny Chest","Gremlin Horn","Centennial Puzzle","Blood Vial","Fusion Hammer","Du-Vu Doll","The Courier","Bag of Marbles","Mercury Hourglass","Pear"],"potions_floor_usage":[6,16,16,24,30,55,55,55],"damage_taken":[{"damage":8,"enemies":"Jaw Worm","floor":1,"turns":4},{"damage":24,"enemies":"Gremlin Nob","floor":6,"turns":4},{"damage":4,"enemies":"2 Louse","floor":8,"turns":3},{"damage":0,"enemies":"Small Slimes","floor":10,"turns":2},{"damage":0,"enemies":"2 Fungi Beasts","floor":14,"turns":2},{"damage":36,"enemies":"Hexaghost","floor":16,"turns":9},{"damage":3,"enemies":"3 Byrds","floor":18,"turns":3},{"damage":0,"enemies":"Chosen","floor":20,"turns":3},{"damage":8,"enemies":"Centurion and Healer","floor":21,"turns":3},{"damage":23,"enemies":"Slavers","floor":24,"turns":5},{"damage":8,"enemies":"Snecko","floor":25,"turns":4},{"damage":12,"enemies":"Gremlin Leader","floor":28,"turns":3},{"damage":4,"enemies":"Slavers","floor":30,"turns":3},{"damage":2,"enemies":"Shelled Parasite and Fungi","floor":31,"turns":2},{"damage":8,"enemies":"Champ","floor":33,"turns":3},{"damage":28,"enemies":"3 Darklings","floor":35,"turns":3},{"damage":5,"enemies":"2 Orb Walkers","floor":37,"turns":2},{"damage":9,"enemies":"3 Shapes","floor":39,"turns":2},{"damage":8,"enemies":"Jaw Worm Horde","floor":42,"turns":2},{"damage":8,"enemies":"Reptomancer","floor":46,"turns":2},{"damage":8,"enemies":"4 Shapes","floor":47,"turns":1},{"damage":3,"enemies":"Giant Head","floor":48,"turns":2},{"damage":20,"enemies":"Donu and Deca","floor":50,"turns":3},{"damage":18,"enemies":"Shield and Spear","floor":54,"turns":2},{"damage":81,"enemies":"The Heart","floor":55,"turns":3}],"seed_played":"-7965462502591240679","potions_obtained":[{"floor":1,"key":"Ancient Potion"},{"floor":5,"key":"Regen Potion"},{"floor":5,"key":"Ancient Potion"},{"floor":10,"key":"BloodPotion"},{"floor":18,"key":"LiquidBronze"},{"floor":24,"key":"LiquidBronze"},{"floor":28,"key":"Energy Potion"},{"floor":31,"key":"PowerPotion"},{"floor":48,"key":"Swift Potion"}],"is_trial":false,"path_per_floor":["M","?","$","?","?","E","R","M","T","M","$","R","$","M","R","B",null,"M","$","M","M","?","R","E","M","T","R","E","$","E","M","R","B",null,"M","$","?","?","M","R","$","M","T","R","?","E","M","E","R","B",null,"R","$","E","B"],"character_chosen":"IRONCLAD","items_purchased":["Omamori"],"campfire_rested":3,"item_purchase_floors":[11],"current_hp_per_floor":[54,54,54,38,38,32,32,34,34,40,40,40,40,46,46,24,80,80,80,80,78,78,78,61,59,59,59,53,53,55,61,61,61,80,58,58,61,61,60,60,60,60,60,80,80,78,78,80,80,66,80,80,80,78,0],"gold":146,"neow_bonus":"THREE_RARE_CARDS","is_prod":false,"is_daily":false,"chose_seed":false,"campfire_upgraded":6,"win_rate":0,"timestamp":1549918938,"path_taken":["M","?","$","?","?","E","R","M","T","M","$","R","$","M","R","BOSS","M","$","?","M","?","R","E","?","T","R","E","?","E","M","R","BOSS","M","$","?","?","M","R","$","M","T","R","?","E","M","E","R","BOSS","R","$","E","BOSS"],"build_version":"2019-01-23","purchased_purges":6,"victory":false,"max_hp_per_floor":[80,80,80,80,80,80,80,80,80,80,80,80,80,80,80,80,80,80,80,80,80,80,80,80,80,80,80,80,80,80,80,80,80,80,80,80,80,80,80,80,80,80,80,80,80,80,80,80,80,80,80,80,80,90,90],"card_choices":[{"not_picked":["Dark Embrace","Double Tap"],"picked":"Limit Break","floor":0},{"not_picked":["Perfected Strike","Headbutt"],"picked":"Dropkick","floor":1},{"not_picked":["Ghostly Armor","True Grit"],"picked":"Thunderclap","floor":6},{"not_picked":["Uppercut","Armaments","Iron Wave"],"picked":"SKIP","floor":8},{"not_picked":["Cleave","Armaments","Second Wind"],"picked":"SKIP","floor":10},{"not_picked":["Ghostly Armor","Armaments","Wild Strike"],"picked":"SKIP","floor":14},{"not_picked":["Limit Break","Dark Embrace"],"picked":"Demon Form","floor":16},{"not_picked":["Warcry+1","Flex","Pummel"],"picked":"SKIP","floor":18},{"not_picked":["Burning Pact","Wild Strike","Body Slam"],"picked":"SKIP","floor":20},{"not_picked":["Thunderclap","Burning Pact","Pommel Strike+1"],"picked":"SKIP","floor":21},{"not_picked":["Second Wind","Anger","Armaments"],"picked":"SKIP","floor":24},{"not_picked":["True Grit","Havoc","Heavy Blade"],"picked":"SKIP","floor":25},{"not_picked":["Headbutt","Bloodletting+1","Flame Barrier"],"picked":"SKIP","floor":28},{"not_picked":["Dual Wield+1","Exhume","Perfected Strike+1"],"picked":"SKIP","floor":30},{"not_picked":["Sentinel","Wild Strike+1","Flex"],"picked":"SKIP","floor":31},{"not_picked":["Bloodletting","Warcry","Sever Soul"],"picked":"SKIP","floor":35},{"not_picked":["Dropkick","Power Through+1","Clothesline+1"],"picked":"SKIP","floor":39},{"not_picked":["Wild Strike","Offering","Twin Strike"],"picked":"SKIP","floor":42},{"not_picked":["Burning Pact","Uppercut+1","Heavy Blade"],"picked":"SKIP","floor":46},{"not_picked":["Clash","Heavy Blade","Iron Wave+1"],"picked":"SKIP","floor":47},{"not_picked":["Metallicize","Rage+1","Twin Strike"],"picked":"SKIP","floor":48},{"not_picked":["Dropkick","Clash","Whirlwind"],"picked":"SKIP","floor":54}],"player_experience":738968,"relics_obtained":[{"floor":6,"key":"Orichalcum"},{"floor":9,"key":"Anchor"},{"floor":24,"key":"Tiny Chest"},{"floor":26,"key":"Gremlin Horn"},{"floor":28,"key":"Centennial Puzzle"},{"floor":30,"key":"Blood Vial"},{"floor":37,"key":"Du-Vu Doll"},{"floor":46,"key":"Bag of Marbles"},{"floor":48,"key":"Mercury Hourglass"},{"floor":54,"key":"Pear"}],"event_choices":[{"damage_healed":0,"gold_gain":175,"player_choice":"AGREE","damage_taken":0,"max_hp_gain":0,"max_hp_loss":0,"event_name":"Liars Game","floor":2,"gold_loss":0,"cards_obtained":["Doubt"]},{"damage_healed":0,"gold_gain":0,"player_choice":"Entered Light","damage_taken":16,"max_hp_gain":0,"max_hp_loss":0,"event_name":"Shining Light","floor":4,"gold_loss":0,"cards_upgraded":["Strike_R","Bash"]},{"damage_healed":0,"gold_gain":0,"player_choice":"Got Potions","damage_taken":0,"max_hp_gain":0,"max_hp_loss":0,"event_name":"Lab","floor":5,"gold_loss":0},{"damage_healed":0,"gold_gain":100,"player_choice":"Pray","damage_taken":0,"max_hp_gain":0,"max_hp_loss":0,"event_name":"Golden Shrine","floor":22,"gold_loss":0},{"damage_healed":0,"gold_gain":0,"player_choice":"Fight","damage_taken":0,"max_hp_gain":0,"max_hp_loss":0,"event_name":"Mysterious Sphere","floor":37,"gold_loss":0},{"damage_healed":0,"gold_gain":0,"player_choice":"Ignored","damage_taken":0,"max_hp_gain":0,"max_hp_loss":0,"event_name":"Tomb of Lord Red Mask","floor":38,"gold_loss":0},{"damage_healed":0,"gold_gain":0,"player_choice":"Gave Potion","damage_taken":0,"relics_obtained":["The Courier"],"max_hp_gain":0,"max_hp_loss":0,"event_name":"WeMeetAgain","floor":45,"gold_loss":0}],"is_beta":false,"boss_relics":[{"not_picked":["Mark of Pain","Calling Bell"],"picked":"Pandora\u0027s Box"},{"not_picked":["Velvet Choker","Runic Cube"],"picked":"Fusion Hammer"}],"items_purged_floors":[3,11,19,29,36,41],"is_endless":false,"potions_floor_spawned":[1,10,18,24,28,31,35,37,42,48,54],"killed_by":"The Heart","ascension_level":0}