{"path_per_floor":["M","?","?","M","?","R","E","R","T","E","R","E","T","M","R","B",null,"M","?","?","M","M","E","$","R","T","M","M","M","$","E","R","B",null,"M","?","?","?","?","R","M","M","T","E","$","M","M","E","R","B"],"character_chosen":"DEFECT","items_purchased":["Gash","Vajra","Regal Pillow","Conserve Battery+1","Beam Cell","Gash","Panache+1","Fusion+1"],"gold_per_floor":[117,117,117,135,135,135,163,163,163,191,191,219,245,261,261,358,358,368,368,368,381,396,426,2,2,2,16,34,53,29,63,63,160,160,174,174,174,174,174,174,184,200,224,257,12,30,42,68,68,68],"floor_reached":51,"campfire_rested":6,"playtime":3755,"item_purchase_floors":[],"current_hp_per_floor":[57,57,42,42,42,42,11,33,33,8,30,21,21,21,43,16,60,45,45,13,15,24,2,2,39,39,41,43,44,44,46,46,34,65,57,57,47,47,47,75,75,75,75,63,63,65,67,58,75,31],"items_purged":[],"gold":68,"score":1009,"play_id":"65278ff6-88cf-405c-9877-9672ab7313a1","local_time":"20180606150227","is_prod":false,"is_daily":false,"chose_seed":false,"is_ascension_mode":true,"campfire_upgraded":2,"win_rate":0,"timestamp":1528290147,"campfire_choices":[{"data":"Zap","floor":6.0,"key":"SMITH"},{"floor":8.0,"key":"REST"},{"floor":11.0,"key":"REST"},{"floor":15.0,"key":"REST"},{"floor":25.0,"key":"REST"},{"data":"Machine Learning","floor":32.0,"key":"SMITH"},{"floor":40.0,"key":"REST"},{"floor":49.0,"key":"REST"}],"path_taken":["M","?","?","M","?","R","E","R","T","E","R","E","?","?","R","BOSS","M","?","?","M","M","E","?","R","T","M","M","?","$","E","R","BOSS","M","?","?","?","?","R","M","M","T","E","$","M","M","E","R","BOSS"],"build_version":"2018-05-31","seed_source_timestamp":1808108158825885,"purchased_purges":0,"victory":true,"master_deck":["Strike_B","Strike_B","Defend_B+1","Defend_B+1","Defend_B+1","Defend_B","Zap+1","Dualcast+1","Gash","Gash","Stack","Force Field+1","Gash+1","Machine Learning+1","Beam Cell+1","Conserve Battery+1","Seek+1","White Noise+1","Madness+1","Deep Breath+1","Flash of Steel","Sunder","Steam+1","BootSequence+1","Gash","Conserve Battery+1","Beam Cell","Leap+1","Ball Lightning","Cold Snap","Skim+1","Gash","Gash","Creative AI+1","Redo+1","Dark Shackles+1","Apotheosis+1","Deep Breath+1","Fusion+1","Storm+1","Chill+1","Scrape","Melter+1","Panache+1","Fusion+1","Turbo+1","Hologram+1","Reprogram+1","Steam+1"],"max_hp_per_floor":[75,75,75,75,75,75,75,75,75,75,75,75,75,75,75,75,75,75,75,75,75,75,75,75,75,75,75,75,75,75,75,75,75,75,75,75,75,75,75,75,75,75,75,75,75,75,75,75,75,75],"relics":["Cracked Core","Gambling Chip","Toxic Egg 2","Letter Opener","Lantern","Dream Catcher","War Paint","Sozu","Blood Vial","Cables","Vajra","Regal Pillow","Frozen Egg 2","Ginger","Nuclear Battery","Pantograph","Happy Flower","Whetstone","Mercury Hourglass"],"card_choices":[{"not_picked":["Beam Cell","Stack"],"picked":"Gash","floor":1.0},{"not_picked":["Leap","Streamline"],"picked":"Gash","floor":4.0},{"not_picked":["Redo","Consume"],"picked":"Force Field","floor":7.0},{"not_picked":["Hello World","Doom and Gloom"],"picked":"Gash","floor":10.0},{"not_picked":["Defragment","Force Field+1"],"picked":"Machine Learning","floor":12.0},{"not_picked":["Self Repair","Doom and Gloom"],"picked":"Beam Cell","floor":14.0},{"not_picked":["Redo+1","Ball Lightning"],"picked":"Conserve Battery+1","floor":15.0},{"not_picked":["Multi-Cast+1","Meteor Strike"],"picked":"Seek+1","floor":16.0},{"not_picked":["Ball Lightning+1","Sweeping Beam"],"picked":"White Noise+1","floor":18.0},{"not_picked":["Lockon","Ball Lightning"],"picked":"Sunder","floor":21.0},{"not_picked":["Ball Lightning","Conserve Battery+1"],"picked":"Steam+1","floor":22.0},{"not_picked":["Heatsinks","Beam Cell"],"picked":"BootSequence+1","floor":23.0},{"not_picked":["White Noise+1","Reprogram+1"],"picked":"Leap+1","floor":25.0},{"not_picked":["Heatsinks+1","Steam+1"],"picked":"Ball Lightning","floor":27.0},{"not_picked":["Force Field+1","Recycle+1"],"picked":"Cold Snap","floor":28.0},{"not_picked":["Recycle+1","Consume+1"],"picked":"Skim+1","floor":29.0},{"not_picked":["Barrage","Hyperbeam"],"picked":"Gash","floor":31.0},{"not_picked":["Biased Cognition+1","Hyperbeam"],"picked":"Creative AI+1","floor":33.0},{"not_picked":["Ball Lightning+1","Compile Driver"],"picked":"Redo+1","floor":35.0},{"not_picked":["Flash of Steel","Purity+1"],"picked":"Dark Shackles+1","floor":37.0},{"not_picked":["Swift Strike","Flash of Steel"],"picked":"Apotheosis+1","floor":37.0},{"not_picked":["Blind+1","Madness+1"],"picked":"Deep Breath+1","floor":37.0},{"not_picked":["BootSequence+1","Streamline+1"],"picked":"Storm+1","floor":40.0},{"not_picked":["Barrage+1","Storm+1"],"picked":"Chill+1","floor":41.0},{"not_picked":["Gash+1","Sunder+1"],"picked":"Scrape","floor":42.0},{"not_picked":["Defragment+1","Blizzard+1"],"picked":"Melter+1","floor":44.0},{"not_picked":["Redo+1","Chill+1"],"picked":"Turbo+1","floor":46.0},{"not_picked":["Coolheaded+1","Turbo+1"],"picked":"Hologram+1","floor":47.0},{"not_picked":["Turbo+1","Leap+1"],"picked":"Reprogram+1","floor":48.0},{"not_picked":["Defragment+1","Cold Snap+1"],"picked":"Steam+1","floor":49.0}],"player_experience":475068,"potions_floor_usage":[],"damage_taken":[{"damage":11.0,"enemies":"Jaw Worm","floor":1.0,"turns":6.0},{"damage":0.0,"enemies":"Cultist","floor":4.0,"turns":2.0},{"damage":31.0,"enemies":"Lagavulin","floor":7.0,"turns":8.0},{"damage":25.0,"enemies":"Gremlin Nob","floor":10.0,"turns":4.0},{"damage":9.0,"enemies":"3 Sentries","floor":12.0,"turns":5.0},{"damage":0.0,"enemies":"Small Slimes","floor":14.0,"turns":2.0},{"damage":27.0,"enemies":"Hexaghost","floor":16.0,"turns":8.0},{"damage":15.0,"enemies":"Chosen","floor":18.0,"turns":5.0},{"damage":0.0,"enemies":"Spheric Guardian","floor":21.0,"turns":3.0},{"damage":0.0,"enemies":"3 Cultists","floor":22.0,"turns":4.0},{"damage":24.0,"enemies":"Book of Stabbing","floor":23.0,"turns":6.0},{"damage":0.0,"enemies":"Snecko","floor":27.0,"turns":4.0},{"damage":0.0,"enemies":"Centurion and Healer","floor":28.0,"turns":4.0},{"damage":1.0,"enemies":"Slaver and Parasite","floor":29.0,"turns":4.0},{"damage":0.0,"enemies":"Slavers","floor":31.0,"turns":3.0},{"damage":14.0,"enemies":"Collector","floor":33.0,"turns":7.0},{"damage":10.0,"enemies":"3 Darklings","floor":35.0,"turns":4.0},{"damage":0.0,"enemies":"3 Shapes","floor":41.0,"turns":4.0},{"damage":0.0,"enemies":"Sphere and 2 Shapes","floor":42.0,"turns":4.0},{"damage":12.0,"enemies":"2 Orb Walkers","floor":44.0,"turns":4.0},{"damage":0.0,"enemies":"4 Shapes","floor":46.0,"turns":4.0},{"damage":0.0,"enemies":"Maw","floor":47.0,"turns":4.0},{"damage":11.0,"enemies":"Giant Head","floor":48.0,"turns":5.0},{"damage":44,"enemies":"Awakened One","floor":50,"turns":9}],"relics_obtained":[{"floor":7.0,"key":"Toxic Egg 2"},{"floor":9.0,"key":"Letter Opener"},{"floor":10.0,"key":"Lantern"},{"floor":12.0,"key":"Dream Catcher"},{"floor":13.0,"key":"War Paint"},{"floor":23.0,"key":"Cables"},{"floor":26.0,"key":"Frozen Egg 2"},{"floor":31.0,"key":"Ginger"},{"floor":43.0,"key":"Happy Flower"},{"floor":44.0,"key":"Whetstone"},{"floor":48.0,"key":"Mercury Hourglass"}],"event_choices":[{"event_name":"Purifier","player_choice":"One Purge","floor":2.0,"damage_taken":0.0},{"event_name":"Shining Light","player_choice":"Entered Light","floor":3.0,"damage_taken":0.0},{"event_name":"Living Wall","player_choice":"Change","floor":5.0,"damage_taken":0.0},{"event_name":"The Mausoleum","player_choice":"Yes","floor":19.0,"damage_taken":0.0},{"event_name":"Knowing Skull","player_choice":"CARD CARD CARD ","floor":20.0,"damage_taken":0.0},{"event_name":"Wheel of Change","player_choice":"Relic","floor":36.0,"damage_taken":0.0},{"event_name":"SensoryStone","player_choice":"Memory 3","floor":37.0,"damage_taken":0.0},{"event_name":"Transmorgrifier","player_choice":"Transform","floor":38.0,"damage_taken":0.0},{"event_name":"Tomb of Lord Red Mask","player_choice":"Ignored","floor":39.0,"damage_taken":0.0}],"boss_relics":[],"items_purged_floors":[],"potions_floor_spawned":[1,14,21,23,29,35,42,44,48],"seed_played":"5873759898119309480","ascension_level":6,"potions_obtained":[{"floor":1.0,"key":"LiquidBronze"},{"floor":14.0,"key":"Poison Potion"}],"is_trial":false}