{"gold_per_floor":[116,41,54,70,70,70,87,117,142,142,153,171,201,213,213,313,313,333,359,458,96,96,96,112,112,112,112,130,130,143,75,75,173,173,186,202,39,39,39,65,65,79,104,116,135,135,135,147,147,147],"floor_reached":50,"playtime":2539,"items_purged":["Strike_G","Strike_G"],"score":508,"play_id":"2ffc5ba2-391f-4992-b2e2-66b13666157e","local_time":"20190110003420","is_ascension_mode":true,"campfire_choices":[{"data":"Noxious Fumes","floor":6.0,"key":"SMITH"},{"floor":10.0,"key":"REST"},{"floor":15.0,"key":"REST"},{"data":"Apotheosis","floor":23.0,"key":"SMITH"},{"floor":25.0,"key":"REST"},{"data":"Noxious Fumes","floor":27.0,"key":"SMITH"},{"floor":29.0,"key":"REST"},{"data":"Footwork","floor":32.0,"key":"SMITH"},{"floor":41.0,"key":"REST"},{"floor":49,"key":"REST"}],"neow_cost":"NONE","seed_source_timestamp":49367556496674,"circlet_count":0,"master_deck":["Defend_G","Defend_G","Defend_G","Defend_G","Defend_G","Survivor","Neutralize","Noxious Fumes+1","Caltrops","Outmaneuver","Acrobatics","Masterful Stab","Calculated Gamble","PiercingWail","Dagger Spray","Malaise","Deflect","Apotheosis+1","Noxious Fumes+1","Deadly Poison","PiercingWail","Bane","Footwork+1","After Image","Footwork+1","Well Laid Plans","Bandage Up","Acrobatics+1","Catalyst"],"special_seed":0,"relics":["Ring of the Snake","Ancient Tea Set","Omamori","Orichalcum","Empty Cage","Red Mask","Dream Catcher","Bag of Preparation"],"potions_floor_usage":[42,44,50],"damage_taken":[{"damage":0.0,"enemies":"2 Louse","floor":1.0,"turns":3.0},{"damage":4.0,"enemies":"Cultist","floor":3.0,"turns":4.0},{"damage":0.0,"enemies":"Small Slimes","floor":4.0,"turns":4.0},{"damage":0.0,"enemies":"Blue Slaver","floor":7.0,"turns":5.0},{"damage":41.0,"enemies":"3 Sentries","floor":8.0,"turns":8.0},{"damage":0.0,"enemies":"2 Fungi Beasts","floor":11.0,"turns":3.0},{"damage":2.0,"enemies":"Large Slime","floor":12.0,"turns":6.0},{"damage":30.0,"enemies":"Gremlin Nob","floor":13.0,"turns":5.0},{"damage":2.0,"enemies":"Blue Slaver","floor":14.0,"turns":4.0},{"damage":33.0,"enemies":"Slime Boss","floor":16.0,"turns":12.0},{"damage":2.0,"enemies":"3 Byrds","floor":18.0,"turns":4.0},{"damage":48.0,"enemies":"Masked Bandits","floor":19.0,"turns":6.0},{"damage":0.0,"enemies":"Shell Parasite","floor":24.0,"turns":5.0},{"damage":5.0,"enemies":"Snake Plant","floor":28.0,"turns":4.0},{"damage":4.0,"enemies":"Cultist and Chosen","floor":30.0,"turns":6.0},{"damage":49.0,"enemies":"Collector","floor":33.0,"turns":9.0},{"damage":17.0,"enemies":"3 Darklings","floor":35.0,"turns":6.0},{"damage":32.0,"enemies":"Orb Walker","floor":36.0,"turns":6.0},{"damage":48.0,"enemies":"Nemesis","floor":40.0,"turns":11.0},{"damage":25,"enemies":"Spire Growth","floor":42,"turns":9},{"damage":12,"enemies":"4 Shapes","floor":44,"turns":9},{"damage":0,"enemies":"3 Darklings","floor":45,"turns":6},{"damage":7,"enemies":"Writhing Mass","floor":48,"turns":10},{"damage":43,"enemies":"Time Eater","floor":50,"turns":15}],"seed_played":"509335894295436406","potions_obtained":[{"floor":1.0,"key":"GamblersBrew"},{"floor":3.0,"key":"Poison Potion"},{"floor":12.0,"key":"AttackPotion"},{"floor":24.0,"key":"Fire Potion"},{"floor":35.0,"key":"SteroidPotion"},{"floor":40.0,"key":"Fruit Juice"},{"floor":45,"key":"Dexterity Potion"}],"is_trial":false,"path_per_floor":["M","$","M","M","?","R","M","E","T","R","M","M","E","M","R","B",null,"M","?","?","$","?","R","M","R","T","R","M","R","M","$","R","B",null,"M","M","$","?","?","E","R","M","T","M","M","$","?","M","R","B"],"character_chosen":"THE_SILENT","items_purchased":["Apotheosis","Noxious Fumes","Footwork","Well Laid Plans","Bandage Up"],"campfire_rested":6,"item_purchase_floors":[21,21,31,37,37],"current_hp_per_floor":[77,77,73,73,73,73,73,32,32,55,55,53,23,21,44,11,77,75,27,27,27,27,27,27,50,50,50,45,68,64,64,64,15,77,60,28,28,28,47,3,26,12,12,6,12,12,12,11,35,0],"gold":147,"neow_bonus":"TEN_PERCENT_HP_BONUS","is_prod":false,"is_daily":false,"chose_seed":false,"campfire_upgraded":4,"win_rate":0,"timestamp":1547048060,"path_taken":["M","$","M","M","?","R","M","E","T","R","M","M","E","?","R","BOSS","M","?","?","$","?","R","M","R","T","R","M","R","M","$","R","BOSS","M","M","$","?","?","E","R","M","T","M","M","$","?","?","R","BOSS"],"build_version":"2019-01-03v4","purchased_purges":2,"victory":false,"max_hp_per_floor":[77,77,77,77,77,77,77,77,77,77,77,77,77,77,77,77,77,77,77,77,77,77,77,77,77,77,77,77,77,77,77,77,77,77,77,77,77,77,77,77,77,82,82,82,82,82,82,82,82,82],"card_choices":[{"not_picked":["Dagger Spray","Backstab"],"picked":"Noxious Fumes","floor":1.0},{"not_picked":["PiercingWail","Underhanded Strike"],"picked":"Caltrops","floor":3.0},{"not_picked":["Poisoned Stab","Underhanded Strike"],"picked":"Outmaneuver","floor":4.0},{"not_picked":["Expertise","Slice"],"picked":"Acrobatics","floor":7.0},{"not_picked":["Outmaneuver","Unload"],"picked":"Masterful Stab","floor":8.0},{"not_picked":["Reflex","Predator"],"picked":"Calculated Gamble","floor":11.0},{"not_picked":["Distraction","Bouncing Flask"],"picked":"PiercingWail","floor":12.0},{"not_picked":["Tactician","Sucker Punch"],"picked":"Dagger Spray","floor":13.0},{"not_picked":["Setup","Sucker Punch","Blade Dance"],"picked":"SKIP","floor":14.0},{"not_picked":["A Thousand Cuts","Glass Knife"],"picked":"Malaise","floor":16.0},{"not_picked":["Underhanded Strike","Prepared","Flechettes"],"picked":"SKIP","floor":18.0},{"not_picked":["Flying Knee","Choke+1"],"picked":"Deflect","floor":19.0},{"not_picked":["Flying Knee","Dagger Throw"],"picked":"Deadly Poison","floor":24.0},{"not_picked":["Dagger Spray+1","Glass Knife"],"picked":"PiercingWail","floor":28.0},{"not_picked":["Cloak And Dagger","Predator+1"],"picked":"Bane","floor":30.0},{"not_picked":["Wraith Form v2","Malaise"],"picked":"After Image","floor":33.0},{"not_picked":["Deadly Poison","Concentrate+1"],"picked":"Footwork+1","floor":35.0},{"not_picked":["Sucker Punch","Eviscerate+1","Heel Hook+1"],"picked":"SKIP","floor":36.0},{"not_picked":["Poisoned Stab+1","Endless Agony","PiercingWail"],"picked":"SKIP","floor":40.0},{"not_picked":["Quick Slash","Dagger Throw"],"picked":"Acrobatics+1","floor":41.0},{"not_picked":["Slice+1","Outmaneuver+1","Blade Dance+1"],"picked":"SKIP","floor":42},{"not_picked":["Dagger Spray+1","Envenom","Endless Agony"],"picked":"SKIP","floor":44},{"not_picked":["Backflip+1","Bane","Dagger Throw"],"picked":"SKIP","floor":45},{"not_picked":["Flying Knee","Phantasmal Killer","Underhanded Strike"],"picked":"SKIP","floor":48},{"not_picked":["Predator+1","Dodge and Roll"],"picked":"Catalyst","floor":49}],"player_experience":185192,"relics_obtained":[{"floor":8.0,"key":"Ancient Tea Set"},{"floor":9.0,"key":"Omamori"},{"floor":13.0,"key":"Orichalcum"},{"floor":19.0,"key":"Red Mask"},{"floor":40.0,"key":"Dream Catcher"},{"floor":43,"key":"Bag of Preparation"}],"event_choices":[{"damage_healed":0.0,"max_hp_gain":0.0,"max_hp_loss":0.0,"gold_gain":0.0,"event_name":"The Woman in Blue","player_choice":"Bought 0 Potions","floor":5.0,"gold_loss":0.0,"damage_taken":0.0},{"damage_healed":0.0,"max_hp_gain":0.0,"max_hp_loss":0.0,"gold_gain":0.0,"event_name":"Masked Bandits","player_choice":"Fought Bandits","floor":19.0,"gold_loss":0.0,"damage_taken":0.0},{"damage_healed":0.0,"max_hp_gain":0.0,"max_hp_loss":0.0,"gold_gain":99.0,"event_name":"Nest","player_choice":"Stole From Cult","floor":20.0,"gold_loss":0.0,"damage_taken":0.0},{"damage_healed":0.0,"max_hp_gain":0.0,"max_hp_loss":0.0,"gold_gain":0.0,"event_name":"Cursed Tome","player_choice":"Ignored","floor":22.0,"gold_loss":0.0,"damage_taken":0.0},{"cards_removed":["Strike_G"],"damage_healed":0.0,"max_hp_gain":0.0,"max_hp_loss":0.0,"gold_gain":0.0,"event_name":"Falling","player_choice":"Removed Attack","floor":38.0,"gold_loss":0.0,"damage_taken":0.0},{"damage_healed":19.0,"max_hp_gain":0.0,"max_hp_loss":0.0,"gold_gain":0.0,"event_name":"Winding Halls","player_choice":"Writhe","floor":39.0,"gold_loss":0.0,"damage_taken":0.0,"cards_obtained":["Writhe"]},{"damage_healed":0,"gold_gain":0,"player_choice":"0 cards matched","damage_taken":0,"max_hp_gain":0,"max_hp_loss":0,"event_name":"Match and Keep!","floor":47,"gold_loss":0,"cards_obtained":[]}],"is_beta":false,"boss_relics":[{"not_picked":["Ectoplasm","Calling Bell"],"picked":"Empty Cage"},{"not_picked":["Runic Dome","WristBlade","Astrolabe"]}],"items_purged_floors":[2,21],"is_endless":false,"potions_floor_spawned":[1,3,12,14,24,28,30,35,40,45],"killed_by":"Time Eater","ascension_level":1}