{"gold_per_floor":[114,128,108,10,25,52,52,70,94,122,122,14,27,53,53,130,130,144,144,155,155,173,173],"floor_reached":23,"playtime":1596,"items_purged":[],"score":413,"play_id":"679cc76c-9eeb-453c-b09e-c9a456593baa","local_time":"20190127141644","is_ascension_mode":true,"campfire_choices":[{"floor":11.0,"key":"REST"},{"floor":15.0,"key":"REST"}],"neow_cost":"PERCENT_DAMAGE","seed_source_timestamp":276533301920178,"circlet_count":0,"master_deck":["AscendersBane","Strike_B","Strike_B","Strike_B","Defend_B","Defend_B","Defend_B","Defend_B","Zap","Dualcast","Finesse","Mayhem","Coolheaded","Gash","Reinforced Body","Rebound","Streamline","White Noise","Stack","Force Field","Genetic Algorithm","Sunder","Coolheaded","Static Discharge","Meteor Strike","Scrape","Sweeping Beam","Hologram"],"special_seed":0,"relics":["Cracked Core","Potion Belt","Strawberry","Vajra","Ginger","Coffee Dripper","SsserpentHead"],"potions_floor_usage":[],"damage_taken":[{"damage":6.0,"enemies":"Small Slimes","floor":1.0,"turns":3.0},{"damage":0.0,"enemies":"Cultist","floor":2.0,"turns":4.0},{"damage":2.0,"enemies":"Jaw Worm","floor":5.0,"turns":4.0},{"damage":25.0,"enemies":"3 Sentries","floor":6.0,"turns":9.0},{"damage":8.0,"enemies":"Lots of Slimes","floor":8.0,"turns":5.0},{"damage":0.0,"enemies":"Lagavulin","floor":10.0,"turns":9.0},{"damage":4.0,"enemies":"2 Fungi Beasts","floor":13.0,"turns":2.0},{"damage":22.0,"enemies":"Gremlin Nob","floor":14.0,"turns":4.0},{"damage":17.0,"enemies":"Slime Boss","floor":16.0,"turns":9.0},{"damage":27.0,"enemies":"3 Byrds","floor":18.0,"turns":7.0},{"damage":3.0,"enemies":"Chosen","floor":20.0,"turns":7.0},{"damage":30,"enemies":"Shelled Parasite and Fungi","floor":22,"turns":6},{"damage":6,"enemies":"Snake Plant","floor":23,"turns":2}],"seed_played":"1654760345471257547","potions_obtained":[{"floor":2.0,"key":"FearPotion"},{"floor":3.0,"key":"Weak Potion"},{"floor":6.0,"key":"Poison Potion"},{"floor":8.0,"key":"EssenceOfSteel"},{"floor":14.0,"key":"SneckoOil"},{"floor":16.0,"key":"SpeedPotion"}],"is_trial":false,"path_per_floor":["M","M","?","$","M","E","$","M","T","E","R","$","M","E","R","B",null,"M","?","M","?","M","M"],"character_chosen":"DEFECT","items_purchased":["Reinforced Body","Rebound","Genetic Algorithm","Sunder"],"campfire_rested":2,"item_purchase_floors":[4,4,12,12],"current_hp_per_floor":[40,40,40,40,38,13,13,5,12,12,35,35,31,9,32,15,62,35,35,32,32,2,0],"gold":173,"neow_bonus":"RANDOM_COLORLESS_2","is_prod":false,"is_daily":false,"chose_seed":false,"campfire_upgraded":0,"win_rate":0,"timestamp":1548595004,"path_taken":["M","M","?","$","M","E","$","?","T","E","R","?","M","E","R","BOSS","M","?","?","?","M","M"],"build_version":"2019-01-23","purchased_purges":0,"victory":false,"max_hp_per_floor":[71,71,71,71,71,71,71,71,78,78,78,78,78,78,78,78,78,78,78,78,78,78,78],"card_choices":[{"not_picked":["Turbo","Undo"],"picked":"Coolheaded","floor":1.0},{"not_picked":["Force Field","Conserve Battery"],"picked":"Gash","floor":2.0},{"not_picked":["Barrage","Consume"],"picked":"Streamline","floor":5.0},{"not_picked":["Hologram","Leap"],"picked":"White Noise","floor":6.0},{"not_picked":["Hyperbeam","Gash"],"picked":"Stack","floor":8.0},{"not_picked":["Redo","Turbo"],"picked":"Force Field","floor":10.0},{"not_picked":["Stack","Heatsinks"],"picked":"Coolheaded","floor":13.0},{"not_picked":["Redo","Streamline"],"picked":"Static Discharge","floor":14.0},{"not_picked":["Buffer","Multi-Cast"],"picked":"Meteor Strike","floor":16.0},{"not_picked":["Streamline","Genetic Algorithm"],"picked":"Scrape","floor":18.0},{"not_picked":["Gash","Conserve Battery"],"picked":"Sweeping Beam","floor":20.0},{"not_picked":["Leap","Aggregate"],"picked":"Hologram","floor":22}],"player_experience":601619,"relics_obtained":[{"floor":6.0,"key":"Potion Belt"},{"floor":9.0,"key":"Strawberry"},{"floor":10.0,"key":"Vajra"},{"floor":14.0,"key":"Ginger"}],"event_choices":[{"damage_healed":0.0,"max_hp_gain":0.0,"max_hp_loss":0.0,"gold_gain":0.0,"event_name":"The Woman in Blue","player_choice":"Bought 1 Potion","floor":3.0,"gold_loss":0.0,"damage_taken":0.0},{"cards_removed":["Strike_B"],"damage_healed":0.0,"max_hp_gain":0.0,"max_hp_loss":0.0,"gold_gain":0.0,"event_name":"Purifier","player_choice":"Purged","floor":19.0,"gold_loss":0.0,"damage_taken":0.0},{"damage_healed":0,"gold_gain":0,"player_choice":"Trade","damage_taken":0,"relics_obtained":["SsserpentHead"],"max_hp_gain":0,"max_hp_loss":0,"event_name":"FaceTrader","floor":21,"gold_loss":0}],"is_beta":false,"boss_relics":[{"not_picked":["Sozu","Velvet Choker"],"picked":"Coffee Dripper"}],"items_purged_floors":[],"is_endless":false,"potions_floor_spawned":[2,6,8,14,16],"killed_by":"Snake Plant","ascension_level":15}