{"gold_per_floor":[119,137,153,73,90,90,101,120,143,160,187,187,202,220,220,319,319,337,357,357,372,49,77,77,103,103,115,115,130,130,148,148,148],"floor_reached":33,"playtime":2235,"items_purged":[],"score":295,"play_id":"044bf11c-28df-4f98-81a9-9d4a1f2848f1","local_time":"20190102193533","is_ascension_mode":false,"campfire_choices":[{"data":"Infinite Blades","floor":6,"key":"SMITH"},{"data":"After Image","floor":12,"key":"SMITH"},{"floor":15,"key":"REST"},{"floor":24,"key":"REST"},{"floor":28,"key":"REST"},{"floor":32,"key":"REST"}],"neow_cost":"NONE","seed_source_timestamp":13669351401459,"circlet_count":0,"master_deck":["Defend_G","Defend_G","Defend_G","Defend_G","Strike_G","Strike_G","Strike_G","Strike_G","Survivor","Neutralize","Dagger Throw","Dagger Throw","Infinite Blades+1","PiercingWail","Cloak And Dagger","Dodge and Roll","Dagger Spray","After Image+1","Underhanded Strike","Deflect","Glass Knife","Well Laid Plans","Terror","Heel Hook","Bandage Up","Leg Sweep","PiercingWail+1","Blur","Accuracy","Outmaneuver+1","Unload"],"relics":["White Beast Statue","Ancient Tea Set","Boot","Empty Cage","Strawberry","Juzu Bracelet","Bronze Scales","Pocketwatch"],"potions_floor_usage":[5,10,11,13,16,16,19,21,23,23,23,27,30,33,33],"damage_taken":[{"damage":5,"enemies":"Jaw Worm","floor":1,"turns":8},{"damage":1,"enemies":"Cultist","floor":2,"turns":4},{"damage":0,"enemies":"Small Slimes","floor":3,"turns":3},{"damage":5,"enemies":"Red Slaver","floor":5,"turns":4},{"damage":11,"enemies":"Lots of Slimes","floor":7,"turns":6},{"damage":0,"enemies":"2 Fungi Beasts","floor":8,"turns":4},{"damage":6,"enemies":"3 Louse","floor":10,"turns":4},{"damage":25,"enemies":"3 Sentries","floor":11,"turns":8},{"damage":7,"enemies":"Large Slime","floor":13,"turns":4},{"damage":6,"enemies":"Lots of Slimes","floor":14,"turns":3},{"damage":37,"enemies":"Slime Boss","floor":16,"turns":11},{"damage":0,"enemies":"Chosen","floor":18,"turns":5},{"damage":11,"enemies":"Spheric Guardian","floor":19,"turns":5},{"damage":20,"enemies":"Snake Plant","floor":21,"turns":5},{"damage":20,"enemies":"Book of Stabbing","floor":23,"turns":5},{"damage":27,"enemies":"Gremlin Leader","floor":25,"turns":10},{"damage":13,"enemies":"Sentry and Sphere","floor":27,"turns":8},{"damage":13,"enemies":"Cultist and Chosen","floor":29,"turns":8},{"damage":22,"enemies":"Colosseum Slavers","floor":30,"turns":5},{"damage":7,"enemies":"Snecko","floor":31,"turns":6},{"damage":43,"enemies":"Collector","floor":33,"turns":9}],"seed_played":"5485800965226348301","potions_obtained":[{"floor":1,"key":"GamblersBrew"},{"floor":2,"key":"Swift Potion"},{"floor":3,"key":"FearPotion"},{"floor":5,"key":"LiquidBronze"},{"floor":7,"key":"Regen Potion"},{"floor":8,"key":"Regen Potion"},{"floor":10,"key":"GhostInAJar"},{"floor":11,"key":"Regen Potion"},{"floor":13,"key":"Poison Potion"},{"floor":16,"key":"LiquidBronze"},{"floor":18,"key":"Strength Potion"},{"floor":19,"key":"Energy Potion"},{"floor":21,"key":"FearPotion"},{"floor":23,"key":"GhostInAJar"},{"floor":25,"key":"FearPotion"},{"floor":27,"key":"GamblersBrew"},{"floor":29,"key":"Ancient Potion"},{"floor":31,"key":"PowerPotion"}],"is_trial":false,"path_per_floor":["M","M","M","$","M","R","M","M","T","M","E","R","M","M","R","B",null,"M","M","?","M","$","E","R","E","T","M","R","M","?","M","R","B"],"character_chosen":"THE_SILENT","items_purchased":["Infinite Blades","PiercingWail","Bandage Up","Strawberry","Leg Sweep"],"campfire_rested":4,"item_purchase_floors":[4,4,22,22,22],"current_hp_per_floor":[65,64,64,64,59,59,48,48,48,51,41,41,43,37,58,21,70,70,59,59,39,46,30,53,30,30,21,44,35,17,14,37,0],"gold":148,"neow_bonus":"BOSS_RELIC","is_prod":false,"is_daily":false,"chose_seed":false,"campfire_upgraded":2,"win_rate":0.0,"timestamp":1546425333,"path_taken":["M","M","M","$","M","R","M","M","T","M","E","R","M","M","R","BOSS","M","M","?","M","$","E","R","E","T","M","R","M","?","M","R","BOSS"],"build_version":"2018-12-20","purchased_purges":0,"victory":false,"max_hp_per_floor":[70,70,70,70,70,70,70,70,70,70,70,70,70,70,70,70,70,70,70,70,70,77,77,77,77,77,77,77,77,77,77,77,77],"card_choices":[{"not_picked":["Prepared","Finisher"],"picked":"Dagger Throw","floor":1},{"not_picked":["Prepared","Tactician"],"picked":"Poisoned Stab","floor":2},{"not_picked":["Outmaneuver","Flying Knee"],"picked":"Dagger Throw","floor":3},{"not_picked":["PiercingWail","Riddle With Holes"],"picked":"Cloak And Dagger","floor":5},{"not_picked":["Escape Plan","Dagger Throw"],"picked":"Dodge and Roll","floor":7},{"not_picked":["Outmaneuver","Glass Knife","Caltrops"],"picked":"SKIP","floor":8},{"not_picked":["Blade Dance","Sucker Punch"],"picked":"Dagger Spray","floor":10},{"not_picked":["Dodge and Roll","Dash"],"picked":"After Image","floor":11},{"not_picked":["Bane","Eviscerate"],"picked":"Underhanded Strike","floor":13},{"not_picked":["Quick Slash","Cloak And Dagger"],"picked":"Deflect","floor":14},{"not_picked":["Malaise","Wraith Form v2"],"picked":"Glass Knife","floor":16},{"not_picked":["Crippling Poison","Underhanded Strike"],"picked":"Well Laid Plans","floor":18},{"not_picked":["Dodge and Roll","Riddle With Holes+1"],"picked":"Terror","floor":19},{"not_picked":["Crippling Poison","Noxious Fumes"],"picked":"Heel Hook","floor":21},{"not_picked":["Sucker Punch","Prepared"],"picked":"PiercingWail+1","floor":23},{"not_picked":["Underhanded Strike+1","Prepared"],"picked":"Blur","floor":25},{"not_picked":["Blur","Slice"],"picked":"Accuracy","floor":27},{"not_picked":["Bane","Underhanded Strike+1"],"picked":"Outmaneuver+1","floor":29},{"not_picked":["Terror","Cloak And Dagger"],"picked":"Unload","floor":31}],"player_experience":48747,"relics_obtained":[{"floor":9,"key":"Ancient Tea Set"},{"floor":11,"key":"Boot"},{"floor":23,"key":"Juzu Bracelet"},{"floor":25,"key":"Bronze Scales"},{"floor":26,"key":"Pocketwatch"}],"event_choices":[{"cards_removed":["Poisoned Stab"],"damage_healed":0,"gold_gain":0,"player_choice":"Purged","damage_taken":0,"max_hp_gain":0,"max_hp_loss":0,"event_name":"Purifier","floor":20,"gold_loss":0},{"damage_healed":0,"gold_gain":0,"player_choice":"Fight","damage_taken":0,"max_hp_gain":0,"max_hp_loss":0,"event_name":"Colosseum","floor":30,"gold_loss":0},{"damage_healed":0,"gold_gain":0,"player_choice":"Fled From Nobs","damage_taken":0,"max_hp_gain":0,"max_hp_loss":0,"event_name":"Colosseum","floor":30,"gold_loss":0}],"is_beta":false,"boss_relics":[{"not_picked":["Calling Bell","Ectoplasm"],"picked":"Empty Cage"}],"items_purged_floors":[],"is_endless":false,"potions_floor_spawned":[1,2,3,5,7,8,10,11,13,14,16,18,19,21,23,25,27,29,30,31],"killed_by":"Collector","ascension_level":0}