{"gold_per_floor":[13,13,13,23,37,37,56,73,97,97,109,109,34,34,34,130,130,147,147,162,162,175,175,175],"floor_reached":24,"playtime":740,"items_purged":["Strike_R"],"score":263,"play_id":"4d38ade2-3496-4960-8687-e191dce60312","local_time":"20190106101256","is_ascension_mode":true,"campfire_choices":[{"data":"Ghostly Armor","floor":6,"key":"SMITH"},{"data":"Heavy Blade","floor":10,"key":"SMITH"},{"data":"Searing Blow","floor":12,"key":"SMITH"},{"data":"Searing Blow+1","floor":15,"key":"SMITH"},{"floor":23,"key":"REST"}],"neow_cost":"NO_GOLD","seed_source_timestamp":1410406859535392,"circlet_count":0,"master_deck":["Strike_R","Strike_R","Strike_R","Strike_R","Defend_R","Defend_R","Defend_R","Defend_R","Bash+1","Heavy Blade+1","Ghostly Armor+1","Searing Blow+2","Flex","Warcry","Impervious","Evolve","Writhe","Inflame","Wild Strike"],"relics":["Burning Blood","Mango","Ancient Tea Set","Mark of Pain","Oddly Smooth Stone","Bag of Preparation"],"potions_floor_usage":[11,16],"damage_taken":[{"damage":6,"enemies":"2 Louse","floor":1,"turns":2},{"damage":0,"enemies":"Small Slimes","floor":4,"turns":3},{"damage":6,"enemies":"Cultist","floor":5,"turns":3},{"damage":5,"enemies":"Red Slaver","floor":7,"turns":4},{"damage":14,"enemies":"3 Louse","floor":8,"turns":3},{"damage":1,"enemies":"Exordium Thugs","floor":11,"turns":3},{"damage":43,"enemies":"The Guardian","floor":16,"turns":8},{"damage":8,"enemies":"Chosen","floor":18,"turns":5},{"damage":8,"enemies":"Shell Parasite","floor":20,"turns":6},{"damage":52,"enemies":"3 Cultists","floor":22,"turns":6},{"damage":87,"enemies":"Gremlin Leader","floor":24,"turns":6}],"seed_played":"-7340640199902686747","potions_obtained":[{"floor":3,"key":"SkillPotion"},{"floor":3,"key":"Energy Potion"},{"floor":3,"key":"Ancient Potion"},{"floor":7,"key":"AttackPotion"},{"floor":8,"key":"SteroidPotion"},{"floor":16,"key":"FairyPotion"},{"floor":18,"key":"Fire Potion"}],"is_trial":false,"path_per_floor":["M","?","?","M","M","R","M","M","T","R","M","R","$","$","R","B",null,"M","?","M","T","M","R","E"],"character_chosen":"IRONCLAD","items_purchased":[],"campfire_rested":1,"item_purchase_floors":[],"current_hp_per_floor":[86,86,86,92,92,92,93,85,85,85,90,90,90,90,90,53,84,82,82,80,80,34,62,0],"gold":175,"neow_bonus":"ONE_RARE_RELIC","is_prod":false,"is_daily":false,"chose_seed":false,"campfire_upgraded":4,"win_rate":0,"timestamp":1546787576,"path_taken":["M","?","?","M","M","R","?","M","T","R","M","R","?","$","R","BOSS","M","?","M","?","M","R","E"],"build_version":"2019-01-03v4","purchased_purges":1,"victory":false,"max_hp_per_floor":[94,94,94,94,94,94,94,94,94,94,94,94,94,94,94,94,94,94,94,94,94,94,94,94],"card_choices":[{"not_picked":["Headbutt","Shockwave"],"picked":"Heavy Blade","floor":1},{"not_picked":["Disarm","Pommel Strike","Power Through"],"picked":"SKIP","floor":4},{"not_picked":["Second Wind","Sentinel"],"picked":"Ghostly Armor","floor":5},{"not_picked":["Carnage","Intimidate"],"picked":"Searing Blow","floor":7},{"not_picked":["Carnage","Anger"],"picked":"Flex","floor":8},{"not_picked":["Havoc","Brutality"],"picked":"Warcry","floor":11},{"not_picked":["Bludgeon","Barricade"],"picked":"Impervious","floor":16},{"not_picked":["Wild Strike","Shrug It Off"],"picked":"Evolve","floor":18},{"not_picked":["Evolve","Headbutt"],"picked":"Inflame","floor":20},{"not_picked":["Fire Breathing","True Grit"],"picked":"Wild Strike","floor":22}],"player_experience":327070,"relics_obtained":[{"floor":9,"key":"Ancient Tea Set"},{"floor":21,"key":"Bag of Preparation"}],"event_choices":[{"damage_healed":0,"gold_gain":0,"player_choice":"Grow","damage_taken":0,"max_hp_gain":0,"max_hp_loss":0,"event_name":"Living Wall","floor":2,"gold_loss":0,"cards_upgraded":["Bash"]},{"damage_healed":0,"gold_gain":0,"player_choice":"Got Potions","damage_taken":0,"max_hp_gain":0,"max_hp_loss":0,"event_name":"Lab","floor":3,"gold_loss":0},{"damage_healed":0,"gold_gain":0,"player_choice":"Opened","damage_taken":0,"relics_obtained":["Oddly Smooth Stone"],"max_hp_gain":0,"max_hp_loss":0,"event_name":"The Mausoleum","floor":19,"gold_loss":0,"cards_obtained":["Writhe"]}],"is_beta":false,"boss_relics":[{"not_picked":["Runic Dome","Orrery"],"picked":"Mark of Pain"}],"items_purged_floors":[13],"is_endless":false,"potions_floor_spawned":[4,7,8,16,18],"killed_by":"Gremlin Leader","ascension_level":8}