{"gold_per_floor":[115,115,115,133,133,133,177,14,63,63,78,153,178,194,194,314,314,337,66,81,81,100,100,100],"floor_reached":24,"playtime":1111,"items_purged":["Injury"],"score":290,"play_id":"a78085fb-e95c-4edf-a5d8-82fbb60a85b0","local_time":"20190206094642","is_ascension_mode":true,"campfire_choices":[{"data":"Neutralize","floor":6,"key":"SMITH"},{"data":"Cloak And Dagger","floor":10,"key":"SMITH"},{"data":"Footwork","floor":15,"key":"SMITH"},{"data":"Adrenaline","floor":23,"key":"SMITH"}],"neow_cost":"NONE","seed_source_timestamp":2285881810536453,"circlet_count":0,"master_deck":["Defend_G","Defend_G","Defend_G","Defend_G","Defend_G","Strike_G","Strike_G","Strike_G","Strike_G","Strike_G","Survivor","Neutralize+1","Prepared","Catalyst","Poisoned Stab","Footwork+1","Cloak And Dagger+1","PiercingWail","Deadly Poison","Adrenaline+1","Bane","Cloak And Dagger","Infinite Blades","Cloak And Dagger"],"relics":["Ring of the Snake","NeowsBlessing","Boot","Golden Idol","Art of War","Cursed Key","Bag of Marbles"],"potions_floor_usage":[16,20,21,24],"damage_taken":[{"damage":0,"enemies":"2 Louse","floor":1,"turns":1},{"damage":0,"enemies":"Small Slimes","floor":4,"turns":1},{"damage":0,"enemies":"3 Sentries","floor":7,"turns":1},{"damage":0,"enemies":"Jaw Worm","floor":11,"turns":4},{"damage":2,"enemies":"Exordium Wildlife","floor":13,"turns":6},{"damage":0,"enemies":"Blue Slaver","floor":14,"turns":4},{"damage":23,"enemies":"Hexaghost","floor":16,"turns":10},{"damage":19,"enemies":"2 Thieves","floor":18,"turns":5},{"damage":2,"enemies":"3 Byrds","floor":20,"turns":4},{"damage":0,"enemies":"Cultist and Chosen","floor":21,"turns":2},{"damage":12,"enemies":"3 Cultists","floor":22,"turns":6},{"damage":31,"enemies":"Gremlin Leader","floor":24,"turns":2}],"seed_played":"6017267228387668520","potions_obtained":[{"floor":1,"key":"Explosive Potion"},{"floor":4,"key":"Block Potion"},{"floor":14,"key":"AttackPotion"},{"floor":16,"key":"SpeedPotion"},{"floor":18,"key":"Swift Potion"},{"floor":20,"key":"SmokeBomb"}],"is_trial":false,"path_per_floor":["M","?","?","M","?","R","E","$","T","R","M","?","M","M","R","B",null,"M","$","M","M","M","R","E"],"character_chosen":"THE_SILENT","items_purchased":["Footwork","Cloak And Dagger","Bag of Marbles","Cloak And Dagger","Infinite Blades"],"campfire_rested":0,"item_purchase_floors":[8,8,19,19,19],"current_hp_per_floor":[63,63,56,56,56,56,56,56,56,56,56,45,43,43,43,20,58,39,39,37,37,25,25,0],"gold":100,"neow_bonus":"THREE_ENEMY_KILL","is_prod":false,"is_daily":false,"chose_seed":false,"campfire_upgraded":4,"win_rate":0,"timestamp":1549475202,"path_taken":["M","?","?","M","?","R","E","$","T","R","?","?","M","M","R","BOSS","M","$","M","M","M","R","E"],"build_version":"2019-01-23","purchased_purges":1,"victory":false,"max_hp_per_floor":[70,70,70,70,70,70,70,70,70,70,70,70,70,70,70,70,70,70,70,70,70,70,70,70],"card_choices":[{"not_picked":["Setup","All Out Attack"],"picked":"Prepared","floor":1},{"not_picked":["Masterful Stab","Expertise"],"picked":"Catalyst","floor":4},{"not_picked":["Riddle With Holes","Die Die Die"],"picked":"Poisoned Stab","floor":7},{"not_picked":["Deflect","Flying Knee","Caltrops"],"picked":"SKIP","floor":11},{"not_picked":["Slice","Quick Slash"],"picked":"PiercingWail","floor":13},{"not_picked":["Sucker Punch","Outmaneuver"],"picked":"Deadly Poison","floor":14},{"not_picked":["A Thousand Cuts","Unload"],"picked":"Adrenaline","floor":16},{"not_picked":["Masterful Stab","Heel Hook+1"],"picked":"Bane","floor":18},{"not_picked":["Poisoned Stab+1","Acrobatics"],"picked":"Cloak And Dagger","floor":20},{"not_picked":["Dagger Spray","Dodge and Roll","Poisoned Stab"],"picked":"SKIP","floor":22}],"player_experience":279816,"relics_obtained":[{"floor":7,"key":"Art of War"}],"event_choices":[{"damage_healed":0,"gold_gain":0,"player_choice":"Box","damage_taken":0,"relics_obtained":["Boot"],"max_hp_gain":0,"max_hp_loss":0,"event_name":"Big Fish","floor":2,"gold_loss":0,"cards_obtained":["Regret"]},{"cards_removed":["Regret"],"damage_healed":0,"gold_gain":0,"player_choice":"Card Removal","damage_taken":7,"max_hp_gain":0,"max_hp_loss":0,"event_name":"Golden Wing","floor":3,"gold_loss":0},{"damage_healed":0,"gold_gain":0,"player_choice":"Take Wound","damage_taken":0,"relics_obtained":["Golden Idol"],"max_hp_gain":0,"max_hp_loss":0,"event_name":"Golden Idol","floor":5,"gold_loss":0,"cards_obtained":["Injury"]},{"damage_healed":0,"gold_gain":75,"player_choice":"Gather Gold","damage_taken":11,"max_hp_gain":0,"max_hp_loss":0,"event_name":"World of Goop","floor":12,"gold_loss":0}],"is_beta":false,"boss_relics":[{"not_picked":["Philosopher\u0027s Stone","Black Star"],"picked":"Cursed Key"}],"items_purged_floors":[8],"is_endless":false,"potions_floor_spawned":[1,4,14,16,18,20],"killed_by":"Gremlin Leader","ascension_level":6}