{"path_per_floor":["M","M","?","M","$","R","M","E","T","$","R","?","T","M","R","B",null,"M","?","?","M","M","E","M","$","T","$","R","E","M","M","R"],"character_chosen":"IRONCLAD","items_purchased":["Entrench"],"gold_per_floor":[119,133,133,152,77,77,87,114,114,14,14,14,14,26,26,124,124,144,144,59,76,91,147,161,92,171,46,46,72,89,107,107,107],"floor_reached":33,"campfire_rested":3,"playtime":1604,"current_hp_per_floor":[80,80,80,80,80,80,67,39,39,39,39,23,23,24,48,23,80,79,79,79,68,52,26,20,20,20,20,44,42,40,36,60,0],"items_purged":["Injury","Strike_R","Strike_R"],"gold":107,"score":287,"play_id":"49896011-6090-4f2d-a63e-29a4e5c133aa","local_time":"20180418213046","is_prod":false,"is_daily":false,"chose_seed":false,"is_ascension_mode":false,"campfire_upgraded":2,"timestamp":1524112246,"path_taken":["M","M","?","M","$","R","?","E","T","$","R","?","?","M","R","BOSS","M","?","?","?","M","E","M","$","T","$","R","E","M","?","R","BOSS"],"build_version":"2018-04-12","seed_source_timestamp":0,"purchased_purges":4,"victory":false,"master_deck":["Strike_R","Strike_R+1","Defend_R","Defend_R+1","Defend_R","Defend_R","Bash","Impervious","Body Slam+1","Cleave","Rampage+1","Headbutt","Barricade","Flex+1","Entrench"],"max_hp_per_floor":[80,80,80,80,80,80,80,80,80,80,80,80,80,80,80,80,80,80,80,80,80,80,80,80,80,80,80,80,80,80,80,80,80],"relics":["Burning Blood","Bag of Preparation","Darkstone Periapt","Matryoshka","Velvet Choker","Meat on the Bone","Tiny Chest","Anchor","Molten Egg 2","Orichalcum"],"card_choices":[{"not_picked":["Double Tap","Fiend Fire"],"picked":"Impervious","floor":0.0},{"not_picked":["Warcry","Cleave"],"picked":"Body Slam","floor":1.0},{"not_picked":["Wild Strike","Sentinel"],"picked":"Cleave","floor":2.0},{"not_picked":["Corruption","Thunderclap"],"picked":"Rampage","floor":4.0},{"not_picked":["Battle Trance","Burning Pact"],"picked":"Headbutt","floor":14.0},{"not_picked":["Double Tap","Fiend Fire"],"picked":"Barricade","floor":16.0},{"not_picked":["Cleave","Perfected Strike"],"picked":"Flex","floor":22.0}],"player_experience":55047,"potions_floor_usage":[],"damage_taken":[{"damage":5.0,"enemies":"Small Slimes","floor":1.0,"turns":3.0},{"damage":4.0,"enemies":"Cultist","floor":2.0,"turns":4.0},{"damage":0.0,"enemies":"Jaw Worm","floor":4.0,"turns":2.0},{"damage":19.0,"enemies":"3 Louse","floor":7.0,"turns":3.0},{"damage":34.0,"enemies":"Gremlin Nob","floor":8.0,"turns":5.0},{"damage":5.0,"enemies":"Looter","floor":14.0,"turns":4.0},{"damage":31.0,"enemies":"Hexaghost","floor":16.0,"turns":10.0},{"damage":7.0,"enemies":"Shell Parasite","floor":18.0,"turns":4.0},{"damage":17.0,"enemies":"2 Thieves","floor":21.0,"turns":4.0},{"damage":22.0,"enemies":"3 Cultists","floor":22.0,"turns":6.0},{"damage":44.0,"enemies":"Book of Stabbing","floor":23.0,"turns":6.0},{"damage":27.0,"enemies":"Snake Plant","floor":24.0,"turns":3.0},{"damage":20.0,"enemies":"Slavers","floor":29.0,"turns":7.0},{"damage":20.0,"enemies":"Slaver and Parasite","floor":30.0,"turns":7.0},{"damage":22.0,"enemies":"Cultist and Chosen","floor":31.0,"turns":6.0},{"damage":67,"enemies":"Automaton","floor":33,"turns":10}],"event_choices":[{"event_name":"The Woman in Blue","player_choice":"Bought 0 Potions","floor":3.0,"damage_taken":0.0},{"event_name":"Shining Light","player_choice":"Entered Light","floor":12.0,"damage_taken":0.0},{"event_name":"Back to Basics","player_choice":"Elegance","floor":19.0,"damage_taken":0.0},{"event_name":"Addict","player_choice":"Obtained Relic","floor":20.0,"damage_taken":0.0}],"boss_relics":[],"potions_floor_spawned":[7,8,14,21,23,29,30,31],"seed_played":"8601410625325022070","killed_by":"Automaton","ascension_level":0,"is_trial":false}