{"gold_per_floor":[110,62,76,91,91,91,159,184,209,209,233,233,308,343,343,463,463,476,500,538,4,22,22,65,65,91,91,91,91,91,116,116,245,245,258,591,610,256,256,290,290,305,350,69,69,69,69,69,69,69],"floor_reached":50,"playtime":1836,"items_purged":["Strike_R","Doubt","Normality"],"score":730,"play_id":"8b4b60a8-5963-4147-9abb-804c7bf4092b","local_time":"20190205172718","is_ascension_mode":true,"campfire_choices":[{"data":"Uppercut","floor":6,"key":"SMITH"},{"data":"Inflame","floor":12,"key":"SMITH"},{"floor":15,"key":"REST"},{"floor":23,"key":"REST"},{"data":"Heavy Blade","floor":25,"key":"SMITH"},{"floor":32,"key":"REST"},{"data":"Armaments","floor":41,"key":"SMITH"},{"data":"Heavy Blade","floor":45,"key":"SMITH"},{"data":"Rampage","floor":49,"key":"SMITH"}],"neow_cost":"NONE","seed_source_timestamp":2226388847062380,"circlet_count":0,"master_deck":["Strike_R","Strike_R","Strike_R","Strike_R","Defend_R+1","Defend_R","Defend_R","Defend_R","Bash","Uppercut+1","Shrug It Off+1","Inflame+1","Heavy Blade+1","Entrench","Rampage+1","Shrug It Off+1","Body Slam+1","Flex","Thunderclap","Feed","Parasite","Body Slam","Shrug It Off","Armaments+1","Parasite","Parasite","Metallicize","Seeing Red","Heavy Blade+1","Shrug It Off"],"relics":["Burning Blood","NeowsBlessing","Tiny Chest","Bag of Marbles","Bottled Flame","War Paint","Cursed Key","Red Mask","Brimstone","Paper Frog","Bottled Tornado","Juzu Bracelet","Mercury Hourglass","Busted Crown","Lantern","Turnip","Meat on the Bone","Bag of Preparation"],"potions_floor_usage":[8,16,18,20,33,33,50,50],"damage_taken":[{"damage":0,"enemies":"Cultist","floor":1,"turns":1},{"damage":3,"enemies":"2 Louse","floor":3,"turns":2},{"damage":0,"enemies":"Jaw Worm","floor":4,"turns":1},{"damage":15,"enemies":"Gremlin Nob","floor":7,"turns":4},{"damage":8,"enemies":"Looter","floor":8,"turns":2},{"damage":9,"enemies":"Blue Slaver","floor":11,"turns":2},{"damage":30,"enemies":"Lagavulin","floor":14,"turns":6},{"damage":41,"enemies":"The Guardian","floor":16,"turns":11},{"damage":38,"enemies":"3 Byrds","floor":18,"turns":4},{"damage":3,"enemies":"Chosen","floor":19,"turns":3},{"damage":24,"enemies":"Masked Bandits","floor":20,"turns":5},{"damage":2,"enemies":"Centurion and Healer","floor":22,"turns":3},{"damage":21,"enemies":"Slavers","floor":24,"turns":5},{"damage":4,"enemies":"Snecko","floor":31,"turns":3},{"damage":24,"enemies":"Champ","floor":33,"turns":6},{"damage":18,"enemies":"3 Darklings","floor":35,"turns":4},{"damage":6,"enemies":"3 Shapes","floor":37,"turns":2},{"damage":0,"enemies":"Reptomancer","floor":40,"turns":2},{"damage":0,"enemies":"Writhing Mass","floor":42,"turns":3},{"damage":100,"enemies":"Awakened One","floor":50,"turns":6}],"seed_played":"788463482270427070","potions_obtained":[{"floor":1,"key":"LiquidBronze"},{"floor":7,"key":"BloodPotion"},{"floor":8,"key":"Dexterity Potion"},{"floor":18,"key":"EssenceOfSteel"},{"floor":20,"key":"Weak Potion"},{"floor":22,"key":"FearPotion"},{"floor":31,"key":"FearPotion"},{"floor":35,"key":"SkillPotion"},{"floor":37,"key":"FairyPotion"},{"floor":40,"key":"Block Potion"}],"is_trial":false,"path_per_floor":["M","$","M","M","?","R","E","M","T","T","M","R","?","E","R","B",null,"M","M","?","$","M","R","E","R","T","?","$","T","$","M","R","B",null,"M","?","M","$","T","E","R","M","T","$","R","?","$","?","R","B"],"character_chosen":"IRONCLAD","items_purchased":["Shrug It Off","Brimstone","Paper Frog","Flex","Shrug It Off","Armaments","Lantern","Seeing Red","Heavy Blade","Shrug It Off"],"campfire_rested":3,"item_purchase_floors":[2,21,21,21,38,38,38,44,44,44],"current_hp_per_floor":[80,80,80,80,60,60,51,57,57,57,54,54,43,19,43,8,62,30,33,15,15,19,43,28,28,28,28,28,28,28,33,57,39,72,60,60,60,60,60,66,66,72,72,72,72,72,72,72,72,0],"gold":69,"neow_bonus":"THREE_ENEMY_KILL","is_prod":false,"is_daily":false,"chose_seed":false,"campfire_upgraded":6,"win_rate":0,"timestamp":1549416438,"path_taken":["M","$","?","M","?","R","E","M","T","?","M","R","?","E","R","BOSS","M","M","?","$","M","R","E","R","T","?","?","?","$","M","R","BOSS","M","?","M","$","?","E","R","M","T","?","R","?","?","?","R","BOSS"],"build_version":"2019-01-23","purchased_purges":3,"victory":false,"max_hp_per_floor":[80,80,80,80,80,80,80,80,80,80,80,80,80,80,80,80,80,80,80,80,80,80,80,80,80,80,80,80,80,80,83,83,83,83,83,83,83,83,83,83,83,83,83,83,83,83,83,83,83,87],"card_choices":[{"not_picked":["Intimidate","Feel No Pain"],"picked":"Uppercut","floor":1},{"not_picked":["Evolve","Wild Strike"],"picked":"Inflame","floor":3},{"not_picked":["Iron Wave","Twin Strike"],"picked":"Heavy Blade","floor":4},{"not_picked":["Intimidate","Clash"],"picked":"Entrench","floor":7},{"not_picked":["Rupture","Clothesline","Entrench"],"picked":"SKIP","floor":8},{"not_picked":["Evolve","Clash","Intimidate"],"picked":"SKIP","floor":11},{"not_picked":["Disarm","Dark Embrace","True Grit"],"picked":"SKIP","floor":14},{"not_picked":["Warcry","Rupture+1"],"picked":"Rampage","floor":18},{"not_picked":["Clash+1","Body Slam"],"picked":"Shrug It Off+1","floor":19},{"not_picked":["Pommel Strike","Sever Soul+1"],"picked":"Body Slam+1","floor":20},{"not_picked":["Iron Wave+1","Havoc"],"picked":"Thunderclap","floor":22},{"not_picked":["Pummel+1","Immolate"],"picked":"Feed","floor":24},{"not_picked":["Thunderclap","Cleave"],"picked":"Body Slam","floor":31},{"not_picked":["Clothesline+1"],"picked":"SKIP","floor":35},{"not_picked":["Shockwave"],"picked":"SKIP","floor":37},{"not_picked":["Wild Strike+1"],"picked":"SKIP","floor":40},{"not_picked":[],"picked":"Metallicize","floor":42}],"player_experience":263109,"relics_obtained":[{"floor":7,"key":"Tiny Chest"},{"floor":9,"key":"Bag of Marbles"},{"floor":10,"key":"Bottled Flame"},{"floor":14,"key":"War Paint"},{"floor":20,"key":"Red Mask"},{"floor":24,"key":"Bottled Tornado"},{"floor":26,"key":"Juzu Bracelet"},{"floor":29,"key":"Mercury Hourglass"},{"floor":39,"key":"Turnip"},{"floor":40,"key":"Meat on the Bone"},{"floor":43,"key":"Bag of Preparation"}],"event_choices":[{"damage_healed":0,"gold_gain":0,"player_choice":"Take Damage","damage_taken":20,"relics_obtained":["Golden Idol"],"max_hp_gain":0,"max_hp_loss":0,"event_name":"Golden Idol","floor":5,"gold_loss":0},{"damage_healed":0,"gold_gain":75,"player_choice":"Gather Gold","damage_taken":11,"max_hp_gain":0,"max_hp_loss":0,"event_name":"World of Goop","floor":13,"gold_loss":0},{"damage_healed":0,"gold_gain":0,"player_choice":"Fought Bandits","damage_taken":0,"max_hp_gain":0,"max_hp_loss":0,"event_name":"Masked Bandits","floor":20,"gold_loss":0},{"damage_healed":0,"gold_gain":0,"player_choice":"Ignored","damage_taken":0,"max_hp_gain":0,"max_hp_loss":0,"event_name":"Ghosts","floor":27,"gold_loss":0},{"damage_healed":0,"gold_gain":333,"player_choice":"Gave Idol","damage_taken":0,"max_hp_gain":0,"max_hp_loss":0,"event_name":"The Moai Head","floor":36,"relics_lost":["Golden Idol"],"gold_loss":0},{"damage_healed":0,"gold_gain":0,"player_choice":"0 cards matched","damage_taken":0,"max_hp_gain":0,"max_hp_loss":0,"event_name":"Match and Keep!","floor":46,"gold_loss":0,"cards_obtained":[]},{"damage_healed":0,"gold_gain":0,"player_choice":"Memory 1","damage_taken":0,"max_hp_gain":0,"max_hp_loss":0,"event_name":"SensoryStone","floor":48,"gold_loss":0}],"is_beta":false,"boss_relics":[{"not_picked":["Lizard Tail","Coffee Dripper"],"picked":"Cursed Key"},{"not_picked":["Velvet Choker","Tiny House"],"picked":"Busted Crown"}],"items_purged_floors":[21,38,44],"is_endless":false,"potions_floor_spawned":[1,7,8,18,20,22,31,35,37,40],"killed_by":"Awakened One","ascension_level":5}