{"gold_per_floor":[99,99,99,99,99,99,28,28,28,28,28,28,28,28,28,28,28,0,0,0,0,0,0,0,0,0,0,0,0,0,0,0,0,0,0,0,0,0,0,0,0],"floor_reached":41,"playtime":1752,"items_purged":[],"score":407,"play_id":"5c41c28e-d83b-46f5-a49b-4d30a39b4ebc","local_time":"20190208120727","is_ascension_mode":false,"campfire_choices":[{"data":"Doom and Gloom","floor":6,"key":"SMITH"},{"data":"Sunder","floor":10,"key":"SMITH"},{"data":"Consume","floor":13,"key":"SMITH"},{"data":"Static Discharge","floor":15,"key":"SMITH"},{"data":"Turbo","floor":23,"key":"SMITH"},{"floor":27,"key":"REST"},{"data":"Coolheaded","floor":30,"key":"SMITH"},{"floor":32,"key":"REST"},{"floor":40,"key":"REST"}],"neow_cost":"NONE","seed_source_timestamp":1855496946128095,"circlet_count":0,"master_deck":["Strike_B","Strike_B","Strike_B","Strike_B","Defend_B","Defend_B","Defend_B","Defend_B","Zap","Dualcast+1","Doom and Gloom+1","Static Discharge+1","Cold Snap","Coolheaded+1","Sunder+1","Consume+1","Machine Learning","Creative AI","Cold Snap","White Noise+1","Turbo+1","Recycle+1","Storm","Buffer","Echo Form","Double Energy+1"],"relics":["Ectoplasm"],"potions_floor_usage":[5,22,24,31,33,38,38,41],"damage_taken":[{"damage":2,"enemies":"Small Slimes","floor":1,"turns":4},{"damage":2,"enemies":"Jaw Worm","floor":2,"turns":4},{"damage":0,"enemies":"Cultist","floor":3,"turns":3},{"damage":0,"enemies":"Gremlin Gang","floor":5,"turns":2},{"damage":9,"enemies":"Red Slaver","floor":8,"turns":4},{"damage":0,"enemies":"2 Fungi Beasts","floor":11,"turns":2},{"damage":14,"enemies":"Exordium Thugs","floor":12,"turns":3},{"damage":18,"enemies":"The Guardian","floor":16,"turns":9},{"damage":25,"enemies":"2 Thieves","floor":18,"turns":3},{"damage":4,"enemies":"Spheric Guardian","floor":21,"turns":4},{"damage":4,"enemies":"Snecko","floor":22,"turns":7},{"damage":8,"enemies":"3 Cultists","floor":24,"turns":4},{"damage":5,"enemies":"Chosen and Byrds","floor":25,"turns":7},{"damage":12,"enemies":"Snake Plant","floor":28,"turns":3},{"damage":34,"enemies":"Slavers","floor":31,"turns":4},{"damage":9,"enemies":"Champ","floor":33,"turns":11},{"damage":45,"enemies":"3 Darklings","floor":35,"turns":4},{"damage":2,"enemies":"3 Shapes","floor":37,"turns":6},{"damage":4,"enemies":"Sphere and 2 Shapes","floor":38,"turns":6},{"damage":48,"enemies":"Spire Growth","floor":41,"turns":5}],"seed_played":"1535329506883068236","potions_obtained":[{"floor":2,"key":"Explosive Potion"},{"floor":3,"key":"AttackPotion"},{"floor":8,"key":"Fire Potion"},{"floor":18,"key":"SkillPotion"},{"floor":25,"key":"GamblersBrew"},{"floor":33,"key":"SkillPotion"},{"floor":35,"key":"PowerPotion"},{"floor":38,"key":"Swift Potion"}],"is_trial":false,"path_per_floor":["M","M","M","?","M","R","$","M","T","R","M","M","R","$","R","B",null,"M","?","$","M","M","R","M","M","T","R","M","$","R","E","R","B",null,"M","?","M","M","$","R","M"],"character_chosen":"DEFECT","items_purchased":["Sunder"],"campfire_rested":3,"item_purchase_floors":[7],"current_hp_per_floor":[73,71,71,71,71,71,71,62,62,62,62,48,48,48,48,30,75,50,50,50,46,42,42,34,29,29,51,39,39,39,5,27,18,75,30,30,28,24,24,46,0],"gold":0,"neow_bonus":"BOSS_RELIC","is_prod":false,"is_daily":false,"chose_seed":false,"campfire_upgraded":6,"win_rate":0,"timestamp":1549645647,"path_taken":["M","M","M","?","M","R","?","M","T","R","M","M","R","$","R","BOSS","M","?","$","M","M","R","?","?","T","R","M","?","R","E","R","BOSS","M","?","M","?","$","R","M"],"build_version":"2019-01-23","purchased_purges":0,"victory":false,"max_hp_per_floor":[75,75,75,75,75,75,75,75,75,75,75,75,75,75,75,75,75,75,75,75,75,75,75,75,75,75,75,75,75,75,75,75,75,75,75,75,75,75,75,75,75],"card_choices":[{"not_picked":["Coolheaded","Streamline"],"picked":"Doom and Gloom","floor":1},{"not_picked":["Hello World","Stack"],"picked":"Static Discharge","floor":2},{"not_picked":["BootSequence","Barrage"],"picked":"Cold Snap","floor":3},{"not_picked":["Scrape","Sweeping Beam"],"picked":"Coolheaded","floor":5},{"not_picked":["Turbo","Hologram"],"picked":"Consume","floor":8},{"not_picked":["Stack","Coolheaded","Barrage"],"picked":"SKIP","floor":11},{"not_picked":["Ball Lightning","Loop"],"picked":"Machine Learning","floor":12},{"not_picked":["Machine Learning","Fission"],"picked":"Creative AI","floor":16},{"not_picked":["Rebound","Compile Driver"],"picked":"Cold Snap","floor":18},{"not_picked":["Beam Cell","Undo+1"],"picked":"White Noise+1","floor":21},{"not_picked":["Conserve Battery","Go for the Eyes"],"picked":"Turbo","floor":22},{"not_picked":["Glacier","Consume+1"],"picked":"Recycle+1","floor":24},{"not_picked":["Steam","Go for the Eyes+1","Coolheaded"],"picked":"SKIP","floor":25},{"not_picked":["Turbo","Ball Lightning"],"picked":"Storm","floor":28},{"not_picked":["Coolheaded","Redo"],"picked":"Buffer","floor":31},{"not_picked":["Fission","Hyperbeam"],"picked":"Echo Form","floor":33},{"not_picked":["Steam Power+1","Streamline+1","Barrage"],"picked":"SKIP","floor":35},{"not_picked":["Blizzard","Steam Power","Leap"],"picked":"SKIP","floor":37},{"not_picked":["Cold Snap+1","Barrage+1"],"picked":"Double Energy+1","floor":38}],"player_experience":703085,"relics_obtained":[],"event_choices":[{"damage_healed":0,"gold_gain":0,"player_choice":"Ignored","damage_taken":0,"max_hp_gain":0,"max_hp_loss":0,"event_name":"Golden Idol","floor":4,"gold_loss":0},{"damage_healed":0,"gold_gain":0,"player_choice":"Forge","damage_taken":0,"max_hp_gain":0,"max_hp_loss":0,"event_name":"Accursed Blacksmith","floor":19,"gold_loss":0,"cards_upgraded":["Dualcast"]},{"damage_healed":0,"gold_gain":0,"player_choice":"Leave","damage_taken":0,"max_hp_gain":0,"max_hp_loss":0,"event_name":"FaceTrader","floor":36,"gold_loss":0}],"is_beta":false,"boss_relics":[{"not_picked":[]},{"not_picked":[]}],"items_purged_floors":[],"is_endless":false,"potions_floor_spawned":[2,3,8,18,25,33,35,38],"killed_by":"Spire Growth","ascension_level":0}