{"gold_per_floor":[116,116,127,3,17,17,50,50,77,102,127,127,27,61,61,159,159,178,197,210,221,96,96,129,129,155,167,185,185,218,230,230,230],"floor_reached":33,"playtime":1782,"items_purged":["Strike_R","Pain","Strike_R"],"score":381,"play_id":"5121a353-93b2-4e5e-a520-b8dbe8f4474e","local_time":"20190127132743","is_ascension_mode":true,"campfire_choices":[{"data":"Bash","floor":6,"key":"SMITH"},{"data":"Body Slam","floor":8,"key":"SMITH"},{"floor":15,"key":"REST"},{"floor":23,"key":"REST"},{"data":"1","floor":25,"key":"LIFT"},{"data":"2","floor":29,"key":"LIFT"},{"data":"3","floor":32,"key":"LIFT"}],"neow_cost":"NONE","seed_source_timestamp":28824564070216,"circlet_count":0,"master_deck":["Strike_R","Strike_R","Strike_R+1","Defend_R","Defend_R","Defend_R","Defend_R","Bash+1","Inflame","Heavy Blade","Shrug It Off","Body Slam+1","Thunderclap+1","Heavy Blade","Iron Wave","Berserk","Pommel Strike+1","Heavy Blade+1","Barricade","Flex"],"relics":["Burning Blood","NeowsBlessing","Happy Flower","Whetstone","Anchor","Odd Mushroom","WarpedTongs","Girya","Velvet Choker","Orichalcum","Pen Nib","Unceasing Top"],"potions_floor_usage":[7,11,14,14,14,21,30,33,33],"damage_taken":[{"damage":0,"enemies":"Small Slimes","floor":1,"turns":1},{"damage":0,"enemies":"Cultist","floor":3,"turns":1},{"damage":0,"enemies":"Jaw Worm","floor":5,"turns":1},{"damage":46,"enemies":"Lagavulin","floor":7,"turns":8},{"damage":42,"enemies":"3 Sentries","floor":10,"turns":6},{"damage":1,"enemies":"The Mushroom Lair","floor":11,"turns":4},{"damage":10,"enemies":"Lagavulin","floor":14,"turns":4},{"damage":23,"enemies":"Hexaghost","floor":16,"turns":7},{"damage":13,"enemies":"2 Thieves","floor":18,"turns":3},{"damage":0,"enemies":"Chosen","floor":19,"turns":3},{"damage":30,"enemies":"Snake Plant","floor":20,"turns":3},{"damage":41,"enemies":"Sentry and Sphere","floor":21,"turns":5},{"damage":5,"enemies":"Gremlin Leader","floor":24,"turns":5},{"damage":5,"enemies":"Centurion and Healer","floor":27,"turns":3},{"damage":0,"enemies":"Snake Plant","floor":28,"turns":2},{"damage":20,"enemies":"Book of Stabbing","floor":30,"turns":3},{"damage":18,"enemies":"Sentry and Sphere","floor":31,"turns":4},{"damage":60,"enemies":"Automaton","floor":33,"turns":6}],"seed_played":"-6955983810661484785","potions_obtained":[{"floor":1,"key":"Block Potion"},{"floor":2,"key":"Swift Potion"},{"floor":2,"key":"Regen Potion"},{"floor":3,"key":"EntropicBrew"},{"floor":18,"key":"Regen Potion"},{"floor":28,"key":"BloodPotion"},{"floor":30,"key":"Explosive Potion"}],"is_trial":false,"path_per_floor":["M","?","M","$","M","R","E","R","T","E","?","?","$","E","R","B",null,"M","M","M","M","$","R","E","R","T","M","M","R","E","M","R","B"],"character_chosen":"IRONCLAD","items_purchased":["Shrug It Off"],"campfire_rested":2,"item_purchase_floors":[4],"current_hp_per_floor":[80,80,80,80,80,80,45,45,45,9,14,14,14,15,39,22,66,59,65,41,18,18,42,43,43,43,44,50,50,44,32,32,0],"gold":230,"neow_bonus":"THREE_ENEMY_KILL","is_prod":false,"is_daily":false,"chose_seed":false,"campfire_upgraded":2,"win_rate":0,"timestamp":1548624463,"path_taken":["M","?","M","?","?","R","E","R","T","E","?","?","$","E","R","BOSS","M","M","M","M","$","R","E","R","T","?","M","R","E","M","R","BOSS"],"build_version":"2019-01-23","purchased_purges":3,"victory":false,"max_hp_per_floor":[80,80,80,80,80,80,80,80,80,80,80,80,80,80,80,80,80,80,80,80,80,80,80,80,80,80,80,80,80,80,80,80,80],"card_choices":[{"not_picked":["Armaments","True Grit"],"picked":"Inflame","floor":1},{"not_picked":["Armaments","Pommel Strike"],"picked":"Heavy Blade","floor":3},{"not_picked":["Havoc","Wild Strike"],"picked":"Body Slam","floor":5},{"not_picked":["Clash","Intimidate"],"picked":"Thunderclap","floor":7},{"not_picked":["Shockwave","Clothesline","Clash"],"picked":"SKIP","floor":10},{"not_picked":["Twin Strike","Hemokinesis"],"picked":"Heavy Blade","floor":11},{"not_picked":["Clash","Pummel"],"picked":"Iron Wave","floor":14},{"not_picked":["Bludgeon","Offering"],"picked":"Berserk","floor":16},{"not_picked":["Havoc","Infernal Blade"],"picked":"Pommel Strike+1","floor":18},{"not_picked":["Sentinel","Pommel Strike","Sword Boomerang"],"picked":"SKIP","floor":19},{"not_picked":["Anger+1","Second Wind","Corruption+1"],"picked":"SKIP","floor":20},{"not_picked":["Clash","Combust"],"picked":"Heavy Blade+1","floor":21},{"not_picked":["Perfected Strike","Sentinel"],"picked":"Barricade","floor":24},{"not_picked":["Twin Strike","Sword Boomerang","Shockwave"],"picked":"SKIP","floor":27},{"not_picked":["Armaments+1","Seeing Red","Blood for Blood"],"picked":"SKIP","floor":28},{"not_picked":["Havoc","Whirlwind+1"],"picked":"Flex","floor":30},{"not_picked":["Uppercut","Perfected Strike+1","Twin Strike"],"picked":"SKIP","floor":31}],"player_experience":244085,"relics_obtained":[{"floor":7,"key":"Happy Flower"},{"floor":9,"key":"Whetstone"},{"floor":10,"key":"Anchor"},{"floor":11,"key":"Odd Mushroom"},{"floor":14,"key":"Girya"},{"floor":24,"key":"Orichalcum"},{"floor":26,"key":"Pen Nib"},{"floor":30,"key":"Unceasing Top"}],"event_choices":[{"damage_healed":0,"gold_gain":0,"player_choice":"Got Potions","damage_taken":0,"max_hp_gain":0,"max_hp_loss":0,"event_name":"Lab","floor":2,"gold_loss":0},{"damage_healed":0,"gold_gain":0,"player_choice":"Fought Mushrooms","damage_taken":0,"max_hp_gain":0,"max_hp_loss":0,"event_name":"Mushrooms","floor":11,"gold_loss":0},{"damage_healed":0,"gold_gain":0,"player_choice":"Rummage","damage_taken":0,"relics_obtained":["WarpedTongs"],"max_hp_gain":0,"max_hp_loss":0,"event_name":"Accursed Blacksmith","floor":12,"gold_loss":0,"cards_obtained":["Pain"]}],"is_beta":false,"boss_relics":[{"not_picked":["Runic Cube","Runic Dome"],"picked":"Velvet Choker"}],"items_purged_floors":[4,13,22],"is_endless":false,"potions_floor_spawned":[1,3,18,28,30],"killed_by":"Automaton","ascension_level":5}