{"gold_per_floor":[117,35,97,172,61,95,107,149,161,206,232,244,256,278,290,381,393,424,77,77,177,189,189,205,217,217,142,174,16,16,42,42,117,117,135,135,145,156,56,56,69,69,117,141,141,141,152,152,152,152],"floor_reached":51,"playtime":2466,"items_purged":["Strike_G","Strike_G"],"score":1228,"play_id":"c43b9ae0-2e43-46cc-907c-a980cf5d15a7","local_time":"20190221222645","is_ascension_mode":true,"campfire_choices":[{"data":"Neutralize","floor":7.0,"key":"SMITH"},{"data":"Backstab","floor":12,"key":"SMITH"},{"floor":15,"key":"REST"},{"data":"Footwork","floor":23,"key":"SMITH"},{"data":"Backstab","floor":30,"key":"SMITH"},{"data":"A Thousand Cuts","floor":32,"key":"SMITH"},{"data":"Dash","floor":40,"key":"SMITH"},{"data":"Noxious Fumes","floor":42,"key":"SMITH"},{"data":"Adrenaline","floor":45,"key":"SMITH"},{"data":"Survivor","floor":49,"key":"SMITH"}],"neow_cost":"NONE","seed_source_timestamp":17289307277228,"circlet_count":0,"master_deck":["AscendersBane","Defend_G","Defend_G","Defend_G+1","Defend_G","Defend_G","Strike_G","Strike_G+1","Strike_G+1","Survivor+1","Neutralize+1","Backstab+1","Infinite Blades","Noxious Fumes+1","A Thousand Cuts+1","Backstab+1","Adrenaline+1","Cloak And Dagger+1","Footwork+1","Blade Dance+1","Dash+1","Blade Dance+1","Storm of Steel+1","Malaise+1","Corpse Explosion+1","Backflip+1","Writhe","Decay","Blind+1","Doubt"],"special_seed":0,"relics":["Ring of the Snake","NeowsBlessing","MawBank","Whetstone","Bird Faced Urn","Oddly Smooth Stone","Shuriken","Cursed Key","Toxic Egg 2","Unceasing Top","Matryoshka","Regal Pillow","Paper Crane","Darkstone Periapt","War Paint","Lizard Tail","PreservedInsect","Juzu Bracelet","Snake Skull","Sundial"],"potions_floor_usage":[10,18,21,21,21,21,28,50],"damage_taken":[{"damage":0.0,"enemies":"Cultist","floor":1.0,"turns":1.0},{"damage":0.0,"enemies":"Gremlin Nob","floor":6.0,"turns":1.0},{"damage":0.0,"enemies":"Lagavulin","floor":8.0,"turns":1.0},{"damage":20,"enemies":"Gremlin Nob","floor":10,"turns":4},{"damage":9,"enemies":"Small Slimes","floor":11,"turns":4},{"damage":0,"enemies":"Jaw Worm","floor":14,"turns":4},{"damage":15,"enemies":"Hexaghost","floor":16,"turns":9},{"damage":3,"enemies":"2 Thieves","floor":18,"turns":4},{"damage":7,"enemies":"Colosseum Slavers","floor":21,"turns":3},{"damage":5,"enemies":"Colosseum Nobs","floor":21,"turns":5},{"damage":0,"enemies":"Spheric Guardian","floor":22,"turns":3},{"damage":18,"enemies":"Cultist and Chosen","floor":24,"turns":5},{"damage":0,"enemies":"Centurion and Healer","floor":25,"turns":5},{"damage":1,"enemies":"Slavers","floor":28,"turns":5},{"damage":26,"enemies":"Book of Stabbing","floor":31,"turns":5},{"damage":24,"enemies":"Collector","floor":33,"turns":8},{"damage":18,"enemies":"3 Shapes","floor":35,"turns":3},{"damage":8,"enemies":"Orb Walker","floor":37,"turns":3},{"damage":0,"enemies":"Maw","floor":38,"turns":8},{"damage":0,"enemies":"4 Shapes","floor":41,"turns":4},{"damage":25,"enemies":"Jaw Worm Horde","floor":47,"turns":5},{"damage":39,"enemies":"Awakened One","floor":50,"turns":14}],"seed_played":"5757419557730899323","potions_obtained":[{"floor":1.0,"key":"EssenceOfSteel"},{"floor":6.0,"key":"SteroidPotion"},{"floor":16,"key":"Fire Potion"},{"floor":18,"key":"EntropicBrew"},{"floor":22,"key":"Energy Potion"},{"floor":25,"key":"SkillPotion"},{"floor":41,"key":"Dexterity Potion"}],"is_trial":false,"path_per_floor":["M","$","?","?","$","E","R","E","T","E","M","R","?","M","R","B",null,"M","$","?","?","M","R","M","M","T","?","E","$","R","E","R","B",null,"M","?","M","M","$","R","M","R","T","T","R","?","M","T","R","B",null],"character_chosen":"THE_SILENT","items_purchased":["Backstab","Infinite Blades","Footwork","Toxic Egg 2","Blade Dance+1","Malaise+1"],"campfire_rested":1,"item_purchase_floors":[2,5,19,19,19,29],"current_hp_per_floor":[63,63,63,52,52,52,52,52,52,36,31,31,24,30,51,42,63,66,66,66,70,70,70,52,60,60,60,67,67,67,49,49,33,61,47,47,45,53,53,53,61,61,67,73,73,73,56,62,62,31],"gold":152,"neow_bonus":"THREE_ENEMY_KILL","is_prod":false,"is_daily":false,"chose_seed":false,"campfire_upgraded":9,"win_rate":0,"timestamp":1550816805,"path_taken":["M","?","?","?","$","E","R","E","T","E","M","R","?","M","R","BOSS","M","$","?","?","M","R","?","M","T","?","E","$","R","E","R","BOSS","M","?","?","M","$","R","M","R","T","?","R","?","M","?","R","BOSS"],"build_version":"2019-01-23","purchased_purges":2,"victory":true,"max_hp_per_floor":[70,70,70,70,70,70,70,70,70,70,70,70,70,70,70,70,70,70,70,70,70,70,70,70,70,70,70,70,70,70,70,70,70,70,70,70,70,70,70,70,70,70,76,82,82,82,82,88,88,88],"card_choices":[{"not_picked":["Endless Agony","Blade Dance","Underhanded Strike"],"picked":"SKIP","floor":1.0},{"not_picked":["Dodge and Roll","Riddle With Holes","Bane"],"picked":"SKIP","floor":6.0},{"not_picked":["Setup","Slice"],"picked":"Noxious Fumes","floor":8.0},{"not_picked":["Endless Agony","Quick Slash"],"picked":"A Thousand Cuts","floor":10},{"not_picked":["Skewer","All Out Attack","Bane"],"picked":"SKIP","floor":11},{"not_picked":["Outmaneuver","Flying Knee"],"picked":"Backstab","floor":14},{"not_picked":["Storm of Steel","Glass Knife"],"picked":"Adrenaline","floor":16},{"not_picked":["Deadly Poison","Dagger Spray"],"picked":"Cloak And Dagger","floor":18},{"not_picked":["Flying Knee+1","Bane"],"picked":"Dash","floor":22},{"not_picked":["Bane","Acrobatics+1","Deadly Poison+1"],"picked":"SKIP","floor":24},{"not_picked":["Acrobatics+1","Deadly Poison+1"],"picked":"Blade Dance+1","floor":25},{"not_picked":["Expertise+1","Terror+1"],"picked":"Storm of Steel+1","floor":28},{"not_picked":["Reflex+1","Storm of Steel+1","Dash"],"picked":"SKIP","floor":31},{"not_picked":["Wraith Form v2","Unload"],"picked":"Corpse Explosion+1","floor":33},{"not_picked":["Deflect+1","PiercingWail+1","Deadly Poison+1"],"picked":"SKIP","floor":35},{"not_picked":["Bane","Skewer"],"picked":"Backflip+1","floor":37},{"not_picked":["Backflip+1","Deflect+1","Deadly Poison+1"],"picked":"SKIP","floor":38},{"not_picked":["Dagger Throw","Choke","Flechettes"],"picked":"SKIP","floor":41},{"not_picked":["Discovery+1","HandOfGreed"],"picked":"Blind+1","floor":46},{"not_picked":["Prepared+1","Finisher","Riddle With Holes"],"picked":"SKIP","floor":47}],"player_experience":461557,"relics_obtained":[{"floor":6.0,"key":"MawBank"},{"floor":8.0,"key":"Whetstone"},{"floor":9.0,"key":"Bird Faced Urn"},{"floor":10,"key":"Oddly Smooth Stone"},{"floor":21,"key":"Unceasing Top"},{"floor":21,"key":"Matryoshka"},{"floor":26,"key":"Regal Pillow"},{"floor":26,"key":"Paper Crane"},{"floor":28,"key":"Darkstone Periapt"},{"floor":31,"key":"War Paint"},{"floor":43,"key":"PreservedInsect"},{"floor":43,"key":"Juzu Bracelet"},{"floor":44,"key":"Snake Skull"},{"floor":48,"key":"Sundial"}],"event_choices":[{"damage_healed":0.0,"max_hp_gain":0.0,"max_hp_loss":0.0,"gold_gain":62.0,"event_name":"Golden Wing","player_choice":"Gained Gold","floor":3.0,"gold_loss":0.0,"damage_taken":0.0},{"damage_healed":0.0,"max_hp_gain":0.0,"max_hp_loss":0.0,"gold_gain":75.0,"event_name":"World of Goop","player_choice":"Gather Gold","floor":4.0,"gold_loss":0.0,"damage_taken":11.0},{"damage_healed":0,"gold_gain":0,"player_choice":"Success","damage_taken":7,"relics_obtained":["Shuriken"],"max_hp_gain":0,"max_hp_loss":0,"event_name":"Scrap Ooze","floor":13,"gold_loss":0},{"damage_healed":0,"gold_gain":0,"player_choice":"Ignored","damage_taken":0,"max_hp_gain":0,"max_hp_loss":0,"event_name":"Ghosts","floor":20,"gold_loss":0},{"damage_healed":0,"gold_gain":0,"player_choice":"Fight","damage_taken":0,"max_hp_gain":0,"max_hp_loss":0,"event_name":"Colosseum","floor":21,"gold_loss":0},{"damage_healed":0,"gold_gain":0,"player_choice":"Fought Nobs","damage_taken":0,"max_hp_gain":0,"max_hp_loss":0,"event_name":"Colosseum","floor":21,"gold_loss":0},{"cards_removed":["Regret"],"damage_healed":0,"gold_gain":0,"player_choice":"Gave Gold","damage_taken":0,"max_hp_gain":0,"max_hp_loss":0,"event_name":"Beggar","floor":27,"gold_loss":75},{"damage_healed":0,"gold_gain":0,"player_choice":"Bought 0 Potions","damage_taken":0,"max_hp_gain":0,"max_hp_loss":0,"event_name":"The Woman in Blue","floor":36,"gold_loss":0},{"damage_healed":0,"gold_gain":0,"player_choice":"Memory 1","damage_taken":0,"max_hp_gain":0,"max_hp_loss":0,"event_name":"SensoryStone","floor":46,"gold_loss":0}],"is_beta":false,"boss_relics":[{"not_picked":["Empty Cage","Astrolabe"],"picked":"Cursed Key"},{"not_picked":["Coffee Dripper","White Beast Statue"],"picked":"Lizard Tail"}],"items_purged_floors":[5,39],"is_endless":false,"potions_floor_spawned":[1,6,16,18,22,25,41,47],"ascension_level":13}