{"gold_per_floor":[113,113,75,75,91,91,105,55,103,103,121,121,144,167,167,286,286],"floor_reached":17,"playtime":542,"items_purged":[],"score":235,"play_id":"b991a2d4-0c36-4096-bdae-5c443d9882b1","local_time":"20190219083930","is_ascension_mode":true,"campfire_choices":[{"data":"Inflame","floor":6.0,"key":"SMITH"},{"data":"Bash","floor":10,"key":"SMITH"},{"data":"True Grit","floor":12,"key":"SMITH"},{"data":"Armaments","floor":15,"key":"SMITH"}],"neow_cost":"NONE","seed_source_timestamp":0,"circlet_count":0,"master_deck":["AscendersBane","Strike_R+1","Strike_R+1","Strike_R","Strike_R","Defend_R","Defend_R","Defend_R","Defend_R","Bash+1","Inflame+1","Shrug It Off","Inflame","True Grit+1","Body Slam","Armaments+1","Impervious"],"special_seed":0,"relics":["Burning Blood","Whetstone","Golden Idol","Ancient Tea Set","Black Star"],"potions_floor_usage":[13],"damage_taken":[{"damage":4.0,"enemies":"Jaw Worm","floor":1.0,"turns":4.0},{"damage":6.0,"enemies":"2 Louse","floor":5.0,"turns":4.0},{"damage":15.0,"enemies":"Cultist","floor":7.0,"turns":5.0},{"damage":4,"enemies":"2 Fungi Beasts","floor":11,"turns":3},{"damage":11,"enemies":"Looter","floor":13,"turns":4},{"damage":11,"enemies":"Blue Slaver","floor":14,"turns":4},{"damage":30,"enemies":"The Guardian","floor":16,"turns":17}],"seed_played":"4114938153882256267","potions_obtained":[{"floor":5.0,"key":"Regen Potion"},{"floor":7.0,"key":"SpeedPotion"},{"floor":13,"key":"Block Potion"}],"is_trial":false,"path_per_floor":["M","?","$","?","M","R","M","?","T","R","M","R","M","M","R","B",null],"character_chosen":"IRONCLAD","items_purchased":["Inflame"],"campfire_rested":0,"item_purchase_floors":[3],"current_hp_per_floor":[74,54,54,59,59,59,50,50,50,50,52,52,59,54,54,30,71],"gold":286,"neow_bonus":"RANDOM_COMMON_RELIC","is_prod":false,"is_daily":false,"chose_seed":false,"campfire_upgraded":4,"win_rate":0,"timestamp":1550594370,"path_taken":["M","?","$","?","M","R","M","?","T","R","M","R","M","M","R","BOSS"],"build_version":"2019-01-23","purchased_purges":0,"victory":false,"max_hp_per_floor":[80,80,80,85,85,85,85,85,85,85,85,85,85,85,85,85,85],"card_choices":[{"not_picked":["Twin Strike","Sentinel","Evolve"],"picked":"SKIP","floor":1.0},{"not_picked":["Feel No Pain","Spot Weakness"],"picked":"Shrug It Off","floor":5.0},{"not_picked":["Disarm","Headbutt"],"picked":"Inflame","floor":7.0},{"not_picked":["Iron Wave","Flex"],"picked":"True Grit","floor":11},{"not_picked":["Sword Boomerang","Headbutt"],"picked":"Body Slam","floor":13},{"not_picked":["Carnage","Dark Embrace"],"picked":"Armaments","floor":14},{"not_picked":["Bludgeon","Limit Break"],"picked":"Impervious","floor":16}],"player_experience":434069,"relics_obtained":[{"floor":9.0,"key":"Ancient Tea Set"}],"event_choices":[{"damage_healed":0.0,"max_hp_gain":0.0,"max_hp_loss":0.0,"gold_gain":0.0,"event_name":"Golden Idol","player_choice":"Take Damage","floor":2.0,"gold_loss":0.0,"damage_taken":20.0,"relics_obtained":["Golden Idol"]},{"damage_healed":0.0,"max_hp_gain":5.0,"max_hp_loss":0.0,"gold_gain":0.0,"event_name":"Big Fish","player_choice":"Donut","floor":4.0,"gold_loss":0.0,"damage_taken":0.0},{"cards_removed":["Strike_R"],"damage_healed":0.0,"max_hp_gain":0.0,"max_hp_loss":0.0,"gold_gain":0.0,"event_name":"The Cleric","player_choice":"Card Removal","floor":8.0,"gold_loss":50.0,"damage_taken":0.0}],"is_beta":false,"boss_relics":[{"not_picked":["Runic Pyramid","Lizard Tail"],"picked":"Black Star"}],"items_purged_floors":[],"is_endless":false,"potions_floor_spawned":[5,7,13,14,16],"ascension_level":12}