{"gold_per_floor":[109,126,144,163,17,17,36,71,124,124,150,150,175,175,175,175],"floor_reached":16,"playtime":398,"items_purged":["Strike_R"],"score":156,"play_id":"020ec3f9-ace9-4f04-ba79-886f0dcc5532","local_time":"20190114231340","is_ascension_mode":true,"campfire_choices":[{"data":"Rampage","floor":6,"key":"SMITH"},{"data":"Intimidate","floor":10,"key":"SMITH"},{"floor":15,"key":"REST"}],"neow_cost":"NONE","seed_source_timestamp":48538117947707,"circlet_count":0,"master_deck":["Strike_R","Strike_R","Strike_R","Strike_R","Defend_R","Defend_R","Defend_R","Defend_R","Bash","Corruption","Cleave","Uppercut","Rampage+1","Battle Trance","Intimidate+1","Power Through","Parasite","Bloodletting"],"relics":["Burning Blood","Regal Pillow","Mummified Hand","Tiny Chest","Bag of Preparation","Boot"],"potions_floor_usage":[11],"damage_taken":[{"damage":6,"enemies":"Jaw Worm","floor":1,"turns":6},{"damage":1,"enemies":"Cultist","floor":2,"turns":3},{"damage":2,"enemies":"Small Slimes","floor":3,"turns":4},{"damage":15,"enemies":"Red Slaver","floor":4,"turns":3},{"damage":15,"enemies":"Blue Slaver","floor":7,"turns":4},{"damage":20,"enemies":"Gremlin Nob","floor":8,"turns":4},{"damage":30,"enemies":"Lagavulin","floor":11,"turns":5},{"damage":24,"enemies":"Gremlin Nob","floor":13,"turns":4},{"damage":66,"enemies":"Hexaghost","floor":16,"turns":9}],"seed_played":"7781886613929784865","potions_obtained":[{"floor":1,"key":"GamblersBrew"},{"floor":7,"key":"Strength Potion"},{"floor":13,"key":"Fire Potion"}],"is_trial":false,"path_per_floor":["M","M","M","M","$","R","M","E","T","R","E","?","E","?","R","B"],"character_chosen":"IRONCLAD","items_purchased":["Battle Trance"],"campfire_rested":1,"item_purchase_floors":[5],"current_hp_per_floor":[72,77,80,71,71,71,62,48,48,48,24,44,26,26,65,0],"gold":175,"neow_bonus":"RANDOM_COMMON_RELIC","is_prod":false,"is_daily":false,"chose_seed":false,"campfire_upgraded":2,"win_rate":0,"timestamp":1547475220,"path_taken":["M","M","M","M","$","R","M","E","T","R","E","?","E","?","R","BOSS"],"build_version":"2019-01-10","purchased_purges":1,"victory":false,"max_hp_per_floor":[80,80,80,80,80,80,80,80,80,80,80,80,80,80,80,80],"card_choices":[{"not_picked":["Infernal Blade","Feel No Pain"],"picked":"Corruption","floor":1},{"not_picked":["Pommel Strike","Iron Wave"],"picked":"Cleave","floor":2},{"not_picked":["Shrug It Off","True Grit"],"picked":"Uppercut","floor":3},{"not_picked":["Flame Barrier","Evolve"],"picked":"Rampage","floor":4},{"not_picked":["Clash","Thunderclap"],"picked":"Intimidate","floor":7},{"not_picked":["True Grit","Pummel"],"picked":"Power Through","floor":8},{"not_picked":["Disarm","Iron Wave","Thunderclap"],"picked":"SKIP","floor":11},{"not_picked":["Combust","Havoc"],"picked":"Bloodletting","floor":13}],"player_experience":231574,"relics_obtained":[{"floor":8,"key":"Mummified Hand"},{"floor":9,"key":"Tiny Chest"},{"floor":11,"key":"Bag of Preparation"},{"floor":13,"key":"Boot"}],"event_choices":[{"damage_healed":20,"gold_gain":0,"player_choice":"Healed and dodged fight","damage_taken":0,"max_hp_gain":0,"max_hp_loss":0,"event_name":"Mushrooms","floor":12,"gold_loss":0,"cards_obtained":["Parasite"]},{"damage_healed":0,"gold_gain":0,"player_choice":"Searched \u00270\u0027 times","damage_taken":0,"max_hp_gain":0,"max_hp_loss":0,"event_name":"Dead Adventurer","floor":14,"gold_loss":0}],"is_beta":false,"boss_relics":[],"items_purged_floors":[5],"is_endless":false,"potions_floor_spawned":[1,7,13],"killed_by":"Hexaghost","ascension_level":6}