{"gold_per_floor":[116,136,155,155,168,168],"floor_reached":6,"playtime":242,"items_purged":[],"score":48,"play_id":"25bc0b30-95d3-47d1-97b0-1dbb278828c0","local_time":"20190127224210","is_ascension_mode":true,"campfire_choices":[],"neow_cost":"NONE","seed_source_timestamp":858181783236686,"circlet_count":0,"master_deck":["Defend_G","Defend_G","Defend_G","Defend_G","Defend_G","Strike_G","Strike_G","Strike_G","Strike_G","Strike_G","Survivor","Neutralize","Deadly Poison","Bullet Time","Deflect","Deadly Poison","Blade Dance","Deadly Poison","Burst","Cloak And Dagger","Decay","Poisoned Stab"],"relics":["Orrery"],"potions_floor_usage":[],"damage_taken":[{"damage":0,"enemies":"Cultist","floor":1,"turns":3},{"damage":0,"enemies":"2 Louse","floor":2,"turns":3},{"damage":6,"enemies":"Jaw Worm","floor":3,"turns":4},{"damage":3,"enemies":"Looter","floor":5,"turns":4},{"damage":77,"enemies":"Gremlin Nob","floor":6,"turns":4}],"seed_played":"8727531529883760586","potions_obtained":[],"is_trial":false,"path_per_floor":["M","M","M","?","M","E"],"character_chosen":"THE_SILENT","items_purchased":[],"campfire_rested":0,"item_purchase_floors":[],"current_hp_per_floor":[70,70,64,64,61,0],"gold":168,"neow_bonus":"BOSS_RELIC","is_prod":false,"is_daily":false,"chose_seed":false,"campfire_upgraded":0,"win_rate":0,"timestamp":1548646930,"path_taken":["M","M","?","?","?","E"],"build_version":"2019-01-23","purchased_purges":0,"victory":false,"max_hp_per_floor":[70,70,70,70,70,70],"card_choices":[{"not_picked":["Dagger Throw","Bane"],"picked":"Deadly Poison","floor":0},{"not_picked":["Quick Slash","Sucker Punch"],"picked":"Bullet Time","floor":0},{"not_picked":["Bane","Dagger Throw"],"picked":"Deflect","floor":0},{"not_picked":["Prepared","Endless Agony"],"picked":"Deadly Poison","floor":0},{"not_picked":["Masterful Stab","Accuracy"],"picked":"Blade Dance","floor":0},{"not_picked":["Underhanded Strike","Cloak And Dagger"],"picked":"Deadly Poison","floor":1},{"not_picked":["Dagger Throw","Reflex"],"picked":"Burst","floor":2},{"not_picked":["Choke","Concentrate"],"picked":"Cloak And Dagger","floor":3},{"not_picked":["Quick Slash","Dodge and Roll"],"picked":"Poisoned Stab","floor":5}],"player_experience":514216,"relics_obtained":[],"event_choices":[{"damage_healed":0,"gold_gain":0,"player_choice":"Cursed","damage_taken":0,"max_hp_gain":0,"max_hp_loss":0,"event_name":"Wheel of Change","floor":4,"gold_loss":0,"cards_obtained":["Decay"]}],"is_beta":false,"boss_relics":[],"items_purged_floors":[],"is_endless":false,"potions_floor_spawned":[],"killed_by":"Gremlin Nob","ascension_level":5}