{"gold_per_floor":[115,125,200,213,233,233,233,233,233,233,131,160,160,170,170,266,266,279,279,309,309,329,329,100,112,112,145,445,43,43,72,72,175,175,191,237,237,237,247,247,11,11,90,104,104,104,104,104,104,104],"floor_reached":51,"playtime":4702,"items_purged":["Shame","Normality"],"score":735,"play_id":"9305d16e-be83-4d7c-afcc-7ad1b85d1069","local_time":"20190306002859","is_ascension_mode":true,"campfire_choices":[{"data":"Hello World","floor":6,"key":"SMITH"},{"floor":8,"key":"REST"},{"floor":13,"key":"REST"},{"data":"Beam Cell","floor":15,"key":"SMITH"},{"data":"Sunder","floor":23,"key":"SMITH"},{"floor":32,"key":"REST"},{"data":"Streamline","floor":40,"key":"SMITH"},{"data":"Thunder Strike","floor":46,"key":"SMITH"},{"data":"Lockon","floor":49,"key":"SMITH"}],"neow_cost":"NONE","seed_source_timestamp":10785794334100,"circlet_count":0,"master_deck":["Strike_B+1","Strike_B+1","Strike_B","Strike_B","Defend_B","Defend_B","Defend_B","Zap+1","Dualcast","Beam Cell+1","Genetic Algorithm","Hello World+1","Core Surge","Streamline+1","Panacea","Hologram","Loop+1","Self Repair+1","Sunder+1","All For One","Doubt","Steam+1","Machine Learning+1","Turbo+1","Coolheaded","Steam+1","Rainbow+1","Lockon+1","Deep Breath+1","Trip+1","White Noise+1","Thunder Strike+1","Writhe"],"relics":["Cracked Core","Frozen Egg 2","Boot","Du-Vu Doll","Calling Bell","Blood Vial","Question Card","Torii","Enchiridion","Tiny Chest","Bronze Scales","PreservedInsect","Mummified Hand","The Courier","Old Coin","Whetstone","Toxic Egg 2","Pen Nib","Philosopher\u0027s Stone","Potion Belt","Mercury Hourglass","FossilizedHelix","Gremlin Horn","Thread and Needle"],"potions_floor_usage":[22,22,31,33,44,50,50],"damage_taken":[{"damage":0,"enemies":"2 Louse","floor":1,"turns":3},{"damage":6,"enemies":"Jaw Worm","floor":2,"turns":2},{"damage":2,"enemies":"Small Slimes","floor":4,"turns":3},{"damage":7,"enemies":"Exordium Thugs","floor":5,"turns":5},{"damage":14,"enemies":"Lagavulin","floor":12,"turns":5},{"damage":10,"enemies":"Looter","floor":14,"turns":3},{"damage":32,"enemies":"Hexaghost","floor":16,"turns":9},{"damage":2,"enemies":"Chosen","floor":18,"turns":5},{"damage":3,"enemies":"3 Byrds","floor":22,"turns":1},{"damage":9,"enemies":"Cultist and Chosen","floor":25,"turns":6},{"damage":2,"enemies":"Book of Stabbing","floor":27,"turns":4},{"damage":20,"enemies":"Slavers","floor":31,"turns":3},{"damage":4,"enemies":"Automaton","floor":33,"turns":7},{"damage":10,"enemies":"3 Darklings","floor":35,"turns":4},{"damage":16,"enemies":"Orb Walker","floor":39,"turns":3},{"damage":1,"enemies":"Spire Growth","floor":44,"turns":4},{"damage":48,"enemies":"Donu and Deca","floor":50,"turns":7}],"seed_played":"4509266848520194567","potions_obtained":[{"floor":5,"key":"Explosive Potion"},{"floor":16,"key":"Explosive Potion"},{"floor":18,"key":"AttackPotion"},{"floor":22,"key":"FocusPotion"},{"floor":31,"key":"EssenceOfSteel"},{"floor":39,"key":"Strength Potion"},{"floor":44,"key":"FearPotion"}],"is_trial":false,"path_per_floor":["M","M","?","M","M","R","?","R","T","?","$","E","R","M","R","B",null,"M","?","?","T","M","R","$","M","T","E","T","$","?","E","R","B",null,"M","T","?","T","M","R","$","$","T","M","?","R","?","T","R","B",null],"character_chosen":"DEFECT","items_purchased":["Hologram","Loop+1","PreservedInsect","Whetstone","Toxic Egg 2","FossilizedHelix"],"campfire_rested":3,"item_purchase_floors":[11,11,24,29,29,41],"current_hp_per_floor":[75,69,58,56,49,49,31,53,53,53,53,39,61,51,51,29,75,75,59,59,59,58,58,58,61,61,61,61,61,61,53,75,71,75,75,75,70,70,56,56,56,56,56,67,67,67,75,75,75,27],"gold":104,"neow_bonus":"UPGRADE_CARD","is_prod":false,"is_daily":false,"chose_seed":false,"campfire_upgraded":6,"win_rate":0,"timestamp":1551828539,"path_taken":["M","M","?","M","M","R","?","R","T","?","$","E","R","?","R","BOSS","M","?","?","?","?","R","$","M","T","E","?","$","?","E","R","BOSS","M","?","?","?","?","R","?","$","T","M","?","R","?","?","R","BOSS"],"build_version":"2019-01-23","purchased_purges":2,"victory":true,"max_hp_per_floor":[75,75,75,75,75,75,75,75,75,75,75,75,75,75,75,75,75,75,75,75,75,75,75,75,75,75,75,75,75,75,75,75,75,75,75,75,75,75,75,75,75,75,75,75,75,75,75,75,75,75],"card_choices":[{"not_picked":["Barrage","Streamline"],"picked":"Beam Cell","floor":1},{"not_picked":["Gash","Barrage"],"picked":"Genetic Algorithm","floor":2},{"not_picked":["Redo","Stack"],"picked":"Hello World","floor":4},{"not_picked":["Leap","Redo"],"picked":"Core Surge","floor":5},{"not_picked":["Leap","Conserve Battery"],"picked":"Self Repair+1","floor":12},{"not_picked":["Beam Cell","Redo"],"picked":"Sunder","floor":14},{"not_picked":["Hyperbeam","Meteor Strike"],"picked":"All For One","floor":16},{"not_picked":["Sweeping Beam","Hologram","Gash"],"picked":"Steam+1","floor":18},{"not_picked":["Tempest","Glacier+1","Steam"],"picked":"Machine Learning+1","floor":22},{"not_picked":["Go for the Eyes","Barrage","Sweeping Beam+1"],"picked":"Turbo+1","floor":25},{"not_picked":["Turbo+1","White Noise","Go for the Eyes"],"picked":"Coolheaded","floor":27},{"not_picked":["Aggregate+1","Redo+1","Recycle+1"],"picked":"Steam+1","floor":31},{"not_picked":["Hyperbeam","Thunder Strike","Meteor Strike"],"picked":"Rainbow+1","floor":33},{"not_picked":["Genetic Algorithm+1","Gash","Beam Cell"],"picked":"Lockon","floor":35},{"not_picked":["Transmutation+1","Impatience+1","Dramatic Entrance"],"picked":"Deep Breath+1","floor":37},{"not_picked":["Master of Strategy+1","Finesse+1","Forethought+1"],"picked":"Trip+1","floor":37},{"not_picked":["Go for the Eyes+1","Doom and Gloom","Beam Cell"],"picked":"White Noise+1","floor":39},{"not_picked":["Go for the Eyes","Melter+1","Cold Snap"],"picked":"Thunder Strike","floor":44}],"player_experience":104632,"relics_obtained":[{"floor":9,"key":"Boot"},{"floor":12,"key":"Du-Vu Doll"},{"floor":17,"key":"Blood Vial"},{"floor":17,"key":"Question Card"},{"floor":17,"key":"Torii"},{"floor":19,"key":"Enchiridion"},{"floor":21,"key":"Bronze Scales"},{"floor":26,"key":"Mummified Hand"},{"floor":27,"key":"The Courier"},{"floor":28,"key":"Old Coin"},{"floor":31,"key":"Pen Nib"},{"floor":36,"key":"Potion Belt"},{"floor":38,"key":"Mercury Hourglass"},{"floor":43,"key":"Gremlin Horn"},{"floor":48,"key":"Thread and Needle"}],"event_choices":[{"damage_healed":0,"gold_gain":75,"player_choice":"Gather Gold","damage_taken":11,"max_hp_gain":0,"max_hp_loss":0,"event_name":"World of Goop","floor":3,"gold_loss":0},{"damage_healed":0,"gold_gain":0,"player_choice":"Success","damage_taken":18,"relics_obtained":["Frozen Egg 2"],"max_hp_gain":0,"max_hp_loss":0,"event_name":"Scrap Ooze","floor":7,"gold_loss":0},{"damage_healed":0,"gold_gain":0,"player_choice":"2 cards matched","damage_taken":0,"max_hp_gain":0,"max_hp_loss":0,"event_name":"Match and Keep!","floor":10,"gold_loss":0,"cards_obtained":["Streamline","Panacea"]},{"damage_healed":0,"gold_gain":0,"player_choice":"Obtained Book","damage_taken":16,"max_hp_gain":0,"max_hp_loss":0,"event_name":"Cursed Tome","floor":19,"gold_loss":0},{"damage_healed":0,"gold_gain":0,"player_choice":"Stole Relic","damage_taken":0,"relics_obtained":["Tiny Chest"],"max_hp_gain":0,"max_hp_loss":0,"event_name":"Addict","floor":20,"gold_loss":0,"cards_obtained":["Shame"]},{"cards_removed":["Doubt"],"damage_healed":0,"gold_gain":0,"player_choice":"Purged","damage_taken":0,"max_hp_gain":0,"max_hp_loss":0,"event_name":"Purifier","floor":30,"gold_loss":0},{"damage_healed":0,"gold_gain":0,"player_choice":"Memory 2","damage_taken":5,"max_hp_gain":0,"max_hp_loss":0,"event_name":"SensoryStone","floor":37,"gold_loss":0},{"cards_removed":["Defend_B"],"damage_healed":0,"gold_gain":0,"player_choice":"Removed Skill","damage_taken":0,"max_hp_gain":0,"max_hp_loss":0,"event_name":"Falling","floor":45,"gold_loss":0},{"damage_healed":19,"gold_gain":0,"player_choice":"Writhe","damage_taken":0,"max_hp_gain":0,"max_hp_loss":0,"event_name":"Winding Halls","floor":47,"gold_loss":0,"cards_obtained":["Writhe"]}],"is_beta":false,"boss_relics":[{"not_picked":["Orrery","Runic Dome"],"picked":"Calling Bell"},{"not_picked":["Inserter","Lizard Tail"],"picked":"Philosopher\u0027s Stone"}],"items_purged_floors":[24,29],"is_endless":false,"potions_floor_spawned":[5,16,18,22,31,39,44],"ascension_level":1}