{"gold_per_floor":[360,378,378,397,397,432,0,0,0,19,54,67,67,84,84,184,184,197,97,124,134,145,176,176,191,191,191,221,74,74,74,74,170,170,180,106,106,119,135,167,167,167,193,16,49,49,68,91,91,91,91,91,91,116,116],"floor_reached":56,"playtime":2693,"items_purged":["Strike_B","Barrage","Zap"],"score":1253,"play_id":"d0f9b4f9-8558-4af8-9574-865ef7e4459d","local_time":"20190216103741","is_ascension_mode":false,"campfire_choices":[{"data":"Defragment","floor":8,"key":"SMITH"},{"data":"Loop","floor":13,"key":"SMITH"},{"data":"Consume","floor":15,"key":"SMITH"},{"data":"Loop","floor":24,"key":"SMITH"},{"data":"Chaos","floor":27,"key":"SMITH"},{"data":"Static Discharge","floor":30,"key":"SMITH"},{"data":"Static Discharge","floor":32,"key":"SMITH"},{"data":"Loop","floor":41,"key":"SMITH"},{"floor":46,"key":"RECALL"},{"data":"Mayhem","floor":49,"key":"SMITH"},{"data":"Storm","floor":52,"key":"SMITH"}],"neow_cost":"CURSE","seed_source_timestamp":90234255437280,"circlet_count":0,"master_deck":["Dualcast","Chaos+1","Consume+1","Defragment+1","Loop+1","Cold Snap+1","Doom and Gloom+1","Ball Lightning","Fission+1","Storm+1","Static Discharge+1","Tempest","FTL","BootSequence+1","Genetic Algorithm","Conserve Battery","Static Discharge+1","Compile Driver+1","Coolheaded","Loop+1","Meteor Strike+1","Meteor Strike+1","White Noise+1","Loop+1","Hologram+1","PanicButton","Master of Strategy","Mayhem+1","Conserve Battery+1","Hologram+1","Multi-Cast"],"relics":["Cracked Core","Incense Burner","Matryoshka","OrangePellets","Orichalcum","DataDisk","Mercury Hourglass","Pandora\u0027s Box","Red Mask","PreservedInsect","Regal Pillow","Molten Egg 2","Question Card","War Paint","Runic Pyramid","Anchor","Art of War","Whetstone","Bag of Preparation","Ginger"],"potions_floor_usage":[11,18,21,22,22,22,22,23,55,55,55],"damage_taken":[{"damage":0,"enemies":"Cultist","floor":1,"turns":4},{"damage":1,"enemies":"Jaw Worm","floor":2,"turns":3},{"damage":6,"enemies":"Small Slimes","floor":4,"turns":3},{"damage":48,"enemies":"3 Sentries","floor":6,"turns":9},{"damage":0,"enemies":"3 Louse","floor":10,"turns":3},{"damage":3,"enemies":"Gremlin Nob","floor":11,"turns":3},{"damage":1,"enemies":"Blue Slaver","floor":12,"turns":3},{"damage":0,"enemies":"Gremlin Gang","floor":14,"turns":3},{"damage":2,"enemies":"Hexaghost","floor":16,"turns":7},{"damage":1,"enemies":"Spheric Guardian","floor":18,"turns":3},{"damage":9,"enemies":"Masked Bandits","floor":20,"turns":4},{"damage":0,"enemies":"3 Byrds","floor":21,"turns":2},{"damage":0,"enemies":"Snecko","floor":22,"turns":4},{"damage":3,"enemies":"Gremlin Leader","floor":23,"turns":6},{"damage":10,"enemies":"Shelled Parasite and Fungi","floor":25,"turns":4},{"damage":13,"enemies":"Slavers","floor":28,"turns":4},{"damage":24,"enemies":"Collector","floor":33,"turns":6},{"damage":0,"enemies":"Orb Walker","floor":35,"turns":2},{"damage":1,"enemies":"3 Darklings","floor":38,"turns":4},{"damage":2,"enemies":"4 Shapes","floor":39,"turns":5},{"damage":14,"enemies":"Reptomancer","floor":40,"turns":5},{"damage":0,"enemies":"Nemesis","floor":45,"turns":3},{"damage":0,"enemies":"Writhing Mass","floor":47,"turns":3},{"damage":11,"enemies":"Donu and Deca","floor":50,"turns":5},{"damage":5,"enemies":"Shield and Spear","floor":54,"turns":4},{"damage":35,"enemies":"The Heart","floor":55,"turns":6}],"seed_played":"-7713396887984297959","potions_obtained":[{"floor":2,"key":"Poison Potion"},{"floor":10,"key":"FairyPotion"},{"floor":11,"key":"Fire Potion"},{"floor":12,"key":"EntropicBrew"},{"floor":18,"key":"Fire Potion"},{"floor":20,"key":"FocusPotion"},{"floor":25,"key":"Fire Potion"},{"floor":39,"key":"AttackPotion"},{"floor":40,"key":"SteroidPotion"}],"is_trial":false,"path_per_floor":["M","M","T","M","?","E","$","R","T","M","E","M","R","M","R","B",null,"M","$","?","M","M","E","R","M","T","R","E","$","R","?","R","B",null,"M","$","?","M","M","E","R","?","T","$","E","R","M","T","R","B",null,"R","$","E","B",null],"character_chosen":"DEFECT","items_purchased":["OrangePellets","Orichalcum","War Paint","Loop","PowerPotion"],"campfire_rested":0,"item_purchase_floors":[7,7,29,36,44],"current_hp_per_floor":[75,74,74,68,68,20,20,20,20,20,17,16,16,16,16,14,75,74,74,65,65,65,62,62,52,52,52,39,39,39,39,39,15,75,75,75,71,70,68,54,54,44,44,44,44,44,44,44,44,33,71,71,71,66,31],"gold":116,"neow_bonus":"TWO_FIFTY_GOLD","is_prod":false,"is_daily":false,"chose_seed":false,"campfire_upgraded":10,"win_rate":0,"timestamp":1550331461,"path_taken":["M","M","?","M","?","E","$","R","T","M","E","M","R","M","R","BOSS","M","$","?","M","M","E","R","M","T","R","E","$","R","?","R","BOSS","M","$","?","M","M","E","R","?","T","$","E","R","M","?","R","BOSS","R","$","E","BOSS"],"build_version":"2019-01-23","purchased_purges":3,"victory":true,"max_hp_per_floor":[75,75,75,75,75,75,75,75,75,75,75,75,75,75,75,75,75,75,75,75,75,75,75,75,75,75,75,75,75,75,75,75,75,75,75,75,71,71,71,71,71,71,71,71,71,71,71,71,71,71,71,71,71,71,71],"card_choices":[{"not_picked":["Beam Cell","Sweeping Beam"],"picked":"Chaos","floor":1},{"not_picked":["Steam","Heatsinks"],"picked":"Consume","floor":2},{"not_picked":["Compile Driver","Aggregate"],"picked":"Defragment","floor":4},{"not_picked":["Ball Lightning","Go for the Eyes"],"picked":"Loop","floor":6},{"not_picked":["Compile Driver","Defragment"],"picked":"Cold Snap","floor":10},{"not_picked":["Ball Lightning","Barrage"],"picked":"Doom and Gloom","floor":11},{"not_picked":["Streamline","Rebound","Beam Cell"],"picked":"SKIP","floor":12},{"not_picked":["Gash","Rebound"],"picked":"Ball Lightning","floor":14},{"not_picked":["All For One","Hyperbeam"],"picked":"Fission","floor":16},{"not_picked":["Gash","Go for the Eyes"],"picked":"Conserve Battery","floor":18},{"not_picked":["Redo","Tempest"],"picked":"Static Discharge","floor":20},{"not_picked":["Sweeping Beam","Steam"],"picked":"Compile Driver+1","floor":21},{"not_picked":["Heatsinks","Go for the Eyes"],"picked":"Coolheaded","floor":22},{"not_picked":["Rebound+1","Streamline"],"picked":"Loop","floor":23},{"not_picked":["Chaos","Skim+1","Streamline"],"picked":"SKIP","floor":25},{"not_picked":["Beam Cell+1","Stack"],"picked":"Meteor Strike+1","floor":28},{"not_picked":["Multi-Cast","Buffer","Thunder Strike+1"],"picked":"Meteor Strike+1","floor":33},{"not_picked":["Scrape+1","Sweeping Beam+1","Lockon+1"],"picked":"White Noise+1","floor":35},{"not_picked":["Compile Driver+1","Heatsinks+1","Gash+1","Conserve Battery"],"picked":"SKIP","floor":38},{"not_picked":["Rebound+1","Beam Cell+1","Stack","Hologram"],"picked":"SKIP","floor":39},{"not_picked":["Sweeping Beam+1","Go for the Eyes+1","Coolheaded"],"picked":"Hologram+1","floor":40},{"not_picked":["Mayhem","Trip","Panache"],"picked":"PanicButton","floor":42},{"not_picked":["Deep Breath","Bandage Up","Madness"],"picked":"Master of Strategy","floor":42},{"not_picked":["Violence","Mind Blast+1","Magnetism"],"picked":"Mayhem","floor":42},{"not_picked":["BootSequence","Storm+1","Coolheaded+1"],"picked":"Conserve Battery+1","floor":45},{"not_picked":["Rebound+1","Barrage+1","FTL+1"],"picked":"Hologram+1","floor":47},{"not_picked":["Rebound+1","Compile Driver+1","Amplify"],"picked":"Multi-Cast","floor":54}],"player_experience":772841,"relics_obtained":[{"floor":3,"key":"Incense Burner"},{"floor":6,"key":"Matryoshka"},{"floor":9,"key":"DataDisk"},{"floor":11,"key":"Mercury Hourglass"},{"floor":20,"key":"Red Mask"},{"floor":23,"key":"PreservedInsect"},{"floor":26,"key":"Regal Pillow"},{"floor":26,"key":"Molten Egg 2"},{"floor":28,"key":"Question Card"},{"floor":40,"key":"Anchor"},{"floor":43,"key":"Art of War"},{"floor":45,"key":"Whetstone"},{"floor":48,"key":"Bag of Preparation"},{"floor":54,"key":"Ginger"}],"event_choices":[{"cards_removed":["Doubt"],"damage_healed":0,"gold_gain":0,"player_choice":"Forget","damage_taken":0,"max_hp_gain":0,"max_hp_loss":0,"event_name":"Living Wall","floor":5,"gold_loss":0},{"damage_healed":0,"gold_gain":0,"player_choice":"Fought Bandits","damage_taken":0,"max_hp_gain":0,"max_hp_loss":0,"event_name":"Masked Bandits","floor":20,"gold_loss":0},{"damage_healed":0,"gold_gain":0,"player_choice":"Ignored","damage_taken":0,"max_hp_gain":0,"max_hp_loss":0,"event_name":"Beggar","floor":31,"gold_loss":0},{"damage_healed":0,"gold_gain":0,"player_choice":"Max HP","damage_taken":0,"max_hp_gain":0,"max_hp_loss":4,"event_name":"Winding Halls","floor":37,"gold_loss":0},{"damage_healed":0,"gold_gain":0,"player_choice":"Memory 3","damage_taken":10,"max_hp_gain":0,"max_hp_loss":0,"event_name":"SensoryStone","floor":42,"gold_loss":0}],"is_beta":false,"boss_relics":[{"not_picked":["Ectoplasm","Nuclear Battery"],"picked":"Pandora\u0027s Box"},{"not_picked":["Astrolabe","Busted Crown"],"picked":"Runic Pyramid"}],"items_purged_floors":[7,19,44],"is_endless":false,"potions_floor_spawned":[2,10,11,12,14,18,20,25,39,40,45],"ascension_level":0}