{"path_per_floor":["M","?","?","?","M","R","E","M","T","M","E","?","?","$","R","B",null,"M","?","?","M","M","E","?","R","T","?","R","$","E","M","R","B",null,"M","?","M","M","?","R","E","R","T","E","?","E","?","$","R","B"],"character_chosen":"DEFECT","items_purchased":["Apotheosis","Art of War","Hologram","Loop","Ginger","Compile Driver","Skim","Master of Strategy","Dark Shackles","Leap"],"gold_per_floor":[110,185,185,285,297,297,324,344,344,360,385,385,385,20,20,117,117,130,130,130,149,166,194,194,194,269,269,269,16,46,62,62,166,166,181,181,195,206,206,206,233,233,256,290,290,321,321,12,12,12],"floor_reached":51,"campfire_rested":3,"playtime":4291,"item_purchase_floors":[],"current_hp_per_floor":[72,61,66,66,57,57,40,37,37,37,35,35,28,28,28,19,65,65,65,49,33,29,23,49,49,49,49,73,73,68,77,77,47,72,67,57,49,37,37,37,18,42,42,40,40,45,35,35,59,54],"items_purged":[],"gold":12,"score":1040,"play_id":"c57f9fa2-1fde-45e3-a9fc-afa268949405","local_time":"20180604101846","is_prod":false,"is_daily":false,"chose_seed":false,"is_ascension_mode":true,"campfire_upgraded":5,"win_rate":0,"timestamp":1528100326,"campfire_choices":[{"data":"Zap","floor":6.0,"key":"SMITH"},{"data":"Apotheosis","floor":15.0,"key":"SMITH"},{"data":"Defragment","floor":25.0,"key":"SMITH"},{"floor":28.0,"key":"REST"},{"data":"Gash","floor":32.0,"key":"SMITH"},{"data":"Mind Blast","floor":40.0,"key":"SMITH"},{"floor":42.0,"key":"REST"},{"floor":49.0,"key":"REST"}],"path_taken":["M","?","?","?","?","R","E","M","T","M","E","?","?","?","R","BOSS","M","?","?","M","?","E","?","R","T","?","R","$","E","M","R","BOSS","M","?","?","M","?","R","E","R","T","E","?","E","?","$","R","BOSS"],"build_version":"2018-05-31","seed_source_timestamp":1550547565060921,"purchased_purges":0,"victory":true,"master_deck":["Strike_B+1","Strike_B+1","Strike_B+1","Defend_B+1","Defend_B+1","Defend_B+1","Defend_B+1","Zap+1","Dualcast","Hologram+1","Ball Lightning","Rip and Tear","Chill","Glacier","Melter","Thunder Strike","Apotheosis+1","Hologram","Loop","Electrodynamics","Gash+1","Consume+1","Compile Driver+1","Conserve Battery","Gash+1","Coolheaded+1","Defragment+1","Compile Driver","Rebound","Stack+1","Go for the Eyes","Creative AI","Steam","Hello World","Panache","Mind Blast+1","Bandage Up","Steam+1","Capacitor+1","Gash+1","Stack","Undo","Ball Lightning+1","Gash+1","Static Discharge","Madness","Madness","Skim","Master of Strategy","Dark Shackles","Leap","Capacitor+1"],"max_hp_per_floor":[75,75,80,80,80,80,80,80,80,80,80,80,80,80,80,80,80,80,80,80,80,80,80,80,80,80,80,80,80,80,80,80,80,80,80,80,80,80,80,80,80,80,80,80,80,80,80,80,80,80],"relics":["Cracked Core","Lantern","War Paint","The Courier","Prayer Wheel","Happy Flower","Art of War","Black Star","Nilry\u0027s Codex","Toolbox","Bottled Lightning","Meat on the Bone","Ginger","Bag of Marbles","Dream Catcher","White Beast Statue","Girya","Calipers","Vajra","Turnip","Dead Branch","Bird Faced Urn","Du-Vu Doll"],"card_choices":[{"not_picked":["Scrape","Streamline"],"picked":"Hologram","floor":1.0},{"not_picked":["Barrage","Lockon"],"picked":"Ball Lightning","floor":5.0},{"not_picked":["Coolheaded","Buffer"],"picked":"Rip and Tear","floor":7.0},{"not_picked":["Skim","Coolheaded"],"picked":"Chill","floor":8.0},{"not_picked":["Cold Snap","Hologram"],"picked":"Glacier","floor":10.0},{"not_picked":["Force Field","Scrape"],"picked":"Melter","floor":11.0},{"not_picked":["Meteor Strike","Seek"],"picked":"Electrodynamics","floor":16.0},{"not_picked":["Steam Power","Consume"],"picked":"Gash","floor":18.0},{"not_picked":["FTL","Sunder"],"picked":"Consume+1","floor":18.0},{"not_picked":["Stack","Glacier"],"picked":"Compile Driver+1","floor":21.0},{"not_picked":["Tempest","Steam"],"picked":"Conserve Battery","floor":21.0},{"not_picked":["Turbo","Genetic Algorithm"],"picked":"Gash+1","floor":22.0},{"not_picked":["Thunder Strike","Barrage+1"],"picked":"Coolheaded+1","floor":22.0},{"not_picked":["FTL","Hyperbeam"],"picked":"Defragment","floor":23.0},{"not_picked":["Heatsinks","Genetic Algorithm"],"picked":"Rebound","floor":30.0},{"not_picked":["Steam","Compile Driver"],"picked":"Stack+1","floor":31.0},{"not_picked":["Tempest+1","Compile Driver"],"picked":"Go for the Eyes","floor":31.0},{"not_picked":["Amplify","Machine Learning"],"picked":"Creative AI","floor":33.0},{"not_picked":["Barrage","Cold Snap"],"picked":"Steam","floor":35.0},{"not_picked":["Rebound","Conserve Battery+1"],"picked":"Hello World","floor":35.0},{"not_picked":["Finesse","Purity"],"picked":"Panache","floor":36.0},{"not_picked":["Blind","Finesse"],"picked":"Mind Blast","floor":36.0},{"not_picked":["Purity","Blind"],"picked":"Bandage Up","floor":36.0},{"not_picked":["Sweeping Beam","Doom and Gloom"],"picked":"Steam+1","floor":37.0},{"not_picked":["Coolheaded+1","Recycle+1"],"picked":"Capacitor+1","floor":37.0},{"not_picked":["BootSequence+1","Redo"],"picked":"Gash+1","floor":38.0},{"not_picked":["Conserve Battery+1","Cold Snap"],"picked":"Stack","floor":38.0},{"not_picked":["Steam+1","Scrape"],"picked":"Undo","floor":41.0},{"not_picked":["Reinforced Body","Scrape"],"picked":"Ball Lightning+1","floor":42.0},{"not_picked":["Undo+1","Core Surge"],"picked":"Gash+1","floor":44.0},{"not_picked":["Ball Lightning+1","Coolheaded+1"],"picked":"Static Discharge","floor":46.0},{"not_picked":["Cold Snap+1","Auto Shields+1"],"picked":"Capacitor+1","floor":49.0}],"player_experience":453336,"potions_floor_usage":[],"damage_taken":[{"damage":3.0,"enemies":"2 Louse","floor":1.0,"turns":2.0},{"damage":9.0,"enemies":"Jaw Worm","floor":5.0,"turns":3.0},{"damage":17.0,"enemies":"3 Sentries","floor":7.0,"turns":6.0},{"damage":3.0,"enemies":"Small Slimes","floor":8.0,"turns":2.0},{"damage":0.0,"enemies":"Blue Slaver","floor":10.0,"turns":2.0},{"damage":2.0,"enemies":"Lagavulin","floor":11.0,"turns":7.0},{"damage":9.0,"enemies":"Hexaghost","floor":16.0,"turns":7.0},{"damage":0.0,"enemies":"Spheric Guardian","floor":18.0,"turns":3.0},{"damage":16.0,"enemies":"3 Byrds","floor":21.0,"turns":3.0},{"damage":4.0,"enemies":"Centurion and Healer","floor":22.0,"turns":5.0},{"damage":6.0,"enemies":"Book of Stabbing","floor":23.0,"turns":7.0},{"damage":5.0,"enemies":"Gremlin Leader","floor":30.0,"turns":9.0},{"damage":3.0,"enemies":"Snecko","floor":31.0,"turns":4.0},{"damage":30.0,"enemies":"Collector","floor":33.0,"turns":9.0},{"damage":5.0,"enemies":"Orb Walker","floor":35.0,"turns":3.0},{"damage":26.0,"enemies":"3 Shapes","floor":37.0,"turns":4.0},{"damage":37.0,"enemies":"3 Darklings","floor":38.0,"turns":7.0},{"damage":37.0,"enemies":"Nemesis","floor":41.0,"turns":7.0},{"damage":20.0,"enemies":"Giant Head","floor":44.0,"turns":7.0},{"damage":0.0,"enemies":"Nemesis","floor":46.0,"turns":2.0},{"damage":19,"enemies":"Awakened One","floor":50,"turns":16}],"relics_obtained":[{"floor":7.0,"key":"War Paint"},{"floor":9.0,"key":"The Courier"},{"floor":11.0,"key":"Prayer Wheel"},{"floor":20.0,"key":"Nilry\u0027s Codex"},{"floor":23.0,"key":"Toolbox"},{"floor":23.0,"key":"Bottled Lightning"},{"floor":26.0,"key":"Meat on the Bone"},{"floor":30.0,"key":"Bag of Marbles"},{"floor":30.0,"key":"Dream Catcher"},{"floor":41.0,"key":"Girya"},{"floor":41.0,"key":"Calipers"},{"floor":43.0,"key":"Vajra"},{"floor":44.0,"key":"Turnip"},{"floor":44.0,"key":"Dead Branch"},{"floor":46.0,"key":"Bird Faced Urn"},{"floor":46.0,"key":"Du-Vu Doll"}],"event_choices":[{"event_name":"World of Goop","player_choice":"Gather Gold","floor":2.0,"damage_taken":0.0},{"event_name":"Big Fish","player_choice":"Donut","floor":3.0,"damage_taken":0.0},{"event_name":"Golden Shrine","player_choice":"Pray","floor":4.0,"damage_taken":0.0},{"event_name":"Living Wall","player_choice":"Change","floor":12.0,"damage_taken":0.0},{"event_name":"Scrap Ooze","player_choice":"success","floor":13.0,"damage_taken":7.0},{"event_name":"Back to Basics","player_choice":"Simplicity","floor":19.0,"damage_taken":0.0},{"event_name":"Cursed Tome","player_choice":"Obtained Book","floor":20.0,"damage_taken":0.0},{"event_name":"The Library","player_choice":"Heal","floor":24.0,"damage_taken":0.0},{"event_name":"Vampires","player_choice":"Ignored","floor":27.0,"damage_taken":0.0},{"event_name":"SensoryStone","player_choice":"Memory 3","floor":36.0,"damage_taken":0.0},{"event_name":"The Moai Head","player_choice":"Ignored","floor":39.0,"damage_taken":0.0},{"event_name":"Tomb of Lord Red Mask","player_choice":"Ignored","floor":45.0,"damage_taken":0.0},{"event_name":"Winding Halls","player_choice":"Embrace Madness","floor":47.0,"damage_taken":0.0}],"boss_relics":[],"items_purged_floors":[],"potions_floor_spawned":[7,8,11,16,21,22,23,30,35,37,38,41,44,46],"seed_played":"5527122065446477293","ascension_level":5,"potions_obtained":[{"floor":7.0,"key":"Energy Potion"},{"floor":8.0,"key":"FocusPotion"},{"floor":11.0,"key":"GamblersBrew"},{"floor":21.0,"key":"GamblersBrew"},{"floor":22.0,"key":"PowerPotion"},{"floor":23.0,"key":"Fire Potion"},{"floor":30.0,"key":"Regen Potion"},{"floor":35.0,"key":"Strength Potion"},{"floor":37.0,"key":"Weak Potion"},{"floor":38.0,"key":"FearPotion"},{"floor":41.0,"key":"SpeedPotion"},{"floor":44.0,"key":"Regen Potion"},{"floor":46.0,"key":"Dexterity Potion"}],"is_trial":false}