{"gold_per_floor":[118,118,173,189,117,117,148,148,225,225,235,235,268,143,143,143],"floor_reached":16,"playtime":383,"items_purged":["Corruption"],"score":210,"play_id":"c876e5ad-4ab9-4c9a-bda2-f47513c90766","local_time":"20190220091253","is_ascension_mode":true,"campfire_choices":[{"data":"Whirlwind","floor":6,"key":"SMITH"},{"data":"Infernal Blade","floor":10,"key":"SMITH"},{"data":"Shrug It Off","floor":12,"key":"SMITH"},{"data":"Armaments","floor":15,"key":"SMITH"}],"neow_cost":"NONE","seed_source_timestamp":4693932009605,"circlet_count":0,"master_deck":["AscendersBane","Strike_R","Strike_R","Strike_R","Defend_R","Defend_R","Defend_R","Defend_R","Bash","Whirlwind+1","Infernal Blade+1","Impervious","Shrug It Off+1","Burning Pact","Iron Wave","Armaments+1"],"relics":["Burning Blood","NeowsBlessing","Lantern","Bottled Lightning","Singing Bowl","Bird Faced Urn"],"potions_floor_usage":[16],"damage_taken":[{"damage":0,"enemies":"2 Louse","floor":1,"turns":1},{"damage":0,"enemies":"Jaw Worm","floor":4,"turns":1},{"damage":0,"enemies":"Lagavulin","floor":7,"turns":1},{"damage":0,"enemies":"Small Slimes","floor":11,"turns":2},{"damage":23,"enemies":"Gremlin Nob","floor":13,"turns":4},{"damage":69,"enemies":"Slime Boss","floor":16,"turns":11}],"seed_played":"-9017665404766983006","potions_obtained":[{"floor":11,"key":"GamblersBrew"},{"floor":13,"key":"Strength Potion"}],"is_trial":false,"path_per_floor":["M","?","T","M","$","R","E","?","T","R","M","R","E","$","R","B"],"character_chosen":"IRONCLAD","items_purchased":["Impervious","Armaments"],"campfire_rested":0,"item_purchase_floors":[5,14],"current_hp_per_floor":[78,78,78,80,80,80,80,80,80,80,80,80,63,63,63,0],"gold":143,"neow_bonus":"THREE_ENEMY_KILL","is_prod":false,"is_daily":false,"chose_seed":false,"campfire_upgraded":4,"win_rate":0,"timestamp":1550682773,"path_taken":["M","?","?","M","?","R","E","?","T","R","M","R","E","$","R","BOSS"],"build_version":"2019-01-23","purchased_purges":1,"victory":false,"max_hp_per_floor":[80,80,80,80,80,80,80,80,80,80,80,80,80,80,80,80],"card_choices":[{"not_picked":["Sword Boomerang","Power Through"],"picked":"Whirlwind","floor":1},{"not_picked":["Carnage","Thunderclap","Flex"],"picked":"SKIP","floor":4},{"not_picked":["Bloodletting","Limit Break"],"picked":"Shrug It Off","floor":7},{"not_picked":["Dual Wield","Iron Wave"],"picked":"Corruption","floor":11},{"not_picked":["Perfected Strike","Berserk"],"picked":"Iron Wave","floor":13}],"player_experience":441440,"relics_obtained":[{"floor":3,"key":"Lantern"},{"floor":7,"key":"Bottled Lightning"},{"floor":9,"key":"Singing Bowl"},{"floor":13,"key":"Bird Faced Urn"}],"event_choices":[{"damage_healed":0,"gold_gain":0,"cards_transformed":["Strike_R"],"player_choice":"Change","damage_taken":0,"max_hp_gain":0,"max_hp_loss":0,"event_name":"Living Wall","floor":2,"gold_loss":0,"cards_obtained":["Infernal Blade"]},{"damage_healed":0,"gold_gain":0,"cards_transformed":["Strike_R"],"player_choice":"Transformed","damage_taken":0,"max_hp_gain":0,"max_hp_loss":0,"event_name":"Transmorgrifier","floor":8,"gold_loss":0,"cards_obtained":["Burning Pact"]}],"is_beta":false,"boss_relics":[],"items_purged_floors":[14],"is_endless":false,"potions_floor_spawned":[11,13],"killed_by":"Slime Boss","ascension_level":12}