{"gold_per_floor":[116,116,126,142,142,142,170,180,180,180,200,215,215,228,228,305,305,315,9,28,28,48,48,79,79,79,89,102,117,34,69,69,141,191,210,224,224,241,241,241,260,260,312,332,302,17,17,27,27,27],"floor_reached":51,"playtime":2634,"items_purged":["Strike_B","Strike_B"],"score":1302,"play_id":"68578583-4cfa-41ca-9c4b-d9546caa9b68","local_time":"20190304182203","is_ascension_mode":true,"campfire_choices":[{"data":"Zap","floor":6,"key":"SMITH"},{"data":"Dualcast","floor":10,"key":"SMITH"},{"data":"Reinforced Body","floor":13,"key":"SMITH"},{"floor":15,"key":"REST"},{"floor":23,"key":"REST"},{"data":"Reboot","floor":25,"key":"SMITH"},{"floor":32,"key":"REST"},{"data":"Buffer","floor":40,"key":"SMITH"},{"data":"Beam Cell","floor":42,"key":"SMITH"},{"floor":47,"key":"REST"},{"floor":49,"key":"REST"}],"neow_cost":"NONE","seed_source_timestamp":228871917640272,"circlet_count":0,"master_deck":["AscendersBane","Strike_B","Defend_B","Defend_B","Defend_B","Defend_B","Zap+1","Dualcast+1","Go for the Eyes+1","Reinforced Body+1","BootSequence","All For One","Gash+1","Rebound","Steam","Gash","Reboot+1","Steam+1","Echo Form+1","Gash","Scrape","Hologram+1","Conserve Battery","Go for the Eyes","Coolheaded+1","Hologram+1","Buffer+1","Steam+1","Beam Cell+1","Seek+1","White Noise+1","Recycle+1","Glacier+1","Redo+1","All For One","Hologram+1","Gash"],"relics":["Cracked Core","The Courier","Cables","Philosopher\u0027s Stone","Bag of Marbles","Toxic Egg 2","Dodecahedron","Mercury Hourglass","Tiny House","Dream Catcher","Vajra"],"potions_floor_usage":[8,16,24,31,34,50,50,50],"damage_taken":[{"damage":0,"enemies":"Small Slimes","floor":1,"turns":3},{"damage":0,"enemies":"2 Louse","floor":3,"turns":4},{"damage":0,"enemies":"Cultist","floor":4,"turns":4},{"damage":13,"enemies":"Lagavulin","floor":7,"turns":8},{"damage":8,"enemies":"Lots of Slimes","floor":8,"turns":3},{"damage":2,"enemies":"Looter","floor":11,"turns":3},{"damage":14,"enemies":"Blue Slaver","floor":12,"turns":3},{"damage":11,"enemies":"3 Louse","floor":14,"turns":3},{"damage":1,"enemies":"Slime Boss","floor":16,"turns":7},{"damage":28,"enemies":"3 Byrds","floor":18,"turns":4},{"damage":12,"enemies":"Spheric Guardian","floor":20,"turns":3},{"damage":5,"enemies":"Cultist and Chosen","floor":22,"turns":6},{"damage":0,"enemies":"Slavers","floor":24,"turns":4},{"damage":3,"enemies":"Snake Plant","floor":27,"turns":4},{"damage":5,"enemies":"Centurion and Healer","floor":28,"turns":9},{"damage":16,"enemies":"Sentry and Sphere","floor":29,"turns":4},{"damage":15,"enemies":"Book of Stabbing","floor":31,"turns":6},{"damage":21,"enemies":"Collector","floor":33,"turns":7},{"damage":0,"enemies":"Orb Walker","floor":35,"turns":2},{"damage":3,"enemies":"3 Darklings","floor":36,"turns":5},{"damage":20,"enemies":"Writhing Mass","floor":38,"turns":7},{"damage":0,"enemies":"Sphere and 2 Shapes","floor":41,"turns":5},{"damage":24,"enemies":"Spire Growth","floor":44,"turns":7},{"damage":6,"enemies":"3 Darklings","floor":48,"turns":4},{"damage":18,"enemies":"Awakened One","floor":50,"turns":11}],"seed_played":"-8665017084169475458","potions_obtained":[{"floor":1,"key":"LiquidBronze"},{"floor":11,"key":"Energy Potion"},{"floor":12,"key":"PowerPotion"},{"floor":14,"key":"FairyPotion"},{"floor":20,"key":"EssenceOfSteel"},{"floor":27,"key":"Swift Potion"},{"floor":28,"key":"Strength Potion"},{"floor":34,"key":"Fruit Juice"},{"floor":41,"key":"Energy Potion"},{"floor":45,"key":"EntropicBrew"}],"is_trial":false,"path_per_floor":["M","?","M","M","?","R","E","M","T","R","M","M","R","M","R","B",null,"M","$","M","?","M","R","E","R","T","M","M","M","$","E","R","B",null,"M","M","?","M","?","R","M","R","T","M","?","$","R","M","R","B",null],"character_chosen":"DEFECT","items_purchased":["Echo Form","Gash","Bag of Marbles","Scrape","Steam+1","Vajra","EssenceOfSteel"],"campfire_rested":5,"item_purchase_floors":[19,19,19,19,30,46,46],"current_hp_per_floor":[64,57,57,57,57,57,44,36,36,36,34,20,20,9,30,29,61,33,33,21,21,16,37,37,37,37,34,29,13,13,7,28,7,65,65,62,62,42,42,42,42,42,42,18,18,18,41,35,58,40],"gold":27,"neow_bonus":"THREE_CARDS","is_prod":false,"is_daily":false,"chose_seed":false,"campfire_upgraded":6,"win_rate":0,"timestamp":1551720123,"path_taken":["M","?","M","M","?","R","E","M","T","R","M","M","R","M","R","BOSS","M","$","M","?","M","R","E","R","T","?","M","M","?","E","R","BOSS","M","M","?","M","?","R","M","R","T","M","?","$","R","?","R","BOSS"],"build_version":"2019-01-23","purchased_purges":2,"victory":true,"max_hp_per_floor":[71,71,71,71,71,71,71,71,71,71,71,71,71,71,71,71,71,71,71,71,71,71,71,71,71,71,71,71,71,71,71,71,71,81,81,81,77,77,77,77,77,77,77,77,77,77,77,77,77,77],"card_choices":[{"not_picked":["Coolheaded","Compile Driver"],"picked":"Go for the Eyes","floor":0},{"not_picked":["Steam Power","Cold Snap"],"picked":"Reinforced Body","floor":1},{"not_picked":["Go for the Eyes","Hello World","Barrage"],"picked":"SKIP","floor":3},{"not_picked":["Steam","Auto Shields"],"picked":"BootSequence","floor":4},{"not_picked":["Skim","Steam"],"picked":"All For One","floor":7},{"not_picked":["Streamline","Loop"],"picked":"Gash","floor":8},{"not_picked":["Stack","Leap"],"picked":"Rebound","floor":11},{"not_picked":["Go for the Eyes","Skim"],"picked":"Steam","floor":12},{"not_picked":["Scrape","Core Surge"],"picked":"Gash","floor":14},{"not_picked":["Meteor Strike","Multi-Cast"],"picked":"Reboot","floor":16},{"not_picked":["Aggregate+1","Leap"],"picked":"Steam+1","floor":18},{"not_picked":["Melter+1","Leap+1"],"picked":"Hologram+1","floor":20},{"not_picked":["Sunder","Compile Driver+1"],"picked":"Conserve Battery","floor":22},{"not_picked":["Rebound","Aggregate"],"picked":"Go for the Eyes","floor":24},{"not_picked":["Barrage","Compile Driver"],"picked":"Coolheaded+1","floor":27},{"not_picked":["Go for the Eyes","Cold Snap"],"picked":"Hologram+1","floor":28},{"not_picked":["Leap+1","Redo+1"],"picked":"Buffer","floor":29},{"not_picked":["Melter","BootSequence+1"],"picked":"Beam Cell","floor":31},{"not_picked":["Core Surge","Biased Cognition"],"picked":"Seek+1","floor":33},{"not_picked":["Beam Cell","Tempest+1"],"picked":"White Noise+1","floor":34},{"not_picked":["Rebound+1","Go for the Eyes"],"picked":"Recycle+1","floor":35},{"not_picked":["Barrage","Steam+1"],"picked":"Glacier+1","floor":36},{"not_picked":["Consume+1","Streamline"],"picked":"Redo+1","floor":38},{"not_picked":["Stack+1","Redo+1","Go for the Eyes"],"picked":"SKIP","floor":41},{"not_picked":["Darkness+1","Fusion+1"],"picked":"All For One","floor":44},{"not_picked":["Leap+1","Melter+1"],"picked":"Hologram+1","floor":47},{"not_picked":["Loop","Blizzard"],"picked":"Gash","floor":48}],"player_experience":844709,"relics_obtained":[{"floor":7,"key":"The Courier"},{"floor":9,"key":"Cables"},{"floor":24,"key":"Toxic Egg 2"},{"floor":26,"key":"Dodecahedron"},{"floor":31,"key":"Mercury Hourglass"},{"floor":43,"key":"Dream Catcher"}],"event_choices":[{"cards_removed":["Strike_B"],"damage_healed":0,"gold_gain":0,"player_choice":"Card Removal","damage_taken":7,"max_hp_gain":0,"max_hp_loss":0,"event_name":"Golden Wing","floor":2,"gold_loss":0},{"damage_healed":0,"gold_gain":0,"player_choice":"Grow","damage_taken":0,"max_hp_gain":0,"max_hp_loss":0,"event_name":"Living Wall","floor":5,"gold_loss":0,"cards_upgraded":["Go for the Eyes"]},{"damage_healed":0,"gold_gain":0,"player_choice":"Forge","damage_taken":0,"max_hp_gain":0,"max_hp_loss":0,"event_name":"Accursed Blacksmith","floor":21,"gold_loss":0,"cards_upgraded":["Echo Form"]},{"damage_healed":0,"gold_gain":0,"player_choice":"Max HP","damage_taken":0,"max_hp_gain":0,"max_hp_loss":4,"event_name":"Winding Halls","floor":37,"gold_loss":0},{"damage_healed":0,"gold_gain":0,"player_choice":"Ignored","damage_taken":0,"max_hp_gain":0,"max_hp_loss":0,"event_name":"Tomb of Lord Red Mask","floor":39,"gold_loss":0},{"damage_healed":0,"gold_gain":0,"player_choice":"Bought 2 Potions","damage_taken":0,"max_hp_gain":0,"max_hp_loss":0,"event_name":"The Woman in Blue","floor":45,"gold_loss":0}],"is_beta":false,"boss_relics":[{"not_picked":["Fusion Hammer","Busted Crown"],"picked":"Philosopher\u0027s Stone"},{"not_picked":["Runic Pyramid","Black Star"],"picked":"Tiny House"}],"items_purged_floors":[30,46],"is_endless":false,"potions_floor_spawned":[1,11,12,14,20,27,28,29,41,48],"ascension_level":16}