{"gold_per_floor":[112,62,62,137,156,156,199,199,247,247,272,295,311,324,324,450,450,469,469,469,10,10,10,34,34,34,78,78,103,124,149,149,270,270,291,350,52,52,52],"floor_reached":39,"playtime":1564,"items_purged":["Strike_B","Sweeping Beam"],"score":539,"play_id":"ef9c8ae4-6913-4380-826c-196d1dc1402c","local_time":"20190124234939","is_ascension_mode":true,"campfire_choices":[{"data":"Dualcast","floor":6,"key":"SMITH"},{"floor":8,"key":"REST"},{"data":"Glacier","floor":10,"key":"SMITH"},{"data":"Sunder","floor":15,"key":"SMITH"},{"data":"RitualDagger","floor":23,"key":"SMITH"},{"data":"Loop","floor":28,"key":"SMITH"},{"floor":32,"key":"REST"}],"neow_cost":"TEN_PERCENT_HP_LOSS","seed_source_timestamp":601673210840592,"circlet_count":0,"master_deck":["Strike_B+1","Strike_B+1","Defend_B+1","Defend_B+1","Defend_B+1","Defend_B+1","Zap","Dualcast+1","Injury","Self Repair","Glacier+1","Sunder+1","Leap","Conserve Battery","Coolheaded","Reboot","Gash","RitualDagger+1","Loop+1","Electrodynamics","Conserve Battery","Streamline","Shame","Thunder Strike","Reboot","Cold Snap+1","Auto Shields","Shame"],"relics":["Cracked Core","Du-Vu Doll","Golden Idol","Pantograph","Ancient Tea Set","Philosopher\u0027s Stone","The Courier","OrangePellets","Smiling Mask","Thread and Needle","Singing Bowl","Black Star","Torii","Blue Candle"],"potions_floor_usage":[16,18,27,29,29,33,33],"damage_taken":[{"damage":4,"enemies":"Jaw Worm","floor":1,"turns":4},{"damage":0,"enemies":"2 Louse","floor":5,"turns":2},{"damage":38,"enemies":"Gremlin Nob","floor":7,"turns":4},{"damage":0,"enemies":"Small Slimes","floor":11,"turns":3},{"damage":9,"enemies":"2 Fungi Beasts","floor":12,"turns":2},{"damage":0,"enemies":"Blue Slaver","floor":13,"turns":5},{"damage":1,"enemies":"Looter","floor":14,"turns":4},{"damage":5,"enemies":"Slime Boss","floor":16,"turns":8},{"damage":14,"enemies":"2 Thieves","floor":18,"turns":3},{"damage":0,"enemies":"Chosen","floor":24,"turns":4},{"damage":38,"enemies":"Gremlin Leader","floor":27,"turns":8},{"damage":15,"enemies":"Snake Plant","floor":29,"turns":6},{"damage":14,"enemies":"Snecko","floor":30,"turns":6},{"damage":0,"enemies":"Chosen and Byrds","floor":31,"turns":8},{"damage":71,"enemies":"Automaton","floor":33,"turns":9},{"damage":4,"enemies":"3 Shapes","floor":35,"turns":3},{"damage":51,"enemies":"2 Orb Walkers","floor":36,"turns":6},{"damage":11,"enemies":"3 Darklings","floor":39,"turns":2}],"seed_played":"876579047480397114","potions_obtained":[{"floor":11,"key":"Weak Potion"},{"floor":12,"key":"Block Potion"},{"floor":14,"key":"Fire Potion"},{"floor":16,"key":"Explosive Potion"},{"floor":18,"key":"Regen Potion"},{"floor":27,"key":"SkillPotion"},{"floor":30,"key":"SteroidPotion"},{"floor":36,"key":"PowerPotion"}],"is_trial":false,"path_per_floor":["M","?","?","?","M","R","E","R","T","R","M","M","M","M","R","B",null,"M","?","T","$","?","R","M","?","T","E","R","M","M","M","R","B",null,"M","?","$","?","M"],"character_chosen":"DEFECT","items_purchased":["OrangePellets","Loop","Electrodynamics","Conserve Battery","Streamline","Blue Candle","SteroidPotion"],"campfire_rested":2,"item_purchase_floors":[21,21,21,21,21,37,37],"current_hp_per_floor":[64,64,64,53,53,53,22,42,42,42,49,47,54,60,60,68,68,61,55,55,55,55,55,62,62,62,48,48,42,37,44,66,10,58,54,10,10,10,0],"gold":52,"neow_bonus":"ONE_RARE_RELIC","is_prod":false,"is_daily":false,"chose_seed":false,"campfire_upgraded":5,"win_rate":0,"timestamp":1548391779,"path_taken":["M","?","?","?","?","R","E","R","T","R","M","M","M","M","R","BOSS","M","?","?","$","?","R","M","?","T","E","R","M","M","?","R","BOSS","M","?","$","?","?"],"build_version":"2019-01-23","purchased_purges":2,"victory":false,"max_hp_per_floor":[68,68,68,68,68,68,68,68,68,68,68,68,68,68,68,68,68,68,68,68,68,68,68,68,68,68,70,70,72,74,74,74,74,74,74,74,74,74,74],"card_choices":[{"not_picked":["Rebound","Blizzard"],"picked":"Sweeping Beam","floor":1},{"not_picked":["Redo","Doom and Gloom"],"picked":"Self Repair","floor":5},{"not_picked":["Heatsinks","Lockon"],"picked":"Glacier","floor":7},{"not_picked":["Rebound","Compile Driver"],"picked":"Sunder","floor":11},{"not_picked":["Stack","Gash"],"picked":"Leap","floor":12},{"not_picked":["Steam","Seek"],"picked":"Conserve Battery","floor":13},{"not_picked":["Redo","Fusion"],"picked":"Coolheaded","floor":14},{"not_picked":["Multi-Cast","Creative AI"],"picked":"Reboot","floor":16},{"not_picked":["Steam","Ball Lightning"],"picked":"Gash","floor":18},{"not_picked":["Melter","Glacier","Reprogram"],"picked":"SKIP","floor":24},{"not_picked":["Sweeping Beam","Cold Snap","Beam Cell"],"picked":"Singing Bowl","floor":27},{"not_picked":["Fusion","Skim","Ball Lightning"],"picked":"Singing Bowl","floor":29},{"not_picked":["Reprogram","Sweeping Beam","Steam"],"picked":"Singing Bowl","floor":30},{"not_picked":["Steam","Doom and Gloom"],"picked":"Thunder Strike","floor":31},{"not_picked":["Electrodynamics","Rainbow"],"picked":"Reboot","floor":33},{"not_picked":["Redo","Doom and Gloom+1"],"picked":"Cold Snap+1","floor":35},{"not_picked":["Lockon","Recycle"],"picked":"Auto Shields","floor":36}],"player_experience":429202,"relics_obtained":[{"floor":7,"key":"Pantograph"},{"floor":9,"key":"Ancient Tea Set"},{"floor":20,"key":"The Courier"},{"floor":26,"key":"Thread and Needle"},{"floor":27,"key":"Singing Bowl"},{"floor":36,"key":"Torii"}],"event_choices":[{"cards_removed":["Strike_B"],"damage_healed":0,"gold_gain":0,"player_choice":"Card Removal","damage_taken":0,"max_hp_gain":0,"max_hp_loss":0,"event_name":"The Cleric","floor":2,"gold_loss":50},{"damage_healed":0,"gold_gain":0,"player_choice":"Take Wound","damage_taken":0,"relics_obtained":["Golden Idol"],"max_hp_gain":0,"max_hp_loss":0,"event_name":"Golden Idol","floor":3,"gold_loss":0,"cards_obtained":["Injury"]},{"damage_healed":0,"gold_gain":75,"player_choice":"Gather Gold","damage_taken":11,"max_hp_gain":0,"max_hp_loss":0,"event_name":"World of Goop","floor":4,"gold_loss":0},{"damage_healed":0,"gold_gain":0,"player_choice":"Joined the Cult","damage_taken":6,"max_hp_gain":0,"max_hp_loss":0,"event_name":"Nest","floor":19,"gold_loss":0,"cards_obtained":["RitualDagger"]},{"damage_healed":0,"gold_gain":0,"player_choice":"Simplicity","damage_taken":0,"max_hp_gain":0,"max_hp_loss":0,"event_name":"Back to Basics","floor":22,"gold_loss":0,"cards_upgraded":["Strike_B","Strike_B","Defend_B","Defend_B","Defend_B","Defend_B"]},{"damage_healed":0,"gold_gain":0,"player_choice":"Stole Relic","damage_taken":0,"relics_obtained":["Smiling Mask"],"max_hp_gain":0,"max_hp_loss":0,"event_name":"Addict","floor":25,"gold_loss":0,"cards_obtained":["Shame"]},{"damage_healed":0,"gold_gain":0,"player_choice":"Fight","damage_taken":0,"max_hp_gain":0,"max_hp_loss":0,"event_name":"Mysterious Sphere","floor":36,"gold_loss":0},{"damage_healed":0,"gold_gain":0,"player_choice":"1 cards matched","damage_taken":0,"max_hp_gain":0,"max_hp_loss":0,"event_name":"Match and Keep!","floor":38,"gold_loss":0,"cards_obtained":["Shame"]}],"is_beta":false,"boss_relics":[{"not_picked":["Coffee Dripper","Nuclear Battery"],"picked":"Philosopher\u0027s Stone"},{"not_picked":["Snecko Eye","Orrery"],"picked":"Black Star"}],"items_purged_floors":[21,37],"is_endless":false,"potions_floor_spawned":[11,12,14,16,18,27,30,36],"killed_by":"3 Darklings","ascension_level":7}