{"gold_per_floor":[111,111,61,78,97,132,132,161,213,231,231,25,36,51,51,150,150,167,197,197,16,16,45,45,71,71,71,71,104,32,44,44,139,139,150,160,35,52,67,102,102,102,155,155,181,195,223,245,257,269],"floor_reached":50,"playtime":2753,"items_purged":["Strike_G","Survivor","Normality"],"score":798,"play_id":"67516729-f16d-4f20-90a5-c8090842e17a","local_time":"20190125195245","is_ascension_mode":true,"campfire_choices":[{"data":"Choke","floor":7,"key":"SMITH"},{"data":"Burst","floor":11,"key":"SMITH"},{"data":"Predator","floor":15,"key":"SMITH"},{"floor":24,"key":"REST"},{"floor":28,"key":"REST"},{"floor":32,"key":"RECALL"},{"floor":41,"key":"REST"},{"data":"Shame","floor":44,"key":"PURGE"},{"floor":49,"key":"REST"}],"neow_cost":"NONE","seed_source_timestamp":672664996361136,"circlet_count":0,"master_deck":["Defend_G+1","Defend_G+1","Defend_G+1","Defend_G+1","Defend_G+1","Strike_G+1","Strike_G+1","Strike_G+1","Neutralize+1","Choke+1","Deflect+1","Bullet Time+1","Dagger Spray+1","Burst+1","Footwork+1","Quick Slash+1","Predator+1","Phantasmal Killer+1","Leg Sweep+1","PiercingWail+1","Infinite Blades+1","Caltrops+1","Footwork+1","Ghostly+1","Ghostly+1","Ghostly+1","Ghostly+1","Ghostly+1","Phantasmal Killer+1","Blade Dance+1","Doppelganger+1","Writhe","Deflect+1","Poisoned Stab+1","Slice+1","Backflip+1","A Thousand Cuts+1","Outmaneuver+1","Crippling Poison","Wraith Form v2","Caltrops+1"],"relics":["Ring of the Snake","NeowsBlessing","Letter Opener","Potion Belt","Bronze Scales","War Paint","Fusion Hammer","Red Mask","Mango","Blood Vial","Mercury Hourglass","Strawberry","Calling Bell","Bag of Preparation","Paper Crane","Peace Pipe","Whetstone","Mark of the Bloom","Omamori","MawBank"],"potions_floor_usage":[14,16,16,22,23,40,47,48,50,50,50],"damage_taken":[{"damage":0,"enemies":"2 Louse","floor":1,"turns":1},{"damage":0,"enemies":"Jaw Worm","floor":4,"turns":1},{"damage":0,"enemies":"Small Slimes","floor":5,"turns":1},{"damage":25,"enemies":"3 Sentries","floor":6,"turns":10},{"damage":12,"enemies":"Gremlin Nob","floor":8,"turns":3},{"damage":0,"enemies":"2 Fungi Beasts","floor":10,"turns":3},{"damage":0,"enemies":"Large Slime","floor":13,"turns":6},{"damage":0,"enemies":"Exordium Wildlife","floor":14,"turns":1},{"damage":25,"enemies":"The Guardian","floor":16,"turns":9},{"damage":0,"enemies":"3 Byrds","floor":18,"turns":1},{"damage":23,"enemies":"Masked Bandits","floor":19,"turns":4},{"damage":13,"enemies":"Colosseum Slavers","floor":22,"turns":5},{"damage":9,"enemies":"Slavers","floor":23,"turns":3},{"damage":6,"enemies":"Gremlin Leader","floor":25,"turns":6},{"damage":5,"enemies":"Slavers","floor":29,"turns":4},{"damage":2,"enemies":"Chosen","floor":31,"turns":3},{"damage":43,"enemies":"Champ","floor":33,"turns":13},{"damage":9,"enemies":"3 Shapes","floor":35,"turns":3},{"damage":3,"enemies":"3 Darklings","floor":36,"turns":4},{"damage":17,"enemies":"Spire Growth","floor":38,"turns":7},{"damage":1,"enemies":"Transient","floor":39,"turns":5},{"damage":1,"enemies":"Reptomancer","floor":40,"turns":3},{"damage":13,"enemies":"Nemesis","floor":45,"turns":11},{"damage":0,"enemies":"3 Darklings","floor":46,"turns":4},{"damage":7,"enemies":"Reptomancer","floor":47,"turns":7},{"damage":0,"enemies":"Spire Growth","floor":48,"turns":5},{"damage":17,"enemies":"Awakened One","floor":50,"turns":6}],"seed_played":"-648444589921910634","potions_obtained":[{"floor":1,"key":"SpeedPotion"},{"floor":4,"key":"SpeedPotion"},{"floor":8,"key":"AttackPotion"},{"floor":10,"key":"PowerPotion"},{"floor":13,"key":"FearPotion"},{"floor":19,"key":"Weak Potion"},{"floor":31,"key":"LiquidBronze"},{"floor":35,"key":"SkillPotion"},{"floor":36,"key":"Poison Potion"},{"floor":40,"key":"Block Potion"}],"is_trial":false,"path_per_floor":["M","?","?","M","M","E","R","E","T","M","R","$","M","M","R","B",null,"M","?","?","$","?","E","R","E","T","?","R","E","$","M","R","B",null,"M","M","$","M","M","E","R","?","T","R","E","M","E","M","R","B"],"character_chosen":"THE_SILENT","items_purchased":["Footwork","Fire Potion","Infinite Blades","LiquidBronze"],"campfire_rested":4,"item_purchase_floors":[12,12,21,30],"current_hp_per_floor":[70,67,67,67,67,42,42,30,30,30,30,30,30,30,30,5,54,54,31,31,31,18,23,48,42,42,42,42,44,44,44,44,3,38,31,30,30,15,16,17,31,31,31,31,18,18,11,11,11,0],"gold":269,"neow_bonus":"THREE_ENEMY_KILL","is_prod":false,"is_daily":false,"chose_seed":false,"campfire_upgraded":3,"win_rate":0,"timestamp":1548463965,"path_taken":["M","?","?","M","?","E","R","E","T","M","R","$","M","M","R","BOSS","M","?","?","$","?","E","R","E","T","?","R","E","$","M","R","BOSS","M","M","$","M","M","E","R","?","T","R","E","M","E","M","R","BOSS"],"build_version":"2019-01-23","purchased_purges":3,"victory":false,"max_hp_per_floor":[70,70,70,70,70,70,70,70,70,70,70,70,70,70,70,70,70,70,70,70,70,70,84,84,84,84,42,42,49,49,49,49,49,49,49,49,49,49,49,49,49,49,49,49,49,49,49,49,49,49],"card_choices":[{"not_picked":["Noxious Fumes","Dagger Throw"],"picked":"Choke","floor":1},{"not_picked":["Quick Slash","Blade Dance"],"picked":"Deflect","floor":4},{"not_picked":["Outmaneuver","Dodge and Roll"],"picked":"Bullet Time","floor":5},{"not_picked":["Concentrate","Deflect"],"picked":"Dagger Spray","floor":6},{"not_picked":["Skewer","Flechettes","Calculated Gamble"],"picked":"SKIP","floor":8},{"not_picked":["Eviscerate","Underhanded Strike"],"picked":"Burst","floor":10},{"not_picked":["Dagger Spray","Sucker Punch"],"picked":"Quick Slash","floor":13},{"not_picked":["Deadly Poison","Outmaneuver"],"picked":"Predator","floor":14},{"not_picked":["Storm of Steel","Venomology"],"picked":"Phantasmal Killer","floor":16},{"not_picked":["Setup","Dagger Spray+1"],"picked":"Leg Sweep","floor":18},{"not_picked":["Distraction+1","Terror+1"],"picked":"PiercingWail","floor":19},{"not_picked":["Prepared","Cloak And Dagger"],"picked":"Caltrops","floor":23},{"not_picked":["Outmaneuver","Backflip+1"],"picked":"Footwork+1","floor":25},{"not_picked":["Backflip","Dagger Spray+1"],"picked":"Phantasmal Killer","floor":29},{"not_picked":["Blur","Eviscerate"],"picked":"Blade Dance","floor":31},{"not_picked":["Venomology","Wraith Form v2"],"picked":"Doppelganger","floor":33},{"not_picked":["Bane","Acrobatics"],"picked":"Deflect+1","floor":35},{"not_picked":["Dodge and Roll+1","Cloak And Dagger"],"picked":"Poisoned Stab+1","floor":36},{"not_picked":["Outmaneuver","Calculated Gamble"],"picked":"Slice","floor":38},{"not_picked":["Slice+1","Outmaneuver+1"],"picked":"Backflip+1","floor":39},{"not_picked":["Dodge and Roll+1","Well Laid Plans+1"],"picked":"A Thousand Cuts","floor":40},{"not_picked":["Underhanded Strike+1","Expertise"],"picked":"Outmaneuver+1","floor":45},{"not_picked":["PiercingWail+1","Reflex+1"],"picked":"Crippling Poison","floor":46},{"not_picked":["Bane","Dagger Spray+1"],"picked":"Wraith Form v2","floor":47},{"not_picked":["Outmaneuver+1","Deflect+1"],"picked":"Caltrops+1","floor":48}],"player_experience":454527,"relics_obtained":[{"floor":6,"key":"Potion Belt"},{"floor":8,"key":"Bronze Scales"},{"floor":9,"key":"War Paint"},{"floor":19,"key":"Red Mask"},{"floor":23,"key":"Mango"},{"floor":25,"key":"Blood Vial"},{"floor":26,"key":"Mercury Hourglass"},{"floor":29,"key":"Strawberry"},{"floor":34,"key":"Bag of Preparation"},{"floor":34,"key":"Paper Crane"},{"floor":34,"key":"Peace Pipe"},{"floor":40,"key":"Whetstone"},{"floor":45,"key":"Omamori"},{"floor":47,"key":"MawBank"}],"event_choices":[{"damage_healed":0,"gold_gain":0,"player_choice":"Success","damage_taken":3,"relics_obtained":["Letter Opener"],"max_hp_gain":0,"max_hp_loss":0,"event_name":"Scrap Ooze","floor":2,"gold_loss":0},{"cards_removed":["Strike_G"],"damage_healed":0,"gold_gain":0,"player_choice":"Card Removal","damage_taken":0,"max_hp_gain":0,"max_hp_loss":0,"event_name":"The Cleric","floor":3,"gold_loss":50},{"damage_healed":0,"gold_gain":0,"player_choice":"Fought Bandits","damage_taken":0,"max_hp_gain":0,"max_hp_loss":0,"event_name":"Masked Bandits","floor":19,"gold_loss":0},{"damage_healed":0,"gold_gain":0,"player_choice":"Simplicity","damage_taken":0,"max_hp_gain":0,"max_hp_loss":0,"event_name":"Back to Basics","floor":20,"gold_loss":0,"cards_upgraded":["Defend_G","Defend_G","Defend_G","Strike_G","Strike_G","Strike_G"]},{"damage_healed":0,"gold_gain":0,"player_choice":"Fight","damage_taken":0,"max_hp_gain":0,"max_hp_loss":0,"event_name":"Colosseum","floor":22,"gold_loss":0},{"damage_healed":0,"gold_gain":0,"player_choice":"Fled From Nobs","damage_taken":0,"max_hp_gain":0,"max_hp_loss":0,"event_name":"Colosseum","floor":22,"gold_loss":0},{"damage_healed":0,"gold_gain":0,"player_choice":"Became a Ghost","damage_taken":0,"max_hp_gain":0,"max_hp_loss":42,"event_name":"Ghosts","floor":27,"gold_loss":0,"cards_obtained":["Ghostly","Ghostly","Ghostly","Ghostly","Ghostly"]},{"damage_healed":0,"gold_gain":0,"player_choice":"Upgrade","damage_taken":0,"relics_obtained":["Mark of the Bloom"],"max_hp_gain":0,"max_hp_loss":0,"event_name":"MindBloom","floor":42,"gold_loss":0,"cards_upgraded":["Deflect","Bullet Time","Footwork","Quick Slash","Phantasmal Killer","Leg Sweep","PiercingWail","Infinite Blades","Caltrops","Ghostly","Ghostly","Ghostly","Ghostly","Ghostly","Phantasmal Killer","Blade Dance","Doppelganger","Slice","A Thousand Cuts"]}],"is_beta":false,"boss_relics":[{"not_picked":["Runic Dome","Velvet Choker"],"picked":"Fusion Hammer"},{"not_picked":["Orrery","Pandora\u0027s Box"],"picked":"Calling Bell"}],"items_purged_floors":[12,21,37],"is_endless":false,"potions_floor_spawned":[1,4,8,10,13,19,22,31,35,36,40,46],"killed_by":"Awakened One","ascension_level":5}