{"gold_per_floor":[115,133,153,172,183,183,201,201,247,259,291,303,315,72,72,173,173,158,168,168,188,188,188,215,215,240,258,269,269,13,13,13,13],"floor_reached":33,"playtime":1540,"items_purged":[],"score":273,"play_id":"f6f13a93-efef-44f0-8dfe-578ccac4df64","local_time":"20190102140820","is_ascension_mode":false,"campfire_choices":[{"data":"Crippling Poison","floor":6,"key":"SMITH"},{"data":"Bouncing Flask","floor":8,"key":"SMITH"},{"floor":15,"key":"REST"},{"floor":23,"key":"REST"},{"floor":25,"key":"REST"},{"floor":29,"key":"REST"},{"data":"Catalyst","floor":32,"key":"SMITH"}],"neow_cost":"NONE","seed_source_timestamp":14957241744651,"circlet_count":0,"master_deck":["Defend_G+1","Defend_G+1","Defend_G+1","Defend_G+1","Defend_G+1","Strike_G+1","Strike_G+1","Strike_G+1","Strike_G+1","Strike_G+1","Survivor","Neutralize","Bouncing Flask+1","Crippling Poison+1","Backstab","Outmaneuver","Bane","Doppelganger","J.A.X.","Catalyst+1","Outmaneuver"],"relics":["Busted Crown","Lantern","Dodecahedron","Matryoshka","Pantograph","Snake Skull","Omamori","Question Card"],"potions_floor_usage":[16,16,24,28,28,33],"damage_taken":[{"damage":1,"enemies":"2 Louse","floor":1,"turns":3},{"damage":0,"enemies":"Jaw Worm","floor":2,"turns":3},{"damage":0,"enemies":"Small Slimes","floor":3,"turns":2},{"damage":0,"enemies":"Looter","floor":4,"turns":3},{"damage":1,"enemies":"Lots of Slimes","floor":5,"turns":5},{"damage":5,"enemies":"Exordium Wildlife","floor":7,"turns":4},{"damage":8,"enemies":"Red Slaver","floor":10,"turns":3},{"damage":12,"enemies":"Gremlin Nob","floor":11,"turns":3},{"damage":0,"enemies":"Lots of Slimes","floor":12,"turns":2},{"damage":0,"enemies":"Large Slime","floor":13,"turns":5},{"damage":10,"enemies":"The Guardian","floor":16,"turns":8},{"damage":12,"enemies":"2 Thieves","floor":18,"turns":4},{"damage":16,"enemies":"Shell Parasite","floor":19,"turns":5},{"damage":15,"enemies":"Centurion and Healer","floor":21,"turns":6},{"damage":37,"enemies":"Slavers","floor":24,"turns":6},{"damage":28,"enemies":"Sentry and Sphere","floor":27,"turns":6},{"damage":9,"enemies":"Snake Plant","floor":28,"turns":4},{"damage":70,"enemies":"Champ","floor":33,"turns":13}],"seed_played":"7429513699336323757","potions_obtained":[{"floor":1,"key":"Dexterity Potion"},{"floor":4,"key":"AttackPotion"},{"floor":7,"key":"Regen Potion"},{"floor":24,"key":"GhostInAJar"},{"floor":27,"key":"Regen Potion"},{"floor":28,"key":"SkillPotion"}],"is_trial":false,"path_per_floor":["M","M","M","M","M","R","M","R","T","M","E","M","M","$","R","B",null,"M","M","?","M","?","R","E","R","T","M","M","R","$","?","R","B"],"character_chosen":"THE_SILENT","items_purchased":["Matryoshka","Question Card"],"campfire_rested":4,"item_purchase_floors":[14,30],"current_hp_per_floor":[69,69,69,69,68,68,63,63,63,55,43,43,43,43,64,69,70,58,42,42,27,27,48,11,32,32,4,9,30,30,30,30,0],"gold":13,"neow_bonus":"BOSS_RELIC","is_prod":false,"is_daily":false,"chose_seed":false,"campfire_upgraded":3,"win_rate":0.0,"timestamp":1546405700,"path_taken":["M","M","M","M","M","R","M","R","T","M","E","M","M","$","R","BOSS","M","M","?","M","?","R","E","R","T","M","M","R","$","?","R","BOSS"],"build_version":"2018-12-20","purchased_purges":0,"victory":false,"max_hp_per_floor":[70,70,70,70,70,70,70,70,70,70,70,70,70,70,70,70,70,70,70,70,70,70,70,70,70,70,70,70,70,70,70,70,70],"card_choices":[{"not_picked":[],"picked":"Bouncing Flask","floor":1},{"not_picked":[],"picked":"Crippling Poison","floor":2},{"not_picked":["Backflip"],"picked":"SKIP","floor":3},{"not_picked":["Backflip"],"picked":"SKIP","floor":4},{"not_picked":["Backflip"],"picked":"SKIP","floor":5},{"not_picked":["Backflip"],"picked":"SKIP","floor":7},{"not_picked":[],"picked":"Backstab","floor":10},{"not_picked":[],"picked":"Outmaneuver","floor":11},{"not_picked":["Skewer"],"picked":"SKIP","floor":12},{"not_picked":[],"picked":"Bane","floor":13},{"not_picked":[],"picked":"Doppelganger","floor":16},{"not_picked":["Dagger Throw"],"picked":"SKIP","floor":18},{"not_picked":["Underhanded Strike"],"picked":"SKIP","floor":19},{"not_picked":["Flying Knee"],"picked":"SKIP","floor":21},{"not_picked":[],"picked":"Catalyst","floor":24},{"not_picked":["Eviscerate"],"picked":"SKIP","floor":27},{"not_picked":[],"picked":"Outmaneuver","floor":28}],"player_experience":36034,"relics_obtained":[{"floor":9,"key":"Lantern"},{"floor":11,"key":"Dodecahedron"},{"floor":24,"key":"Pantograph"},{"floor":26,"key":"Snake Skull"},{"floor":26,"key":"Omamori"}],"event_choices":[{"damage_healed":0,"gold_gain":0,"player_choice":"Ignored","damage_taken":0,"max_hp_gain":0,"max_hp_loss":0,"event_name":"Vampires","floor":20,"gold_loss":0},{"damage_healed":0,"gold_gain":0,"player_choice":"Obtain J.A.X.","damage_taken":0,"max_hp_gain":0,"max_hp_loss":0,"event_name":"Drug Dealer","floor":22,"gold_loss":0,"cards_obtained":["J.A.X."]},{"damage_healed":0,"gold_gain":0,"player_choice":"Simplicity","damage_taken":0,"max_hp_gain":0,"max_hp_loss":0,"event_name":"Back to Basics","floor":31,"gold_loss":0,"cards_upgraded":["Defend_G","Defend_G","Defend_G","Defend_G","Defend_G","Strike_G","Strike_G","Strike_G","Strike_G","Strike_G"]}],"is_beta":false,"boss_relics":[{"not_picked":["Runic Pyramid","Snecko Eye","Runic Dome"]}],"items_purged_floors":[],"is_endless":false,"potions_floor_spawned":[1,4,7,11,12,13,24,27,28],"killed_by":"Champ","ascension_level":0}