{"gold_per_floor":[110,122,6,17,27,27,27,45,45,45,63,63,73,73,73,169,169,186,206,206,225,150,150],"floor_reached":23,"playtime":1102,"items_purged":["Defend_G"],"score":235,"play_id":"fb10842f-37ab-49fb-b9db-166f4b370982","local_time":"20190102235634","is_ascension_mode":false,"campfire_choices":[{"data":"Catalyst","floor":6,"key":"SMITH"},{"data":"Noxious Fumes","floor":12,"key":"SMITH"},{"data":"Adrenaline","floor":15,"key":"SMITH"}],"neow_cost":"NONE","seed_source_timestamp":30463050130220,"circlet_count":0,"master_deck":["Defend_G","Defend_G","Defend_G","Defend_G","Strike_G","Strike_G","Strike_G","Strike_G","Strike_G","Survivor","Neutralize","Backflip","Catalyst+1","Bouncing Flask","Flechettes","Flying Knee","Bouncing Flask","Noxious Fumes+1","Deflect","Adrenaline+1","Parasite","Deadly Poison","Deadly Poison","Footwork","Backflip","Leg Sweep"],"relics":["Ring of the Snake","Pen Nib","Sundial","Orrery","Pantograph"],"potions_floor_usage":[13,16,16,23],"damage_taken":[{"damage":3,"enemies":"2 Louse","floor":1,"turns":4},{"damage":1,"enemies":"Cultist","floor":2,"turns":3},{"damage":0,"enemies":"Small Slimes","floor":4,"turns":2},{"damage":7,"enemies":"Blue Slaver","floor":5,"turns":3},{"damage":13,"enemies":"Large Slime","floor":8,"turns":6},{"damage":10,"enemies":"2 Fungi Beasts","floor":11,"turns":2},{"damage":5,"enemies":"Exordium Thugs","floor":13,"turns":4},{"damage":0,"enemies":"Slime Boss","floor":16,"turns":4},{"damage":2,"enemies":"Spheric Guardian","floor":18,"turns":3},{"damage":25,"enemies":"3 Byrds","floor":19,"turns":5},{"damage":24,"enemies":"Centurion and Healer","floor":21,"turns":9},{"damage":19,"enemies":"Slavers","floor":23,"turns":3}],"seed_played":"-3652468379122508245","potions_obtained":[{"floor":2,"key":"Fire Potion"},{"floor":5,"key":"Poison Potion"},{"floor":7,"key":"SpeedPotion"},{"floor":16,"key":"SkillPotion"},{"floor":18,"key":"SneckoOil"}],"is_trial":false,"path_per_floor":["M","M","$","M","M","R","?","M","T","$","M","R","M","?","R","B",null,"M","M","?","M","$","E"],"character_chosen":"THE_SILENT","items_purchased":["Bouncing Flask","Flechettes"],"campfire_rested":0,"item_purchase_floors":[3,3],"current_hp_per_floor":[67,66,66,66,59,59,59,46,46,46,36,36,31,48,48,48,70,68,43,43,19,19,0],"gold":150,"neow_bonus":"RANDOM_COMMON_RELIC","is_prod":false,"is_daily":false,"chose_seed":false,"campfire_upgraded":3,"win_rate":0.0,"timestamp":1546440994,"path_taken":["M","M","$","M","M","R","?","M","T","?","M","R","M","?","R","BOSS","M","M","?","M","$","E"],"build_version":"2018-12-20","purchased_purges":1,"victory":false,"max_hp_per_floor":[70,70,70,70,70,70,70,70,70,70,70,70,70,70,70,70,70,70,70,70,70,70,70],"card_choices":[{"not_picked":["Flying Knee","Dash"],"picked":"Backflip","floor":1},{"not_picked":["Riddle With Holes","Reflex"],"picked":"Catalyst","floor":2},{"not_picked":["Dagger Throw","Acrobatics"],"picked":"Flying Knee","floor":4},{"not_picked":["Finisher","Deflect"],"picked":"Bouncing Flask","floor":5},{"not_picked":["Cloak And Dagger","Skewer"],"picked":"Noxious Fumes","floor":8},{"not_picked":["Sucker Punch","Flying Knee"],"picked":"Deflect","floor":11},{"not_picked":["Riddle With Holes","Deadly Poison"],"picked":"Adrenaline","floor":13},{"not_picked":["Cloak And Dagger","Distraction"],"picked":"Deadly Poison","floor":17},{"not_picked":["Dodge and Roll","Cloak And Dagger"],"picked":"Deadly Poison","floor":17},{"not_picked":["Slice","Flying Knee"],"picked":"Footwork","floor":17},{"not_picked":["Skewer","Dagger Spray"],"picked":"Backflip","floor":17},{"not_picked":["Bane+1","Flying Knee+1"],"picked":"Leg Sweep","floor":18},{"not_picked":["Poisoned Stab+1","Slice","Terror"],"picked":"SKIP","floor":19},{"not_picked":["Underhanded Strike","Outmaneuver+1","Prepared"],"picked":"SKIP","floor":21}],"player_experience":58617,"relics_obtained":[{"floor":9,"key":"Sundial"}],"event_choices":[{"damage_healed":0,"gold_gain":0,"player_choice":"Got Potions","damage_taken":0,"max_hp_gain":0,"max_hp_loss":0,"event_name":"Lab","floor":7,"gold_loss":0},{"damage_healed":17,"gold_gain":0,"player_choice":"Healed and dodged fight","damage_taken":0,"max_hp_gain":0,"max_hp_loss":0,"event_name":"Mushrooms","floor":14,"gold_loss":0,"cards_obtained":["Parasite"]},{"damage_healed":0,"gold_gain":0,"player_choice":"Opened","damage_taken":0,"relics_obtained":["Pantograph"],"max_hp_gain":0,"max_hp_loss":0,"event_name":"The Mausoleum","floor":20,"gold_loss":0}],"is_beta":false,"boss_relics":[{"not_picked":["Snecko Eye","Eternal Feather"],"picked":"Orrery"}],"items_purged_floors":[22],"is_endless":false,"potions_floor_spawned":[2,5,8,16,18],"killed_by":"Slavers","ascension_level":0}