{"gold_per_floor":[109,109,109,130,144,187,187,17,17,50,64,64,82,102,102,102],"floor_reached":16,"playtime":655,"items_purged":[],"score":146,"play_id":"6a00a007-1ce9-4e55-89ea-f42227c17979","local_time":"20190124165430","is_ascension_mode":true,"campfire_choices":[{"floor":7,"key":"REST"},{"floor":15,"key":"REST"}],"neow_cost":"NONE","seed_source_timestamp":577667956546323,"circlet_count":0,"master_deck":["Strike_B","Strike_B","Defend_B","Defend_B","Defend_B","Defend_B","Zap","Dualcast","Sweeping Beam","Hologram","Conserve Battery","Electrodynamics","Steam","Auto Shields","Steam","Defragment","Fusion"],"relics":["Cracked Core","NeowsBlessing","Golden Idol","Omamori","Vajra","Mummified Hand","Lantern"],"potions_floor_usage":[6,10],"damage_taken":[{"damage":0,"enemies":"Small Slimes","floor":1,"turns":1},{"damage":0,"enemies":"2 Louse","floor":4,"turns":1},{"damage":0,"enemies":"Cultist","floor":5,"turns":1},{"damage":53,"enemies":"3 Sentries","floor":6,"turns":9},{"damage":22,"enemies":"Gremlin Nob","floor":10,"turns":4},{"damage":0,"enemies":"2 Fungi Beasts","floor":11,"turns":2},{"damage":0,"enemies":"3 Louse","floor":13,"turns":2},{"damage":0,"enemies":"Red Slaver","floor":14,"turns":3},{"damage":26,"enemies":"Hexaghost","floor":16,"turns":12}],"seed_played":"7973354955942205054","potions_obtained":[{"floor":1,"key":"Strength Potion"},{"floor":4,"key":"Weak Potion"},{"floor":6,"key":"Explosive Potion"}],"is_trial":false,"path_per_floor":["M","?","?","M","M","E","R","$","T","E","M","?","M","M","R","B"],"character_chosen":"DEFECT","items_purchased":["Vajra","Steam"],"campfire_rested":2,"item_purchase_floors":[8,8],"current_hp_per_floor":[68,68,68,68,68,15,35,35,35,13,13,6,6,6,26,0],"gold":102,"neow_bonus":"THREE_ENEMY_KILL","is_prod":false,"is_daily":false,"chose_seed":false,"campfire_upgraded":0,"win_rate":0,"timestamp":1548366870,"path_taken":["M","?","?","M","?","E","R","$","T","E","M","?","M","M","R","BOSS"],"build_version":"2019-01-23","purchased_purges":0,"victory":false,"max_hp_per_floor":[75,69,69,69,69,69,69,69,69,69,69,69,69,69,69,69],"card_choices":[{"not_picked":["Compile Driver","Redo"],"picked":"Sweeping Beam","floor":1},{"not_picked":["Go for the Eyes","Streamline"],"picked":"Hologram","floor":4},{"not_picked":["Hologram","Barrage"],"picked":"Conserve Battery","floor":5},{"not_picked":["Capacitor","Storm"],"picked":"Electrodynamics","floor":6},{"not_picked":["Rebound","Blizzard"],"picked":"Auto Shields","floor":10},{"not_picked":["Reinforced Body","Double Energy"],"picked":"Steam","floor":11},{"not_picked":["Reprogram","Turbo"],"picked":"Defragment","floor":13},{"not_picked":["Coolheaded","Compile Driver"],"picked":"Fusion","floor":14}],"player_experience":421828,"relics_obtained":[{"floor":6,"key":"Omamori"},{"floor":9,"key":"Mummified Hand"},{"floor":10,"key":"Lantern"}],"event_choices":[{"damage_healed":0,"gold_gain":0,"player_choice":"Lose Max HP","damage_taken":0,"relics_obtained":["Golden Idol"],"max_hp_gain":0,"max_hp_loss":6,"event_name":"Golden Idol","floor":2,"gold_loss":0},{"cards_removed":["Strike_B"],"damage_healed":0,"gold_gain":0,"player_choice":"Purged","damage_taken":0,"max_hp_gain":0,"max_hp_loss":0,"event_name":"Purifier","floor":3,"gold_loss":0},{"cards_removed":["Strike_B"],"damage_healed":0,"gold_gain":0,"player_choice":"Card Removal","damage_taken":7,"max_hp_gain":0,"max_hp_loss":0,"event_name":"Golden Wing","floor":12,"gold_loss":0}],"is_beta":false,"boss_relics":[],"items_purged_floors":[],"is_endless":false,"potions_floor_spawned":[1,4,6],"killed_by":"Hexaghost","ascension_level":6}