{"gold_per_floor":[119,137,151,164,20,20,347,347,420,448,448,479,479,505,505,606,606,624,635,635,652,284,284,209,209,209,225,237,237,237,255,255,358,358,375,68,85,95,95,120,120,146,146,156,119,131,131,131,131,131],"floor_reached":51,"playtime":3053,"items_purged":["Strike_B","Defend_B"],"score":1068,"play_id":"3a269b56-a064-4f3c-be7f-79d39664cb44","local_time":"20190208135003","is_ascension_mode":true,"campfire_choices":[{"floor":6.0,"key":"REST"},{"floor":8.0,"key":"REST"},{"floor":11.0,"key":"REST"},{"floor":15.0,"key":"REST"},{"floor":23.0,"key":"REST"},{"data":"Fission","floor":25.0,"key":"SMITH"},{"floor":29.0,"key":"REST"},{"data":"Creative AI","floor":32.0,"key":"SMITH"},{"floor":41.0,"key":"REST"},{"floor":47.0,"key":"REST"},{"floor":49.0,"key":"REST"}],"neow_cost":"PERCENT_DAMAGE","seed_source_timestamp":0,"circlet_count":0,"master_deck":["Defend_B","Zap","Dualcast","Cold Snap","Leap","Static Discharge","Self Repair","Genetic Algorithm","White Noise","Fission+1","Leap","Creative AI+1","Reinforced Body","Turbo+1","Darkness","Leap","Storm","Amplify","Hologram+1","Conserve Battery+1","Ball Lightning+1","Capacitor","Dark Shackles","Panache","Blind"],"special_seed":0,"relics":["Cracked Core","Old Coin","Letter Opener","Orichalcum","Mango","Ice Cream","Lizard Tail","DataDisk","Kunai","Fusion Hammer","Turnip","Sundial","Art of War","Du-Vu Doll","Boot"],"potions_floor_usage":[50,50],"damage_taken":[{"damage":7.0,"enemies":"Jaw Worm","floor":1.0,"turns":2.0},{"damage":10.0,"enemies":"Small Slimes","floor":2.0,"turns":4.0},{"damage":4.0,"enemies":"Cultist","floor":3.0,"turns":3.0},{"damage":22.0,"enemies":"Lots of Slimes","floor":4.0,"turns":4.0},{"damage":17.0,"enemies":"3 Sentries","floor":7.0,"turns":9.0},{"damage":10.0,"enemies":"Lagavulin","floor":10.0,"turns":6.0},{"damage":17.0,"enemies":"Gremlin Nob","floor":12.0,"turns":5.0},{"damage":30.0,"enemies":"Lagavulin","floor":14.0,"turns":7.0},{"damage":22.0,"enemies":"Slime Boss","floor":16.0,"turns":14.0},{"damage":31.0,"enemies":"Shell Parasite","floor":18.0,"turns":8.0},{"damage":37.0,"enemies":"2 Thieves","floor":19.0,"turns":4.0},{"damage":15.0,"enemies":"Chosen and Byrds","floor":21.0,"turns":5.0},{"damage":17.0,"enemies":"Centurion and Healer","floor":27.0,"turns":7.0},{"damage":1.0,"enemies":"Snecko","floor":28.0,"turns":4.0},{"damage":24.0,"enemies":"Cultist and Chosen","floor":31.0,"turns":5.0},{"damage":45.0,"enemies":"Collector","floor":33.0,"turns":10.0},{"damage":13.0,"enemies":"3 Shapes","floor":35.0,"turns":4.0},{"damage":16.0,"enemies":"3 Darklings","floor":37.0,"turns":7.0},{"damage":2.0,"enemies":"Jaw Worm Horde","floor":38.0,"turns":4.0},{"damage":57.0,"enemies":"Reptomancer","floor":40.0,"turns":7.0},{"damage":42.0,"enemies":"Nemesis","floor":42.0,"turns":11.0},{"damage":39.0,"enemies":"Transient","floor":44.0,"turns":5.0},{"damage":0.0,"enemies":"Maw","floor":46.0,"turns":7.0},{"damage":86,"enemies":"Donu and Deca","floor":50,"turns":8}],"seed_played":"6618378119875439684","potions_obtained":[{"floor":3.0,"key":"Energy Potion"},{"floor":7.0,"key":"FocusPotion"},{"floor":14.0,"key":"FearPotion"},{"floor":16.0,"key":"Fruit Juice"},{"floor":18.0,"key":"Poison Potion"},{"floor":19.0,"key":"SpeedPotion"},{"floor":27.0,"key":"Explosive Potion"},{"floor":33.0,"key":"Weak Potion"},{"floor":37.0,"key":"Regen Potion"},{"floor":38.0,"key":"SteroidPotion"},{"floor":44.0,"key":"Ancient Potion"}],"is_trial":false,"path_per_floor":["M","M","M","M","$","R","E","R","T","E","R","E","?","E","R","B",null,"M","M","?","M","$","R","?","R","T","M","M","R","?","M","R","B",null,"M","$","M","M","T","E","R","E","T","M","$","M","R","?","R","B",null],"character_chosen":"DEFECT","items_purchased":["Self Repair","DataDisk","Darkness","Leap","Turnip","Capacitor"],"campfire_rested":9,"item_purchase_floors":[5,22,22,22,36,45],"current_hp_per_floor":[43,33,29,7,7,29,19,41,41,38,60,64,57,34,60,45,83,66,29,29,21,21,49,49,49,49,39,38,66,66,56,56,18,75,76,76,67,84,84,34,62,27,27,54,54,68,94,84,94,15],"gold":131,"neow_bonus":"REMOVE_TWO","is_prod":false,"is_daily":false,"chose_seed":false,"campfire_upgraded":2,"win_rate":0,"timestamp":1549601403,"path_taken":["M","M","M","M","$","R","E","R","T","E","R","E","?","E","R","BOSS","M","M","?","M","$","R","?","R","T","M","M","R","?","M","R","BOSS","M","$","M","M","?","E","R","E","T","?","$","M","R","?","R","BOSS"],"build_version":"2019-01-23","purchased_purges":2,"victory":true,"max_hp_per_floor":[75,75,75,75,75,75,75,75,75,75,75,89,89,89,89,89,94,94,94,94,94,94,94,94,94,94,94,94,94,94,94,94,94,94,94,94,94,94,94,94,94,94,94,94,94,94,94,94,94,94],"card_choices":[{"not_picked":["Turbo","Go for the Eyes"],"picked":"Cold Snap","floor":1.0},{"not_picked":["Double Energy","Barrage"],"picked":"Leap","floor":2.0},{"not_picked":["Undo","Scrape"],"picked":"Static Discharge","floor":3.0},{"not_picked":["Compile Driver","Skim"],"picked":"Barrage","floor":4.0},{"not_picked":["Turbo","BootSequence"],"picked":"Genetic Algorithm","floor":7.0},{"not_picked":["Heatsinks","Storm"],"picked":"White Noise","floor":10.0},{"not_picked":["Gash","Coolheaded"],"picked":"Fission","floor":12.0},{"not_picked":["Melter","Go for the Eyes"],"picked":"Leap","floor":14.0},{"not_picked":["Biased Cognition","Machine Learning"],"picked":"Creative AI","floor":16.0},{"not_picked":["Cold Snap","Leap"],"picked":"Reinforced Body","floor":18.0},{"not_picked":["Doom and Gloom+1","Streamline","Stack"],"picked":"SKIP","floor":19.0},{"not_picked":["Heatsinks","Beam Cell+1"],"picked":"Turbo+1","floor":21.0},{"not_picked":["Streamline","Chill+1"],"picked":"Storm","floor":27.0},{"not_picked":["Ball Lightning","Consume+1","BootSequence"],"picked":"SKIP","floor":28.0},{"not_picked":["Leap","Streamline+1","Chaos+1"],"picked":"SKIP","floor":31.0},{"not_picked":["Electrodynamics","Machine Learning"],"picked":"Amplify","floor":33.0},{"not_picked":["Chill+1","Redo+1"],"picked":"Hologram+1","floor":35.0},{"not_picked":["Gash+1","Steam Power"],"picked":"Conserve Battery+1","floor":37.0},{"not_picked":["Redo+1","Steam Power+1"],"picked":"Ball Lightning+1","floor":38.0},{"not_picked":["Cold Snap+1","Barrage+1","Melter"],"picked":"SKIP","floor":40.0},{"not_picked":["Redo","Conserve Battery","Cold Snap+1"],"picked":"SKIP","floor":42.0},{"not_picked":["Undo","Self Repair+1","Hyperbeam"],"picked":"SKIP","floor":44.0},{"not_picked":["Stack","Rebound+1","Heatsinks+1"],"picked":"SKIP","floor":46.0},{"not_picked":["Madness","Thinking Ahead"],"picked":"Dark Shackles","floor":48.0},{"not_picked":["Transmutation","Mayhem"],"picked":"Panache","floor":48.0},{"not_picked":["Dramatic Entrance","Jack Of All Trades"],"picked":"Blind","floor":48.0}],"player_experience":293405,"relics_obtained":[{"floor":7.0,"key":"Old Coin"},{"floor":9.0,"key":"Letter Opener"},{"floor":10.0,"key":"Orichalcum"},{"floor":12.0,"key":"Mango"},{"floor":14.0,"key":"Ice Cream"},{"floor":26.0,"key":"Kunai"},{"floor":39.0,"key":"Sundial"},{"floor":40.0,"key":"Art of War"},{"floor":42.0,"key":"Du-Vu Doll"},{"floor":43.0,"key":"Boot"}],"event_choices":[{"cards_removed":["Strike_B"],"damage_healed":0.0,"max_hp_gain":0.0,"max_hp_loss":0.0,"gold_gain":0.0,"event_name":"Golden Wing","player_choice":"Card Removal","floor":13.0,"gold_loss":0.0,"damage_taken":7.0},{"cards_removed":["Strike_B"],"damage_healed":0.0,"max_hp_gain":0.0,"max_hp_loss":0.0,"gold_gain":0.0,"event_name":"Back to Basics","player_choice":"Elegance","floor":20.0,"gold_loss":0.0,"damage_taken":0.0},{"cards_removed":["Barrage"],"damage_healed":0.0,"max_hp_gain":0.0,"max_hp_loss":0.0,"gold_gain":0.0,"event_name":"Beggar","player_choice":"Gave Gold","floor":24.0,"gold_loss":75.0,"damage_taken":0.0},{"cards_removed":["Defend_B"],"damage_healed":0.0,"max_hp_gain":0.0,"max_hp_loss":0.0,"gold_gain":0.0,"event_name":"Bonfire Elementals","player_choice":"Offered Basic","floor":30.0,"gold_loss":0.0,"damage_taken":0.0},{"damage_healed":0.0,"max_hp_gain":0.0,"max_hp_loss":0.0,"gold_gain":0.0,"event_name":"SensoryStone","player_choice":"Memory 3","floor":48.0,"gold_loss":0.0,"damage_taken":10.0}],"is_beta":false,"boss_relics":[{"not_picked":["Runic Dome","Empty Cage"],"picked":"Lizard Tail"},{"not_picked":["White Beast Statue","Pandora\u0027s Box"],"picked":"Fusion Hammer"}],"items_purged_floors":[5,22],"is_endless":false,"potions_floor_spawned":[3,7,14,16,18,19,27,33,37,38,44],"ascension_level":9}