{"gold_per_floor":[114,56,36,52,66,66,101,101,101,41,41,6,23,38,38,38],"floor_reached":16,"playtime":440,"items_purged":["Regret"],"score":200,"play_id":"fc6d392a-81e6-40b2-ae68-fb38f7a5d42a","local_time":"20190224222254","is_ascension_mode":true,"campfire_choices":[{"data":"Dagger Spray","floor":6,"key":"SMITH"},{"floor":15,"key":"REST"}],"neow_cost":"NONE","seed_source_timestamp":2830147547798701,"circlet_count":0,"master_deck":["AscendersBane","Defend_G","Defend_G","Defend_G","Defend_G","Defend_G","Strike_G","Strike_G","Strike_G","Strike_G","Strike_G","Survivor","Neutralize","Dagger Throw","Dagger Spray+1","Backflip","Blade Dance","Bouncing Flask"],"relics":["Ring of the Snake","NeowsBlessing","Snake Skull","The Courier","Frozen Egg 2","Ornamental Fan"],"potions_floor_usage":[7,7,16],"damage_taken":[{"damage":0,"enemies":"Small Slimes","floor":1,"turns":1},{"damage":0,"enemies":"Cultist","floor":4,"turns":1},{"damage":0,"enemies":"Jaw Worm","floor":5,"turns":1},{"damage":17,"enemies":"Lagavulin","floor":7,"turns":5},{"damage":18,"enemies":"Large Slime","floor":13,"turns":7},{"damage":3,"enemies":"2 Fungi Beasts","floor":14,"turns":3},{"damage":54,"enemies":"Slime Boss","floor":16,"turns":7}],"seed_played":"-1378407222695737570","potions_obtained":[{"floor":3,"key":"AttackPotion"},{"floor":5,"key":"SteroidPotion"},{"floor":7,"key":"Regen Potion"},{"floor":13,"key":"Energy Potion"}],"is_trial":false,"path_per_floor":["M","$","?","M","M","R","E","?","T","$","?","?","M","M","R","B"],"character_chosen":"THE_SILENT","items_purchased":["Dagger Spray"],"campfire_rested":1,"item_purchase_floors":[2],"current_hp_per_floor":[59,59,59,59,59,59,42,42,42,42,24,40,22,19,38,0],"gold":38,"neow_bonus":"THREE_ENEMY_KILL","is_prod":false,"is_daily":false,"chose_seed":false,"campfire_upgraded":1,"win_rate":0,"timestamp":1551068574,"path_taken":["M","$","?","M","?","R","E","?","T","$","?","?","M","M","R","BOSS"],"build_version":"2019-02-06","purchased_purges":1,"victory":false,"max_hp_per_floor":[66,66,66,66,66,66,66,66,66,66,66,66,66,66,66,66],"card_choices":[{"not_picked":["Acrobatics","Blade Dance"],"picked":"Dagger Throw","floor":1},{"not_picked":["Dodge and Roll","Calculated Gamble"],"picked":"Backflip","floor":4},{"not_picked":["Distraction","Outmaneuver"],"picked":"Blade Dance","floor":5},{"not_picked":["Calculated Gamble","Backflip"],"picked":"Bouncing Flask","floor":7},{"not_picked":["Concentrate","Flying Knee","Outmaneuver"],"picked":"SKIP","floor":13},{"not_picked":["Distraction","Riddle With Holes","Masterful Stab"],"picked":"SKIP","floor":14}],"player_experience":843160,"relics_obtained":[{"floor":7,"key":"Snake Skull"},{"floor":9,"key":"Frozen Egg 2"}],"event_choices":[{"damage_healed":0,"gold_gain":0,"player_choice":"Bought 1 Potion","damage_taken":0,"max_hp_gain":0,"max_hp_loss":0,"event_name":"The Woman in Blue","floor":3,"gold_loss":0},{"damage_healed":0,"gold_gain":0,"player_choice":"Box","damage_taken":0,"relics_obtained":["The Courier"],"max_hp_gain":0,"max_hp_loss":0,"event_name":"Big Fish","floor":8,"gold_loss":0,"cards_obtained":["Regret"]},{"damage_healed":0,"gold_gain":0,"player_choice":"Success","damage_taken":18,"relics_obtained":["Ornamental Fan"],"max_hp_gain":0,"max_hp_loss":0,"event_name":"Scrap Ooze","floor":11,"gold_loss":0},{"damage_healed":16,"gold_gain":0,"player_choice":"Healed","damage_taken":0,"max_hp_gain":0,"max_hp_loss":0,"event_name":"The Cleric","floor":12,"gold_loss":35}],"is_beta":true,"boss_relics":[],"items_purged_floors":[10],"is_endless":false,"potions_floor_spawned":[5,7,13],"killed_by":"Slime Boss","ascension_level":20}