{"gold_per_floor":[109,127,144,31,43,73,73,73,373,389,407,407,419,453,453,553,553,572,572,588,608,625,625,150,150],"floor_reached":25,"playtime":1343,"items_purged":["Strike_B","Gash"],"score":293,"play_id":"2516817e-cd2c-49c0-9ecd-270fc28aeb7c","local_time":"20190205200749","is_ascension_mode":true,"campfire_choices":[{"floor":7,"key":"REST"},{"data":"Defragment","floor":12,"key":"SMITH"},{"floor":15,"key":"REST"},{"floor":23,"key":"REST"}],"neow_cost":"NONE","seed_source_timestamp":20192636978128,"circlet_count":0,"master_deck":["Strike_B","Strike_B","Strike_B","Defend_B","Defend_B","Defend_B","Defend_B","Zap","Dualcast","Double Energy","Coolheaded","Genetic Algorithm","Defragment+1","Cold Snap","Decay","Rainbow","Skim","Capacitor","Beam Cell","Consume","Electrodynamics","Glacier","Capacitor","Turbo","Leap","Loop","White Noise","Apotheosis","Darkness","Buffer"],"relics":["Cracked Core","Orichalcum","Thread and Needle","Old Coin","Shovel","Orrery"],"potions_floor_usage":[4,6,14,14,20,22],"damage_taken":[{"damage":2,"enemies":"2 Louse","floor":1,"turns":2},{"damage":1,"enemies":"Cultist","floor":2,"turns":4},{"damage":0,"enemies":"Small Slimes","floor":3,"turns":3},{"damage":7,"enemies":"Blue Slaver","floor":5,"turns":3},{"damage":44,"enemies":"Gremlin Nob","floor":6,"turns":6},{"damage":2,"enemies":"Exordium Wildlife","floor":10,"turns":4},{"damage":0,"enemies":"Large Slime","floor":11,"turns":7},{"damage":0,"enemies":"3 Louse","floor":13,"turns":3},{"damage":7,"enemies":"Lagavulin","floor":14,"turns":6},{"damage":19,"enemies":"Hexaghost","floor":16,"turns":12},{"damage":11,"enemies":"Spheric Guardian","floor":18,"turns":6},{"damage":13,"enemies":"3 Byrds","floor":20,"turns":5},{"damage":11,"enemies":"Centurion and Healer","floor":21,"turns":11},{"damage":25,"enemies":"Snake Plant","floor":22,"turns":6},{"damage":39,"enemies":"3 Cultists","floor":25,"turns":4}],"seed_played":"-2052511240697692817","potions_obtained":[{"floor":1,"key":"Strength Potion"},{"floor":3,"key":"Fruit Juice"},{"floor":6,"key":"Weak Potion"},{"floor":11,"key":"FearPotion"},{"floor":13,"key":"Energy Potion"},{"floor":16,"key":"EssenceOfSteel"},{"floor":18,"key":"Strength Potion"}],"is_trial":false,"path_per_floor":["M","M","M","$","M","E","R","?","T","M","M","R","M","E","R","B",null,"M","?","M","M","M","R","$","M"],"character_chosen":"DEFECT","items_purchased":["Defragment","Apotheosis","Darkness","Buffer"],"campfire_rested":3,"item_purchase_floors":[4,24,24,24],"current_hp_per_floor":[66,65,65,70,63,19,43,43,43,41,41,41,41,34,58,39,70,59,59,46,35,10,34,34,0],"gold":150,"neow_bonus":"RANDOM_COMMON_RELIC","is_prod":false,"is_daily":false,"chose_seed":false,"campfire_upgraded":1,"win_rate":0,"timestamp":1549364869,"path_taken":["M","M","M","$","M","E","R","?","T","M","M","R","?","E","R","BOSS","M","?","M","M","M","R","$","M"],"build_version":"2019-01-23","purchased_purges":2,"victory":false,"max_hp_per_floor":[75,75,75,80,80,80,80,80,80,80,80,80,80,80,80,80,80,80,80,80,80,80,80,80,80],"card_choices":[{"not_picked":["Tempest","Blizzard"],"picked":"Double Energy","floor":1},{"not_picked":["Hologram","Scrape"],"picked":"Coolheaded","floor":2},{"not_picked":["Skim","Compile Driver"],"picked":"Genetic Algorithm","floor":3},{"not_picked":["Sunder","Beam Cell"],"picked":"Gash","floor":5},{"not_picked":["Static Discharge","Sweeping Beam"],"picked":"Scrape","floor":6},{"not_picked":["Aggregate","Rip and Tear"],"picked":"Skim","floor":10},{"not_picked":["FTL","Rebound"],"picked":"Capacitor","floor":11},{"not_picked":["Hologram","Chaos"],"picked":"Beam Cell","floor":13},{"not_picked":["Force Field","Stack"],"picked":"Consume","floor":14},{"not_picked":["All For One","Reboot"],"picked":"Electrodynamics","floor":16},{"not_picked":["Conserve Battery","Chill"],"picked":"Glacier","floor":17},{"not_picked":["Stack","Barrage"],"picked":"Capacitor","floor":17},{"not_picked":["Aggregate","Leap"],"picked":"Turbo","floor":17},{"not_picked":["Rebound","FTL"],"picked":"Leap","floor":17},{"not_picked":["Compile Driver","Go for the Eyes+1","Skim"],"picked":"SKIP","floor":18},{"not_picked":["Amplify","Rebound"],"picked":"White Noise","floor":20},{"not_picked":["Sweeping Beam","Coolheaded+1","Force Field"],"picked":"SKIP","floor":21},{"not_picked":["Sweeping Beam","Scrape","Go for the Eyes"],"picked":"SKIP","floor":22}],"player_experience":262682,"relics_obtained":[{"floor":6,"key":"Thread and Needle"},{"floor":9,"key":"Old Coin"},{"floor":14,"key":"Shovel"}],"event_choices":[{"damage_healed":0,"gold_gain":0,"player_choice":"3 cards matched","damage_taken":0,"max_hp_gain":0,"max_hp_loss":0,"event_name":"Match and Keep!","floor":8,"gold_loss":0,"cards_obtained":["Cold Snap","Decay","Rainbow"]},{"damage_healed":0,"gold_gain":0,"cards_transformed":["Scrape"],"player_choice":"Transformed","damage_taken":0,"max_hp_gain":0,"max_hp_loss":0,"event_name":"Transmorgrifier","floor":19,"gold_loss":0,"cards_obtained":["Loop"]}],"is_beta":false,"boss_relics":[{"not_picked":["Calling Bell","Astrolabe"],"picked":"Orrery"}],"items_purged_floors":[4,24],"is_endless":false,"potions_floor_spawned":[1,3,6,11,13,16,18],"killed_by":"3 Cultists","ascension_level":7}