{"path_per_floor":["M","M","M","M","M","?","E","R","T","$","E","M","R","M","R","B",null,"M","$","?","?","M","E","M","M","T","T"],"character_chosen":"THE_SILENT","items_purchased":["Escape Plan","Matryoshka"],"gold_per_floor":[117,133,151,162,175,125,150,150,219,109,140,159,159,178,178,282,312,322,63,63,243,255,283,295,313,343,343,343],"floor_reached":28,"campfire_rested":0,"playtime":2649,"current_hp_per_floor":[70,70,70,70,69,69,63,63,63,63,63,58,58,58,58,34,75,75,75,75,51,49,48,22,8,8,8,0],"items_purged":["Outmaneuver"],"gold":343,"score":277,"play_id":"2bf5128e-e611-49b9-87fb-0d7927fb1f27","local_time":"20180420085058","is_prod":false,"is_daily":false,"chose_seed":false,"is_ascension_mode":false,"campfire_upgraded":3,"timestamp":1524239458,"path_taken":["M","M","M","M","M","?","E","R","T","$","E","?","R","M","R","BOSS","M","$","?","?","M","E","?","M","T","?","M"],"build_version":"2018-04-19","seed_source_timestamp":808190974087645,"purchased_purges":1,"victory":false,"master_deck":["Survivor+1","Neutralize+1","Flying Knee","Well Laid Plans","Backflip","Sucker Punch","Prepared","Outmaneuver","Terror+1","Dagger Throw","Dash","Backstab","Accuracy","Dagger Spray","Escape Plan","Cloak And Dagger+1","Adrenaline","Infinite Blades","PiercingWail","A Thousand Cuts"],"max_hp_per_floor":[70,70,70,70,70,70,70,70,70,70,70,70,70,70,70,70,75,75,75,75,75,75,82,82,82,82,82,82],"relics":["Pandora\u0027s Box","Bottled Tornado","Letter Opener","Gambling Chip","Tiny House","Matryoshka","Strawberry","Toxic Egg 2","Tiny Chest","Snake Skull","Centennial Puzzle"],"card_choices":[{"not_picked":["Calculated Gamble","Escape Plan"],"picked":"Dagger Throw","floor":1},{"not_picked":["Predator","Finisher"],"picked":"Dash","floor":2},{"not_picked":["Quick Slash","Deadly Poison"],"picked":"Backstab","floor":3},{"not_picked":["Prepared","Acrobatics"],"picked":"Accuracy","floor":4},{"not_picked":["Dagger Throw","Wraith Form v2"],"picked":"Dagger Spray","floor":7},{"not_picked":["PiercingWail","Choke"],"picked":"Cloak And Dagger","floor":14},{"not_picked":["Wraith Form v2","Corpse Explosion"],"picked":"Adrenaline","floor":16},{"not_picked":["Deflect","Flying Knee"],"picked":"Infinite Blades","floor":23},{"not_picked":["Deadly Poison","Dodge and Roll"],"picked":"PiercingWail","floor":24},{"not_picked":["Backflip","Accuracy"],"picked":"A Thousand Cuts","floor":25}],"player_experience":80970,"potions_floor_usage":[14,23,23,25,28],"damage_taken":[{"damage":0,"enemies":"Jaw Worm","floor":1,"turns":4},{"damage":0,"enemies":"2 Louse","floor":2,"turns":3},{"damage":0,"enemies":"Cultist","floor":3,"turns":2},{"damage":0,"enemies":"3 Louse","floor":4,"turns":2},{"damage":1,"enemies":"2 Fungi Beasts","floor":5,"turns":4},{"damage":6,"enemies":"3 Sentries","floor":7,"turns":9},{"damage":0,"enemies":"Lagavulin","floor":11,"turns":5},{"damage":5,"enemies":"Large Slime","floor":12,"turns":5},{"damage":0,"enemies":"Red Slaver","floor":14,"turns":2},{"damage":24,"enemies":"The Guardian","floor":16,"turns":8},{"damage":0,"enemies":"Chosen","floor":18,"turns":3},{"damage":2,"enemies":"Shell Parasite","floor":22,"turns":2},{"damage":8,"enemies":"Slavers","floor":23,"turns":4},{"damage":26,"enemies":"Sentry and Sphere","floor":24,"turns":6},{"damage":14,"enemies":"Centurion and Healer","floor":25,"turns":5},{"damage":10,"enemies":"Snake Plant","floor":28,"turns":1}],"event_choices":[{"event_name":"The Cleric","player_choice":"Card Removal","floor":6,"damage_taken":0},{"event_name":"Back to Basics","player_choice":"Elegance","floor":20,"damage_taken":0},{"event_name":"Knowing Skull","player_choice":"GOLD GOLD ","floor":21,"damage_taken":0}],"boss_relics":[{"not_picked":["Sozu","Eternal Feather"],"picked":"Tiny House"}],"potions_floor_spawned":[1,2,7,11,22,23],"seed_played":"1360124857534130768","killed_by":"Snake Plant","ascension_level":0,"is_trial":false}