{"gold_per_floor":[18,18,18,32,32,32,63,76,76,108,128,128,159,175,175,275,275,287,43,58,70,70,70,82,109,166,166,184,184,284,300,300,405,405,418,263,263,278,25,56,73,89,89,89,89,89,118,133,133,133],"floor_reached":51,"playtime":2663,"items_purged":["Defend_B","Defend_B","Defend_B"],"score":1058,"play_id":"cc5a7c75-cb16-49e3-a26c-025efd452464","local_time":"20190125100953","is_ascension_mode":true,"campfire_choices":[{"data":"Zap","floor":6,"key":"SMITH"},{"data":"Conserve Battery","floor":12,"key":"SMITH"},{"floor":15,"key":"REST"},{"floor":23,"key":"REST"},{"data":"Loop","floor":27,"key":"SMITH"},{"floor":29,"key":"REST"},{"data":"Steam","floor":32,"key":"SMITH"},{"floor":44,"key":"REST"},{"floor":46,"key":"REST"},{"floor":49,"key":"REST"}],"neow_cost":"NO_GOLD","seed_source_timestamp":637755693094130,"circlet_count":0,"master_deck":["Zap+1","Dualcast+1","Ball Lightning","Cold Snap","Machine Learning","Loop+1","Sunder","Conserve Battery+1","Biased Cognition","Hologram","Biased Cognition","Electrodynamics+1","Rainbow+1","Reprogram+1","Scrape+1","Fusion+1","Force Field","Steam+1","Steam+1","Echo Form","Streamline+1","Defragment","Impatience","Force Field","Dramatic Entrance","Consume+1","Steam+1","Rebound","Echo Form","Buffer"],"relics":["Cracked Core","Gambling Chip","Ornamental Fan","Lantern","Anchor","Astrolabe","Membership Card","Bronze Scales","Tiny Chest","Velvet Choker","Strawberry","Bottled Tornado","Matryoshka","Oddly Smooth Stone","Pantograph","Cables"],"potions_floor_usage":[14,16,16,24,25,33,33,41,47,50,50],"damage_taken":[{"damage":1,"enemies":"Cultist","floor":1,"turns":3},{"damage":1,"enemies":"2 Louse","floor":4,"turns":2},{"damage":16,"enemies":"Gremlin Nob","floor":7,"turns":4},{"damage":8,"enemies":"Small Slimes","floor":8,"turns":3},{"damage":15,"enemies":"Lagavulin","floor":10,"turns":7},{"damage":0,"enemies":"3 Louse","floor":11,"turns":2},{"damage":24,"enemies":"Gremlin Nob","floor":13,"turns":4},{"damage":0,"enemies":"Red Slaver","floor":14,"turns":4},{"damage":0,"enemies":"The Guardian","floor":16,"turns":9},{"damage":0,"enemies":"Shell Parasite","floor":18,"turns":4},{"damage":0,"enemies":"2 Thieves","floor":20,"turns":2},{"damage":24,"enemies":"Centurion and Healer","floor":21,"turns":3},{"damage":10,"enemies":"Shelled Parasite and Fungi","floor":24,"turns":2},{"damage":18,"enemies":"Slavers","floor":25,"turns":2},{"damage":23,"enemies":"Snake Plant","floor":28,"turns":3},{"damage":0,"enemies":"Snecko","floor":31,"turns":3},{"damage":31,"enemies":"Automaton","floor":33,"turns":7},{"damage":0,"enemies":"Orb Walker","floor":35,"turns":3},{"damage":0,"enemies":"3 Shapes","floor":38,"turns":2},{"damage":47,"enemies":"Nemesis","floor":40,"turns":7},{"damage":0,"enemies":"Sphere and 2 Shapes","floor":41,"turns":4},{"damage":8,"enemies":"Spire Growth","floor":42,"turns":5},{"damage":32,"enemies":"Reptomancer","floor":47,"turns":4},{"damage":4,"enemies":"Transient","floor":48,"turns":5},{"damage":30,"enemies":"Donu and Deca","floor":50,"turns":4}],"seed_played":"4615031280122544422","potions_obtained":[{"floor":4,"key":"Explosive Potion"},{"floor":11,"key":"LiquidBronze"},{"floor":13,"key":"Regen Potion"},{"floor":14,"key":"Weak Potion"},{"floor":16,"key":"AttackPotion"},{"floor":18,"key":"Swift Potion"},{"floor":20,"key":"Regen Potion"},{"floor":25,"key":"LiquidBronze"},{"floor":35,"key":"SkillPotion"},{"floor":38,"key":"FairyPotion"},{"floor":42,"key":"PowerPotion"},{"floor":48,"key":"SkillPotion"}],"is_trial":false,"path_per_floor":["M","?","$","M","$","R","E","M","T","E","M","R","E","M","R","B",null,"M","$","M","M","?","R","M","E","T","R","M","R","?","M","R","B",null,"M","$","T","M","$","E","M","M","T","R","?","R","E","M","R","B",null],"character_chosen":"DEFECT","items_purchased":["Membership Card","Defragment","Impatience","PowerPotion","Bottled Tornado","Force Field","Dramatic Entrance"],"campfire_rested":6,"item_purchase_floors":[19,36,36,36,39,39,39],"current_hp_per_floor":[67,67,67,66,66,66,50,42,42,27,27,27,3,15,37,37,66,66,66,66,42,42,64,54,36,36,36,13,35,35,35,35,19,61,61,61,68,68,68,21,21,13,13,37,37,61,29,25,49,44],"gold":133,"neow_bonus":"REMOVE_TWO","is_prod":false,"is_daily":false,"chose_seed":false,"campfire_upgraded":4,"win_rate":0,"timestamp":1548428993,"path_taken":["M","?","?","?","?","R","E","?","T","E","M","R","E","M","R","BOSS","M","$","M","M","?","R","M","E","T","R","M","R","?","M","R","BOSS","M","$","?","M","$","E","M","M","T","R","?","R","E","M","R","BOSS"],"build_version":"2019-01-23","purchased_purges":3,"victory":true,"max_hp_per_floor":[75,75,75,75,75,75,75,75,75,75,75,75,75,75,75,75,75,75,75,75,75,75,75,75,75,75,75,75,75,75,75,75,75,75,75,75,82,82,82,82,82,82,82,82,82,82,82,82,82,82],"card_choices":[{"not_picked":["Go for the Eyes","Double Energy"],"picked":"Ball Lightning","floor":1},{"not_picked":["Reinforced Body","Streamline"],"picked":"Cold Snap","floor":4},{"not_picked":["Ball Lightning","Storm"],"picked":"Machine Learning","floor":7},{"not_picked":["White Noise","Steam"],"picked":"Loop","floor":8},{"not_picked":["Aggregate","Coolheaded"],"picked":"Sunder","floor":10},{"not_picked":["Leap","Sweeping Beam"],"picked":"Conserve Battery","floor":11},{"not_picked":["Static Discharge","Hologram"],"picked":"Biased Cognition","floor":13},{"not_picked":["White Noise","Go for the Eyes"],"picked":"Hologram","floor":14},{"not_picked":["All For One","Machine Learning"],"picked":"Biased Cognition","floor":16},{"not_picked":["Turbo","Steam Power"],"picked":"Scrape+1","floor":18},{"not_picked":["Gash","Barrage"],"picked":"Fusion+1","floor":20},{"not_picked":["Streamline","Compile Driver"],"picked":"Force Field","floor":21},{"not_picked":["Ball Lightning","Fusion","Rip and Tear"],"picked":"SKIP","floor":24},{"not_picked":["Doom and Gloom","Rainbow","Sweeping Beam"],"picked":"SKIP","floor":25},{"not_picked":["Fusion","Rip and Tear+1"],"picked":"Steam","floor":28},{"not_picked":["Coolheaded","Tempest"],"picked":"Steam+1","floor":31},{"not_picked":["Creative AI","Seek"],"picked":"Echo Form","floor":33},{"not_picked":["Heatsinks","Leap"],"picked":"Streamline+1","floor":35},{"not_picked":["Aggregate+1","Static Discharge","Ball Lightning"],"picked":"SKIP","floor":38},{"not_picked":["Aggregate","Gash+1"],"picked":"Consume+1","floor":40},{"not_picked":["Cold Snap","Stack","Steam"],"picked":"SKIP","floor":41},{"not_picked":["Compile Driver","Beam Cell+1"],"picked":"Steam+1","floor":42},{"not_picked":["Reprogram+1","Barrage"],"picked":"Buffer","floor":47},{"not_picked":["Barrage+1","Sweeping Beam+1","Aggregate+1"],"picked":"SKIP","floor":48}],"player_experience":431292,"relics_obtained":[{"floor":7,"key":"Gambling Chip"},{"floor":9,"key":"Ornamental Fan"},{"floor":10,"key":"Lantern"},{"floor":13,"key":"Anchor"},{"floor":25,"key":"Bronze Scales"},{"floor":26,"key":"Tiny Chest"},{"floor":37,"key":"Strawberry"},{"floor":40,"key":"Matryoshka"},{"floor":43,"key":"Oddly Smooth Stone"},{"floor":43,"key":"Pantograph"},{"floor":47,"key":"Cables"}],"event_choices":[{"damage_healed":0,"gold_gain":0,"player_choice":"Forge","damage_taken":0,"max_hp_gain":0,"max_hp_loss":0,"event_name":"Accursed Blacksmith","floor":2,"gold_loss":0,"cards_upgraded":["Dualcast"]},{"damage_healed":0,"gold_gain":0,"player_choice":"Ignored","damage_taken":0,"max_hp_gain":0,"max_hp_loss":0,"event_name":"Vampires","floor":22,"gold_loss":0},{"damage_healed":0,"gold_gain":100,"player_choice":"Pray","damage_taken":0,"max_hp_gain":0,"max_hp_loss":0,"event_name":"Golden Shrine","floor":30,"gold_loss":0},{"damage_healed":0,"gold_gain":0,"player_choice":"2 cards matched","damage_taken":0,"max_hp_gain":0,"max_hp_loss":0,"event_name":"Match and Keep!","floor":45,"gold_loss":0,"cards_obtained":["Rebound","Echo Form"]}],"is_beta":false,"boss_relics":[{"not_picked":["Runic Pyramid","Empty Cage"],"picked":"Astrolabe"},{"not_picked":["Calling Bell","Tiny House"],"picked":"Velvet Choker"}],"items_purged_floors":[19,36,39],"is_endless":false,"potions_floor_spawned":[4,11,13,14,16,18,20,25,35,38,42,48],"ascension_level":7}