{"gold_per_floor":[17,37,50,0,0,25,25,35,35,35,47,74,94,110,110,207,207,225,225,64,74,74,74,105,105,105,5,5,5,15,15,15,113,113,126,140,140,185,196,196,209,209,235,281,293,338,350,388,400,412],"floor_reached":50,"playtime":2732,"items_purged":["Strike_B","Strike_B"],"score":1017,"play_id":"1f0f3f3c-4e6a-4221-a6bc-9e7ee9c2f04b","local_time":"20190128105156","is_ascension_mode":true,"campfire_choices":[{"floor":7,"key":"REST"},{"floor":10,"key":"REST"},{"floor":15,"key":"REST"},{"floor":23,"key":"REST"},{"floor":25,"key":"REST"},{"floor":28,"key":"REST"},{"floor":32,"key":"REST"},{"floor":40,"key":"REST"},{"floor":42,"key":"REST"},{"floor":45,"key":"RECALL"},{"floor":49,"key":"REST"}],"neow_cost":"NO_GOLD","seed_source_timestamp":899476513877161,"circlet_count":0,"master_deck":["AscendersBane","Defend_B","Defend_B","Defend_B","Defend_B","Zap","Dualcast","Steam","Coolheaded","All For One","Impatience","FTL","Conserve Battery","Gash","BootSequence","Gash","Go for the Eyes","Machine Learning","J.A.X.","Panacea+1","Chill+1","Gash","RitualDagger","Seek","Buffer","BootSequence+1","Beam Cell+1","Steam Power+1","Redo+1","Defragment","Gash+1","Scrape","Fission","Reboot","Chill+1"],"relics":["Cracked Core","Shovel","Pear","Mango","Fusion Hammer","FossilizedHelix","War Paint","Ginger","Inserter","Potion Belt","Prayer Wheel","MawBank","Turnip","Torii","The Courier"],"potions_floor_usage":[12,21,33,46,46],"damage_taken":[{"damage":2,"enemies":"Small Slimes","floor":1,"turns":3},{"damage":1,"enemies":"Cultist","floor":2,"turns":4},{"damage":0,"enemies":"Jaw Worm","floor":3,"turns":5},{"damage":56,"enemies":"Lagavulin","floor":6,"turns":11},{"damage":31,"enemies":"Exordium Wildlife","floor":8,"turns":6},{"damage":11,"enemies":"Looter","floor":11,"turns":3},{"damage":23,"enemies":"Gremlin Nob","floor":12,"turns":4},{"damage":4,"enemies":"Red Slaver","floor":13,"turns":4},{"damage":0,"enemies":"Exordium Wildlife","floor":14,"turns":4},{"damage":14,"enemies":"Slime Boss","floor":16,"turns":8},{"damage":6,"enemies":"Spheric Guardian","floor":18,"turns":4},{"damage":31,"enemies":"3 Byrds","floor":21,"turns":5},{"damage":85,"enemies":"Slavers","floor":24,"turns":11},{"damage":15,"enemies":"Snake Plant","floor":30,"turns":6},{"damage":60,"enemies":"Automaton","floor":33,"turns":10},{"damage":0,"enemies":"3 Shapes","floor":35,"turns":7},{"damage":9,"enemies":"Orb Walker","floor":36,"turns":3},{"damage":25,"enemies":"2 Orb Walkers","floor":38,"turns":5},{"damage":14,"enemies":"Maw","floor":39,"turns":8},{"damage":27,"enemies":"Spire Growth","floor":41,"turns":5},{"damage":3,"enemies":"Giant Head","floor":44,"turns":6},{"damage":21,"enemies":"Nemesis","floor":46,"turns":7},{"damage":13,"enemies":"Reptomancer","floor":48,"turns":5},{"damage":52,"enemies":"Time Eater","floor":50,"turns":6}],"seed_played":"-6270147690855146874","potions_obtained":[{"floor":3,"key":"Poison Potion"},{"floor":11,"key":"EssenceOfSteel"},{"floor":13,"key":"Energy Potion"},{"floor":14,"key":"Explosive Potion"},{"floor":16,"key":"FairyPotion"},{"floor":30,"key":"Block Potion"},{"floor":36,"key":"Fire Potion"},{"floor":41,"key":"Dexterity Potion"},{"floor":44,"key":"SteroidPotion"},{"floor":48,"key":"FocusPotion"}],"is_trial":false,"path_per_floor":["M","M","M","?","?","E","R","M","T","R","M","E","M","M","R","B",null,"M","?","$","M","T","R","E","R","T","$","R","?","M","$","R","B",null,"M","M","T","?","M","R","M","R","T","E","R","E","?","E","R","B"],"character_chosen":"DEFECT","items_purchased":["Panacea"],"campfire_rested":10,"item_purchase_floors":[20],"current_hp_per_floor":[66,65,65,65,65,19,44,13,13,38,27,18,14,14,43,29,82,76,76,76,45,45,74,3,32,32,32,61,55,40,40,69,9,77,77,68,68,43,29,58,31,60,60,57,57,36,36,23,52,0],"gold":412,"neow_bonus":"ONE_RARE_RELIC","is_prod":false,"is_daily":false,"chose_seed":false,"campfire_upgraded":0,"win_rate":0,"timestamp":1548690716,"path_taken":["M","M","M","?","?","E","R","M","T","R","?","E","M","M","R","BOSS","M","?","$","M","?","R","E","R","T","?","R","?","M","?","R","BOSS","M","M","?","?","?","R","M","R","T","E","R","E","?","E","R","BOSS"],"build_version":"2019-01-23","purchased_purges":2,"victory":false,"max_hp_per_floor":[75,75,75,75,75,85,85,85,85,85,85,99,99,99,99,99,99,99,99,99,99,99,99,99,99,99,99,99,99,99,99,99,99,99,99,99,99,99,99,99,99,99,99,99,99,99,99,99,99,99],"card_choices":[{"not_picked":["Hologram","Redo"],"picked":"Steam","floor":1},{"not_picked":["Streamline","Leap"],"picked":"Coolheaded","floor":2},{"not_picked":["Coolheaded","Stack"],"picked":"All For One","floor":3},{"not_picked":["Rebound","Darkness"],"picked":"FTL","floor":6},{"not_picked":["Streamline","Rebound"],"picked":"Conserve Battery","floor":8},{"not_picked":["Beam Cell","Darkness"],"picked":"Gash","floor":11},{"not_picked":["Tempest","Hello World"],"picked":"BootSequence","floor":12},{"not_picked":["Double Energy","Heatsinks"],"picked":"Gash","floor":13},{"not_picked":["Blizzard","Darkness"],"picked":"Go for the Eyes","floor":14},{"not_picked":["Seek","Reboot"],"picked":"Machine Learning","floor":16},{"not_picked":["Barrage+1","Doom and Gloom","Coolheaded"],"picked":"SKIP","floor":18},{"not_picked":["Cold Snap","Leap+1"],"picked":"Chill","floor":21},{"not_picked":["Melter","Sweeping Beam+1"],"picked":"Gash","floor":24},{"not_picked":["Stack","Leap"],"picked":"Seek","floor":30},{"not_picked":["Rainbow","Multi-Cast"],"picked":"Buffer","floor":33},{"not_picked":["Cold Snap+1","Coolheaded"],"picked":"BootSequence+1","floor":35},{"not_picked":["Consume+1","Compile Driver"],"picked":"Beam Cell+1","floor":36},{"not_picked":["Conserve Battery","Rip and Tear"],"picked":"Steam Power+1","floor":38},{"not_picked":["Amplify","Recycle"],"picked":"Redo+1","floor":39},{"not_picked":["Go for the Eyes+1","Turbo","Stack"],"picked":"SKIP","floor":39},{"not_picked":["Beam Cell+1","Stack+1"],"picked":"Defragment","floor":41},{"not_picked":["Turbo","Heatsinks+1"],"picked":"Gash+1","floor":41},{"not_picked":["Redo+1","Double Energy"],"picked":"Scrape","floor":44},{"not_picked":["Defragment+1","Gash"],"picked":"Fission","floor":46},{"not_picked":["Double Energy","White Noise+1"],"picked":"Chill+1","floor":48}],"player_experience":518240,"relics_obtained":[{"floor":6,"key":"Pear"},{"floor":12,"key":"Mango"},{"floor":22,"key":"FossilizedHelix"},{"floor":24,"key":"War Paint"},{"floor":26,"key":"Ginger"},{"floor":37,"key":"Potion Belt"},{"floor":38,"key":"Prayer Wheel"},{"floor":43,"key":"MawBank"},{"floor":44,"key":"Turnip"},{"floor":46,"key":"Torii"},{"floor":48,"key":"The Courier"}],"event_choices":[{"cards_removed":["Strike_B"],"damage_healed":0,"gold_gain":0,"player_choice":"Card Removal","damage_taken":0,"max_hp_gain":0,"max_hp_loss":0,"event_name":"The Cleric","floor":4,"gold_loss":50},{"damage_healed":0,"gold_gain":0,"player_choice":"1 cards matched","damage_taken":0,"max_hp_gain":0,"max_hp_loss":0,"event_name":"Match and Keep!","floor":5,"gold_loss":0,"cards_obtained":["Impatience"]},{"damage_healed":0,"gold_gain":0,"player_choice":"Obtain J.A.X.","damage_taken":0,"max_hp_gain":0,"max_hp_loss":0,"event_name":"Drug Dealer","floor":19,"gold_loss":0,"cards_obtained":["J.A.X."]},{"damage_healed":0,"gold_gain":0,"player_choice":"Joined the Cult","damage_taken":6,"max_hp_gain":0,"max_hp_loss":0,"event_name":"Nest","floor":29,"gold_loss":0,"cards_obtained":["RitualDagger"]},{"damage_healed":0,"gold_gain":0,"player_choice":"Fight","damage_taken":0,"max_hp_gain":0,"max_hp_loss":0,"event_name":"Mysterious Sphere","floor":38,"gold_loss":0},{"damage_healed":0,"gold_gain":0,"cards_transformed":["Strike_B"],"player_choice":"Transformed","damage_taken":0,"max_hp_gain":0,"max_hp_loss":0,"event_name":"Transmorgrifier","floor":47,"gold_loss":0,"cards_obtained":["Reboot"]}],"is_beta":false,"boss_relics":[{"not_picked":["Runic Pyramid","Black Star"],"picked":"Fusion Hammer"},{"not_picked":["Astrolabe","Snecko Eye"],"picked":"Inserter"}],"items_purged_floors":[20,27],"is_endless":false,"potions_floor_spawned":[3,11,13,14,16,18,30,36,41,44,48],"killed_by":"Time Eater","ascension_level":11}