{"gold_per_floor":[110,60,60,60,74,74,103,103,103,103,120,120,120,139,139,238,238,248,248,273,273,273,273,273,198,198,209,224,234,234,244,244,343,343,358,358,79,79,79],"floor_reached":39,"playtime":1111,"items_purged":["Strike_R"],"score":445,"play_id":"cd4c73c7-48e4-4685-9f02-ae9f08d66ce2","local_time":"20190224151456","is_ascension_mode":false,"campfire_choices":[{"data":"Searing Blow","floor":6,"key":"SMITH"},{"data":"Searing Blow+1","floor":10,"key":"SMITH"},{"data":"Uppercut","floor":13,"key":"SMITH"},{"data":"Bash","floor":15,"key":"SMITH"},{"data":"Armaments","floor":23,"key":"SMITH"},{"data":"Searing Blow+3","floor":30,"key":"SMITH"},{"data":"Searing Blow+4","floor":32,"key":"SMITH"}],"neow_cost":"NONE","seed_source_timestamp":447729374229473,"circlet_count":0,"master_deck":["Strike_R+1","Defend_R+1","Defend_R+1","Defend_R+1","Defend_R+1","Bash+1","Searing Blow+6","Anger+1","Uppercut+1","Limit Break+1","Reaper+1","RitualDagger+1","Armaments+1","Ghostly+1","Ghostly+1","Ghostly+1","Ghostly+1","Ghostly+1","Intimidate+1","Armaments+1","Double Tap+1","Disarm+1","Headbutt+1","Metallicize+1"],"relics":["Cursed Key","Mark of the Bloom"],"potions_floor_usage":[7,16,16,18,24,27,29,33],"damage_taken":[{"damage":0,"enemies":"2 Louse","floor":1,"turns":3},{"damage":1,"enemies":"Jaw Worm","floor":5,"turns":3},{"damage":0,"enemies":"Gremlin Nob","floor":7,"turns":3},{"damage":0,"enemies":"Small Slimes","floor":11,"turns":2},{"damage":0,"enemies":"Looter","floor":14,"turns":1},{"damage":39,"enemies":"Slime Boss","floor":16,"turns":8},{"damage":6,"enemies":"Shell Parasite","floor":18,"turns":4},{"damage":31,"enemies":"Masked Bandits","floor":20,"turns":5},{"damage":0,"enemies":"Book of Stabbing","floor":24,"turns":1},{"damage":7,"enemies":"3 Byrds","floor":27,"turns":6},{"damage":10,"enemies":"Cultist and Chosen","floor":28,"turns":7},{"damage":4,"enemies":"3 Cultists","floor":29,"turns":7},{"damage":1,"enemies":"Centurion and Healer","floor":31,"turns":7},{"damage":22,"enemies":"Champ","floor":33,"turns":8},{"damage":3,"enemies":"3 Shapes","floor":35,"turns":9}],"seed_played":"-4476635766645957984","potions_obtained":[{"floor":5,"key":"AttackPotion"},{"floor":7,"key":"EntropicBrew"},{"floor":16,"key":"Strength Potion"},{"floor":20,"key":"GamblersBrew"},{"floor":27,"key":"Strength Potion"},{"floor":35,"key":"Energy Potion"}],"is_trial":false,"path_per_floor":["M","?","?","?","M","R","E","T","T","R","M","?","R","M","R","B",null,"M","?","?","?","?","R","E","?","T","M","M","M","R","M","R","B",null,"M","?","$","?","?"],"character_chosen":"IRONCLAD","items_purchased":["Energy Potion","SteroidPotion","Headbutt","Metallicize"],"campfire_rested":0,"item_purchase_floors":[37,37,37,37],"current_hp_per_floor":[80,80,73,73,72,72,72,72,72,72,72,56,56,56,56,17,80,80,74,43,43,40,40,40,40,40,38,31,31,31,40,40,18,40,37,37,37,37,37],"gold":79,"neow_bonus":"BOSS_RELIC","is_prod":false,"is_daily":false,"chose_seed":false,"campfire_upgraded":7,"win_rate":0,"timestamp":1551039296,"path_taken":["M","?","?","?","M","R","E","?","T","R","M","?","R","M","R","BOSS","M","?","?","?","?","R","E","?","T","?","M","M","R","M","R","BOSS","M","?","$","?","?"],"build_version":"2019-01-23","purchased_purges":1,"victory":false,"max_hp_per_floor":[80,80,80,80,80,80,80,80,80,80,80,80,80,80,80,80,80,80,80,80,80,40,40,40,40,40,40,40,40,40,40,40,40,40,40,38,38,38,38],"card_choices":[{"not_picked":["Thunderclap","Warcry"],"picked":"Searing Blow","floor":1},{"not_picked":["True Grit","Corruption"],"picked":"Anger","floor":5},{"not_picked":["Searing Blow","Clash","Blood for Blood"],"picked":"SKIP","floor":7},{"not_picked":["Warcry","Body Slam"],"picked":"Uppercut","floor":11},{"not_picked":["Body Slam","Clash"],"picked":"Limit Break","floor":14},{"not_picked":["Dark Embrace","Limit Break"],"picked":"Reaper","floor":16},{"not_picked":["Clothesline","Iron Wave","Heavy Blade+1"],"picked":"SKIP","floor":18},{"not_picked":["Warcry","True Grit"],"picked":"Armaments","floor":20},{"not_picked":["Anger","Shockwave"],"picked":"Intimidate+1","floor":27},{"not_picked":["Clothesline","Rupture"],"picked":"Armaments+1","floor":28},{"not_picked":["Heavy Blade","Searing Blow","Infernal Blade"],"picked":"SKIP","floor":29},{"not_picked":["Ghostly Armor","Shockwave+1"],"picked":"Double Tap","floor":31},{"not_picked":["Wild Strike","Warcry"],"picked":"Disarm","floor":35}],"player_experience":836908,"relics_obtained":[],"event_choices":[{"cards_removed":["Strike_R"],"damage_healed":0,"gold_gain":0,"player_choice":"Card Removal","damage_taken":0,"max_hp_gain":0,"max_hp_loss":0,"event_name":"The Cleric","floor":2,"gold_loss":50},{"cards_removed":["Strike_R"],"damage_healed":0,"gold_gain":0,"player_choice":"Card Removal","damage_taken":7,"max_hp_gain":0,"max_hp_loss":0,"event_name":"Golden Wing","floor":3,"gold_loss":0},{"damage_healed":0,"gold_gain":0,"player_choice":"Fled","damage_taken":0,"max_hp_gain":0,"max_hp_loss":0,"event_name":"Scrap Ooze","floor":4,"gold_loss":0},{"damage_healed":0,"gold_gain":0,"player_choice":"Entered Light","damage_taken":16,"max_hp_gain":0,"max_hp_loss":0,"event_name":"Shining Light","floor":12,"gold_loss":0,"cards_upgraded":["Defend_R","Searing Blow"]},{"damage_healed":0,"gold_gain":0,"player_choice":"Joined the Cult","damage_taken":6,"max_hp_gain":0,"max_hp_loss":0,"event_name":"Nest","floor":19,"gold_loss":0,"cards_obtained":["RitualDagger"]},{"damage_healed":0,"gold_gain":0,"player_choice":"Fought Bandits","damage_taken":0,"max_hp_gain":0,"max_hp_loss":0,"event_name":"Masked Bandits","floor":20,"gold_loss":0},{"damage_healed":0,"gold_gain":0,"player_choice":"Became a Ghost","damage_taken":0,"max_hp_gain":0,"max_hp_loss":40,"event_name":"Ghosts","floor":22,"gold_loss":0,"cards_obtained":["Ghostly","Ghostly","Ghostly","Ghostly","Ghostly"]},{"cards_removed":["Strike_R"],"damage_healed":0,"gold_gain":0,"player_choice":"Gave Gold","damage_taken":0,"max_hp_gain":0,"max_hp_loss":0,"event_name":"Beggar","floor":25,"gold_loss":75},{"damage_healed":0,"gold_gain":0,"player_choice":"Max HP","damage_taken":0,"max_hp_gain":0,"max_hp_loss":2,"event_name":"Winding Halls","floor":36,"gold_loss":0},{"damage_healed":0,"gold_gain":0,"player_choice":"Upgrade","damage_taken":0,"relics_obtained":["Mark of the Bloom"],"max_hp_gain":0,"max_hp_loss":0,"event_name":"MindBloom","floor":38,"gold_loss":0,"cards_upgraded":["Strike_R","Defend_R","Defend_R","Defend_R","Searing Blow","Anger","Limit Break","Reaper","RitualDagger","Ghostly","Ghostly","Ghostly","Ghostly","Ghostly","Double Tap","Disarm","Headbutt","Metallicize"]},{"damage_healed":0,"gold_gain":0,"player_choice":"Ignored","damage_taken":0,"max_hp_gain":0,"max_hp_loss":0,"event_name":"Tomb of Lord Red Mask","floor":39,"gold_loss":0}],"is_beta":false,"boss_relics":[{"not_picked":[]},{"not_picked":["Snecko Eye","Orrery","White Beast Statue"]}],"items_purged_floors":[37],"is_endless":false,"potions_floor_spawned":[5,7,16,20,27,35],"ascension_level":0}