{"gold_per_floor":[109,122,139,109,7,7,7,7,7,17,50,67,96,96,96,197,197,209,209,229,129,129,129,160,180,180,180,280,312,312,7,7,7],"floor_reached":33,"playtime":1742,"items_purged":["Strike_B","Strike_B","Defend_B"],"score":451,"play_id":"d188d834-1f7f-4842-bd55-adb9766d69a1","local_time":"20190128100555","is_ascension_mode":true,"campfire_choices":[{"data":"Chaos","floor":6,"key":"SMITH"},{"data":"Dualcast","floor":8,"key":"SMITH"},{"data":"Lockon","floor":15,"key":"SMITH"},{"data":"Capacitor","floor":23,"key":"SMITH"},{"floor":27,"key":"REST"},{"floor":30,"key":"REST"},{"floor":32,"key":"REST"}],"neow_cost":"TEN_PERCENT_HP_LOSS","seed_source_timestamp":897709418152410,"circlet_count":0,"master_deck":["AscendersBane","Defend_B","Defend_B","Defend_B","Zap","Dualcast+1","Chaos+1","Ball Lightning","Steam","Reprogram","Ball Lightning","Streamline","Conserve Battery","Lockon+1","Glacier","Reinforced Body","Fission+1","Consume","Capacitor+1","Multi-Cast","Coolheaded","Compile Driver","Dark Shackles"],"relics":["FrozenCore","Pantograph","Bird Faced Urn","DataDisk","Vajra","Incense Burner","Frozen Egg 2","Boot","Membership Card"],"potions_floor_usage":[11,12,13,13,24,24,24,28],"damage_taken":[{"damage":6,"enemies":"Cultist","floor":1,"turns":3},{"damage":10,"enemies":"Small Slimes","floor":2,"turns":3},{"damage":2,"enemies":"2 Louse","floor":3,"turns":3},{"damage":6,"enemies":"Looter","floor":10,"turns":2},{"damage":5,"enemies":"3 Sentries","floor":11,"turns":6},{"damage":8,"enemies":"Exordium Thugs","floor":12,"turns":4},{"damage":16,"enemies":"Gremlin Nob","floor":13,"turns":3},{"damage":21,"enemies":"The Guardian","floor":16,"turns":9},{"damage":0,"enemies":"Chosen","floor":18,"turns":5},{"damage":9,"enemies":"Shell Parasite","floor":20,"turns":8},{"damage":24,"enemies":"Slavers","floor":24,"turns":7},{"damage":3,"enemies":"3 Cultists","floor":25,"turns":7},{"damage":2,"enemies":"Colosseum Slavers","floor":28,"turns":5},{"damage":10,"enemies":"Colosseum Nobs","floor":28,"turns":4},{"damage":40,"enemies":"Gremlin Leader","floor":29,"turns":7},{"damage":70,"enemies":"Automaton","floor":33,"turns":12}],"seed_played":"-7243681836899646190","potions_obtained":[{"floor":4,"key":"GamblersBrew"},{"floor":4,"key":"Explosive Potion"},{"floor":11,"key":"FocusPotion"},{"floor":12,"key":"Ancient Potion"},{"floor":13,"key":"Explosive Potion"},{"floor":20,"key":"EntropicBrew"},{"floor":24,"key":"SkillPotion"},{"floor":25,"key":"Strength Potion"}],"is_trial":false,"path_per_floor":["M","M","M","?","$","R","$","R","T","M","E","M","E","?","R","B",null,"M","?","M","$","?","R","E","M","T","R","?","E","R","$","R","B"],"character_chosen":"DEFECT","items_purchased":["Streamline","Membership Card","Dark Shackles"],"campfire_rested":3,"item_purchase_floors":[5,31,31],"current_hp_per_floor":[62,52,50,50,50,50,50,50,50,44,39,31,15,37,37,41,61,61,61,52,52,52,52,30,29,29,49,41,3,23,23,43,0],"gold":7,"neow_bonus":"TRANSFORM_TWO_CARDS","is_prod":false,"is_daily":false,"chose_seed":false,"campfire_upgraded":4,"win_rate":0,"timestamp":1548687955,"path_taken":["M","M","?","?","$","R","$","R","T","M","E","?","E","?","R","BOSS","M","?","M","$","?","R","E","?","T","R","?","E","R","$","R","BOSS"],"build_version":"2019-01-23","purchased_purges":3,"victory":false,"max_hp_per_floor":[68,68,68,68,68,68,68,68,68,68,68,68,68,68,68,68,68,68,68,68,68,68,68,68,68,68,68,68,68,68,68,68,68],"card_choices":[{"not_picked":["Beam Cell","Rebound"],"picked":"Steam","floor":1},{"not_picked":["Hologram","Skim"],"picked":"Reprogram","floor":2},{"not_picked":["Hologram","Stack"],"picked":"Ball Lightning","floor":3},{"not_picked":["Melter","Turbo"],"picked":"Conserve Battery","floor":10},{"not_picked":["Turbo","Ball Lightning"],"picked":"Lockon","floor":11},{"not_picked":["Capacitor","Streamline"],"picked":"Glacier","floor":12},{"not_picked":["Gash","Lockon"],"picked":"Reinforced Body","floor":13},{"not_picked":["Seek","Meteor Strike"],"picked":"Fission","floor":16},{"not_picked":["Chill+1","Rip and Tear"],"picked":"Consume","floor":18},{"not_picked":["Blizzard+1","Self Repair"],"picked":"Capacitor","floor":20},{"not_picked":["Chaos+1","Skim"],"picked":"Multi-Cast","floor":24},{"not_picked":["Aggregate","Stack","Glacier"],"picked":"SKIP","floor":25},{"not_picked":["Streamline","Turbo"],"picked":"Coolheaded","floor":28},{"not_picked":["Ball Lightning","Hologram"],"picked":"Compile Driver","floor":29}],"player_experience":516498,"relics_obtained":[{"floor":9,"key":"Pantograph"},{"floor":11,"key":"Bird Faced Urn"},{"floor":13,"key":"DataDisk"},{"floor":24,"key":"Vajra"},{"floor":28,"key":"Incense Burner"},{"floor":28,"key":"Frozen Egg 2"},{"floor":29,"key":"Boot"}],"event_choices":[{"damage_healed":0,"gold_gain":0,"player_choice":"Bought 2 Potions","damage_taken":0,"max_hp_gain":0,"max_hp_loss":0,"event_name":"The Woman in Blue","floor":4,"gold_loss":0},{"damage_healed":22,"gold_gain":0,"player_choice":"Banana","damage_taken":0,"max_hp_gain":0,"max_hp_loss":0,"event_name":"Big Fish","floor":14,"gold_loss":0},{"damage_healed":0,"gold_gain":0,"player_choice":"Ignored","damage_taken":0,"max_hp_gain":0,"max_hp_loss":0,"event_name":"Ghosts","floor":19,"gold_loss":0},{"damage_healed":0,"gold_gain":0,"player_choice":"Forge","damage_taken":0,"max_hp_gain":0,"max_hp_loss":0,"event_name":"Accursed Blacksmith","floor":22,"gold_loss":0,"cards_upgraded":["Fission"]},{"damage_healed":0,"gold_gain":0,"player_choice":"Fight","damage_taken":0,"max_hp_gain":0,"max_hp_loss":0,"event_name":"Colosseum","floor":28,"gold_loss":0},{"damage_healed":0,"gold_gain":0,"player_choice":"Fought Nobs","damage_taken":0,"max_hp_gain":0,"max_hp_loss":0,"event_name":"Colosseum","floor":28,"gold_loss":0}],"is_beta":false,"boss_relics":[{"not_picked":["Lizard Tail","Eternal Feather"],"picked":"FrozenCore"}],"items_purged_floors":[5,21,31],"is_endless":false,"potions_floor_spawned":[11,12,13,20,24,25],"killed_by":"Automaton","ascension_level":11}