{"gold_per_floor":[109,126,136,147,45,45,45,70,70,70,82,82],"floor_reached":12,"playtime":434,"items_purged":[],"score":140,"play_id":"57483bda-d732-451f-9d4c-415a01cbef38","local_time":"20190210220356","is_ascension_mode":true,"campfire_choices":[{"data":"Zap","floor":6,"key":"SMITH"},{"floor":10,"key":"REST"}],"neow_cost":"NONE","seed_source_timestamp":36354174260270,"circlet_count":0,"master_deck":["AscendersBane","Strike_B","Strike_B","Strike_B","Strike_B","Defend_B","Defend_B","Defend_B","Defend_B","Zap+1","Dualcast","Loop","Capacitor","Darkness","Steam","All For One","Leap"],"relics":["Cracked Core","Ice Cream","Calipers"],"potions_floor_usage":[8,11,12,12],"damage_taken":[{"damage":7,"enemies":"2 Louse","floor":1,"turns":3},{"damage":0,"enemies":"Small Slimes","floor":2,"turns":3},{"damage":1,"enemies":"Cultist","floor":3,"turns":3},{"damage":10,"enemies":"3 Louse","floor":4,"turns":5},{"damage":34,"enemies":"3 Sentries","floor":8,"turns":7},{"damage":24,"enemies":"Exordium Wildlife","floor":11,"turns":5},{"damage":54,"enemies":"Gremlin Nob","floor":12,"turns":5}],"seed_played":"8495248814815726671","potions_obtained":[{"floor":2,"key":"Swift Potion"},{"floor":8,"key":"Swift Potion"},{"floor":11,"key":"SpeedPotion"}],"is_trial":false,"path_per_floor":["M","M","M","M","$","R","?","E","T","R","M","E"],"character_chosen":"DEFECT","items_purchased":["Steam","Regen Potion"],"campfire_rested":1,"item_purchase_floors":[5,5],"current_hp_per_floor":[64,64,63,53,53,53,58,39,39,63,39,0],"gold":82,"neow_bonus":"TEN_PERCENT_HP_BONUS","is_prod":false,"is_daily":false,"chose_seed":false,"campfire_upgraded":1,"win_rate":0,"timestamp":1549803836,"path_taken":["M","M","M","M","$","R","?","E","T","R","M","E"],"build_version":"2019-01-23","purchased_purges":0,"victory":false,"max_hp_per_floor":[78,78,78,78,78,78,83,83,83,83,83,83],"card_choices":[{"not_picked":["Redo","Chill","Turbo"],"picked":"SKIP","floor":1},{"not_picked":["Barrage","Tempest"],"picked":"Loop","floor":2},{"not_picked":["Cold Snap","Chaos"],"picked":"Capacitor","floor":3},{"not_picked":["Recycle","Sweeping Beam"],"picked":"Darkness","floor":4},{"not_picked":["Compile Driver","Barrage"],"picked":"All For One","floor":8},{"not_picked":["Steam Power","Go for the Eyes"],"picked":"Leap","floor":11}],"player_experience":333365,"relics_obtained":[{"floor":8,"key":"Ice Cream"},{"floor":9,"key":"Calipers"}],"event_choices":[{"damage_healed":0,"gold_gain":0,"player_choice":"Donut","damage_taken":0,"max_hp_gain":5,"max_hp_loss":0,"event_name":"Big Fish","floor":7,"gold_loss":0}],"is_beta":false,"boss_relics":[],"items_purged_floors":[],"is_endless":false,"potions_floor_spawned":[2,8,11],"killed_by":"Gremlin Nob","ascension_level":15}