{"gold_per_floor":[113,127,202,214,233,249,249,249,296,296,24,42,42,65,65,65],"floor_reached":16,"playtime":587,"items_purged":["Injury"],"score":122,"play_id":"5125857e-270d-412e-8fa1-7c1f6ea53185","local_time":"20190207190931","is_ascension_mode":true,"campfire_choices":[{"data":"Neutralize","floor":7,"key":"SMITH"},{"data":"Leg Sweep","floor":10,"key":"SMITH"},{"data":"Crippling Poison","floor":15,"key":"SMITH"}],"neow_cost":"NONE","seed_source_timestamp":2406594913542904,"circlet_count":0,"master_deck":["Defend_G","Defend_G","Defend_G","Defend_G","Defend_G","Strike_G","Strike_G","Strike_G","Strike_G","Strike_G","Survivor","Neutralize+1","Well Laid Plans","Cloak And Dagger","Dagger Spray","Leg Sweep+1","Crippling Poison+1","Regret","PiercingWail"],"relics":["Ring of the Snake","NeowsBlessing","Golden Idol","Bag of Marbles","HandDrill","Shuriken"],"potions_floor_usage":[],"damage_taken":[{"damage":0,"enemies":"2 Louse","floor":1,"turns":1},{"damage":0,"enemies":"Small Slimes","floor":2,"turns":1},{"damage":0,"enemies":"Cultist","floor":4,"turns":1},{"damage":10,"enemies":"2 Fungi Beasts","floor":5,"turns":3},{"damage":5,"enemies":"Red Slaver","floor":6,"turns":5},{"damage":0,"enemies":"Blue Slaver","floor":12,"turns":6},{"damage":9,"enemies":"Large Slime","floor":14,"turns":7},{"damage":29,"enemies":"Slime Boss","floor":16,"turns":6}],"seed_played":"8808287605751894466","potions_obtained":[{"floor":1,"key":"GamblersBrew"},{"floor":12,"key":"FearPotion"}],"is_trial":false,"path_per_floor":["M","M","?","M","M","M","R","?","T","R","$","M","?","M","R","B"],"character_chosen":"THE_SILENT","items_purchased":["HandDrill"],"campfire_rested":0,"item_purchase_floors":[11],"current_hp_per_floor":[63,63,52,52,42,37,37,37,37,37,37,37,37,28,28,0],"gold":65,"neow_bonus":"THREE_ENEMY_KILL","is_prod":false,"is_daily":false,"chose_seed":false,"campfire_upgraded":3,"win_rate":0,"timestamp":1549595371,"path_taken":["M","M","?","M","M","M","R","?","T","R","$","M","?","M","R","BOSS"],"build_version":"2019-01-23","purchased_purges":1,"victory":false,"max_hp_per_floor":[70,70,70,70,70,70,70,70,70,70,70,70,70,70,70,70],"card_choices":[{"not_picked":["PiercingWail","Quick Slash"],"picked":"Well Laid Plans","floor":1},{"not_picked":["Flying Knee","Slice"],"picked":"Cloak And Dagger","floor":2},{"not_picked":["Deflect","Prepared"],"picked":"Dagger Spray","floor":4},{"not_picked":["Sucker Punch","Outmaneuver"],"picked":"Leg Sweep","floor":5},{"not_picked":["Acrobatics","Sucker Punch","Dagger Spray"],"picked":"SKIP","floor":6},{"not_picked":["Dagger Throw","Skewer"],"picked":"Crippling Poison","floor":12},{"not_picked":["All Out Attack","Riddle With Holes"],"picked":"PiercingWail","floor":14}],"player_experience":291650,"relics_obtained":[{"floor":9,"key":"Bag of Marbles"}],"event_choices":[{"damage_healed":0,"gold_gain":75,"player_choice":"Gather Gold","damage_taken":11,"max_hp_gain":0,"max_hp_loss":0,"event_name":"World of Goop","floor":3,"gold_loss":0},{"damage_healed":0,"gold_gain":0,"player_choice":"Take Wound","damage_taken":0,"relics_obtained":["Golden Idol"],"max_hp_gain":0,"max_hp_loss":0,"event_name":"Golden Idol","floor":8,"gold_loss":0,"cards_obtained":["Injury"]},{"damage_healed":0,"gold_gain":0,"player_choice":"Box","damage_taken":0,"relics_obtained":["Shuriken"],"max_hp_gain":0,"max_hp_loss":0,"event_name":"Big Fish","floor":13,"gold_loss":0,"cards_obtained":["Regret"]}],"is_beta":false,"boss_relics":[],"items_purged_floors":[11],"is_endless":false,"potions_floor_spawned":[1,12],"killed_by":"Slime Boss","ascension_level":6}