{"gold_per_floor":[109,34,45,58,58,58,78,108,185,202,202,235,255,430,430,430],"floor_reached":16,"playtime":655,"items_purged":["Strike_R"],"score":143,"play_id":"692cd7a6-423d-4d00-b859-c00e7ee8a011","local_time":"20181231104052","is_ascension_mode":true,"campfire_choices":[{"data":"Bash","floor":6,"key":"SMITH"},{"data":"Ghostly Armor","floor":11,"key":"SMITH"},{"floor":15,"key":"REST"}],"neow_cost":"PERCENT_DAMAGE","seed_source_timestamp":893756605630485,"circlet_count":0,"master_deck":["Strike_R","Strike_R","Strike_R","Strike_R","Defend_R","Defend_R+1","Defend_R","Defend_R","Bash+1","Dark Shackles","Dark Shackles","Battle Trance+1","Ghostly Armor+1","Disarm","Dropkick","Doubt"],"relics":["Burning Blood","War Paint","Matryoshka","Anchor"],"potions_floor_usage":[12,12],"damage_taken":[{"damage":0,"enemies":"Jaw Worm","floor":1,"turns":3},{"damage":4,"enemies":"Small Slimes","floor":3,"turns":5},{"damage":0,"enemies":"2 Louse","floor":4,"turns":2},{"damage":10,"enemies":"Large Slime","floor":7,"turns":9},{"damage":3,"enemies":"3 Louse","floor":10,"turns":5},{"damage":29,"enemies":"Lagavulin","floor":12,"turns":9},{"damage":19,"enemies":"Gremlin Gang","floor":13,"turns":9},{"damage":7,"enemies":"Slime Boss","floor":16,"turns":4}],"seed_played":"4875800848244145852","potions_obtained":[{"floor":3,"key":"Block Potion"},{"floor":7,"key":"BloodPotion"},{"floor":10,"key":"SkillPotion"}],"is_trial":false,"path_per_floor":["M","$","M","M","?","R","M","?","T","M","R","E","M","?","R","B"],"character_chosen":"IRONCLAD","items_purchased":[],"campfire_rested":1,"item_purchase_floors":[],"current_hp_per_floor":[57,57,59,65,58,58,54,54,54,57,57,34,21,21,45,38],"gold":430,"neow_bonus":"RANDOM_COLORLESS_2","is_prod":false,"is_daily":false,"chose_seed":false,"campfire_upgraded":2,"win_rate":0,"timestamp":1546270852,"path_taken":["M","$","M","M","?","R","M","?","T","M","R","E","M","?","R","BOSS"],"build_version":"2018-12-20","purchased_purges":1,"victory":false,"max_hp_per_floor":[80,80,80,80,80,80,80,80,80,80,80,80,80,80,80,80],"card_choices":[{"not_picked":["Flex","Twin Strike"],"picked":"Battle Trance","floor":1},{"not_picked":["Sword Boomerang","Anger"],"picked":"Ghostly Armor","floor":3},{"not_picked":["Combust","Flex","Wild Strike"],"picked":"SKIP","floor":4},{"not_picked":["Sword Boomerang","Whirlwind"],"picked":"Disarm","floor":7},{"not_picked":["Armaments","Power Through","Shrug It Off"],"picked":"SKIP","floor":10},{"not_picked":["Rupture","Warcry","Armaments"],"picked":"SKIP","floor":12},{"not_picked":["Wild Strike","Warcry"],"picked":"Dropkick","floor":13}],"player_experience":309165,"relics_obtained":[{"floor":9,"key":"Matryoshka"},{"floor":12,"key":"Anchor"}],"event_choices":[{"damage_healed":0,"gold_gain":0,"player_choice":"Success","damage_taken":7,"relics_obtained":["War Paint"],"max_hp_gain":0,"max_hp_loss":0,"event_name":"Scrap Ooze","floor":5,"gold_loss":0},{"damage_healed":0,"gold_gain":30,"player_choice":"Searched \u00271\u0027 times","damage_taken":0,"max_hp_gain":0,"max_hp_loss":0,"event_name":"Dead Adventurer","floor":8,"gold_loss":0},{"damage_healed":0,"gold_gain":175,"player_choice":"AGREE","damage_taken":0,"max_hp_gain":0,"max_hp_loss":0,"event_name":"Liars Game","floor":14,"gold_loss":0,"cards_obtained":["Doubt"]}],"is_beta":false,"boss_relics":[],"items_purged_floors":[2],"is_endless":false,"potions_floor_spawned":[3,7,10],"killed_by":"Slime Boss","ascension_level":8}