{"gold_per_floor":[109,109,127,139,139,167,167,14,14,38,50],"floor_reached":11,"playtime":303,"items_purged":["Strike_B"],"score":117,"play_id":"ee3446d8-eccd-40f4-9b8a-d6aecdec6974","local_time":"20190129230332","is_ascension_mode":true,"campfire_choices":[{"data":"Defragment","floor":7,"key":"SMITH"}],"neow_cost":"TEN_PERCENT_HP_LOSS","seed_source_timestamp":1032226094491277,"circlet_count":0,"master_deck":["AscendersBane","Strike_B","Defend_B","Defend_B","Defend_B","Defend_B","Zap","Dualcast","Storm","Zap","Turbo","Defragment+1"],"relics":["Cracked Core","Singing Bowl","Lantern","MawBank"],"potions_floor_usage":[10,10],"damage_taken":[{"damage":2,"enemies":"Jaw Worm","floor":1,"turns":4},{"damage":1,"enemies":"Cultist","floor":3,"turns":4},{"damage":4,"enemies":"2 Louse","floor":4,"turns":3},{"damage":41,"enemies":"Lagavulin","floor":6,"turns":6},{"damage":21,"enemies":"Large Slime","floor":10,"turns":4},{"damage":0,"enemies":"Gremlin Nob","floor":11,"turns":1}],"seed_played":"3783121598665092759","potions_obtained":[{"floor":4,"key":"GamblersBrew"},{"floor":6,"key":"Explosive Potion"}],"is_trial":false,"path_per_floor":["M","?","M","M","?","E","R","$","T","M","E"],"character_chosen":"DEFECT","items_purchased":["Regen Potion"],"campfire_rested":0,"item_purchase_floors":[8],"current_hp_per_floor":[66,66,65,61,61,22,22,22,22,15,15],"gold":50,"neow_bonus":"REMOVE_TWO","is_prod":false,"is_daily":false,"chose_seed":false,"campfire_upgraded":1,"win_rate":0,"timestamp":1548821012,"path_taken":["M","?","M","?","?","E","R","$","T","M","E"],"build_version":"2019-01-23","purchased_purges":1,"victory":false,"max_hp_per_floor":[68,68,68,68,68,70,70,70,70,72,72],"card_choices":[{"not_picked":["Compile Driver","Go for the Eyes"],"picked":"Storm","floor":1},{"not_picked":["Compile Driver","Capacitor"],"picked":"Turbo","floor":3},{"not_picked":["Double Energy","Stack"],"picked":"Defragment","floor":4},{"not_picked":["Consume","Steam","Reprogram"],"picked":"Singing Bowl","floor":6},{"not_picked":["Turbo","Go for the Eyes","Darkness"],"picked":"Singing Bowl","floor":10}],"player_experience":550651,"relics_obtained":[{"floor":5,"key":"Singing Bowl"},{"floor":6,"key":"Lantern"},{"floor":9,"key":"MawBank"}],"event_choices":[{"damage_healed":0,"gold_gain":0,"player_choice":"1 cards matched","damage_taken":0,"max_hp_gain":0,"max_hp_loss":0,"event_name":"Match and Keep!","floor":2,"gold_loss":0,"cards_obtained":["Zap"]},{"damage_healed":0,"gold_gain":0,"player_choice":"Relic","damage_taken":0,"max_hp_gain":0,"max_hp_loss":0,"event_name":"Wheel of Change","floor":5,"gold_loss":0}],"is_beta":false,"boss_relics":[],"items_purged_floors":[8],"is_endless":false,"potions_floor_spawned":[4,6],"killed_by":"Gremlin Nob","ascension_level":12}