{"gold_per_floor":[112,132,150,150,168,168,179,135,214,214,232,261,279,292,292,292],"floor_reached":16,"playtime":1698,"items_purged":[],"score":106,"play_id":"e797f672-862d-4d7b-89bf-8249f4bf2049","local_time":"20190101162536","is_ascension_mode":false,"campfire_choices":[{"floor":6,"key":"REST"},{"floor":15,"key":"REST"}],"neow_cost":"","seed_source_timestamp":18607953082245,"circlet_count":0,"master_deck":["Strike_R","Strike_R","Strike_R+1","Strike_R","Strike_R","Defend_R","Defend_R+1","Defend_R","Defend_R","Bash","Thunderclap","Flame Barrier","Whirlwind","Cleave","Pommel Strike","Cleave","Dropkick","Dropkick"],"relics":["Burning Blood","Darkstone Periapt","FaceOfCleric","Incense Burner"],"potions_floor_usage":[12,14,16,16],"damage_taken":[{"damage":14,"enemies":"2 Louse","floor":1,"turns":4},{"damage":12,"enemies":"Small Slimes","floor":2,"turns":3},{"damage":2,"enemies":"Jaw Worm","floor":3,"turns":4},{"damage":42,"enemies":"Gremlin Gang","floor":5,"turns":4},{"damage":16,"enemies":"Lots of Slimes","floor":7,"turns":4},{"damage":22,"enemies":"Large Slime","floor":11,"turns":5},{"damage":12,"enemies":"3 Sentries","floor":12,"turns":6},{"damage":6,"enemies":"3 Louse","floor":13,"turns":2},{"damage":12,"enemies":"Blue Slaver","floor":14,"turns":2},{"damage":37,"enemies":"The Guardian","floor":16,"turns":10}],"seed_played":"6533938168572376066","potions_obtained":[{"floor":2,"key":"Weak Potion"},{"floor":7,"key":"EssenceOfSteel"},{"floor":13,"key":"SteroidPotion"},{"floor":14,"key":"Explosive Potion"}],"is_trial":false,"path_per_floor":["M","M","M","?","M","R","M","?","T","?","M","E","M","M","R","B"],"character_chosen":"IRONCLAD","items_purchased":[],"campfire_rested":2,"item_purchase_floors":[],"current_hp_per_floor":[72,66,70,54,18,42,32,32,32,32,17,12,13,8,33,0],"gold":292,"neow_bonus":"","is_prod":false,"is_daily":false,"chose_seed":false,"campfire_upgraded":0,"win_rate":0.0,"timestamp":1546327536,"path_taken":["M","M","M","?","M","R","M","?","T","?","M","E","?","M","R","BOSS"],"build_version":"2018-12-20","purchased_purges":0,"victory":false,"max_hp_per_floor":[80,80,80,80,80,80,80,80,80,80,81,82,83,84,84,84],"card_choices":[{"not_picked":["Body Slam","Fire Breathing"],"picked":"Thunderclap","floor":1},{"not_picked":["True Grit","Anger"],"picked":"Flame Barrier","floor":2},{"not_picked":["Sever Soul","Pummel","Rupture"],"picked":"SKIP","floor":3},{"not_picked":["Bloodletting","Iron Wave"],"picked":"Whirlwind","floor":5},{"not_picked":["Corruption","Anger"],"picked":"Cleave","floor":7},{"not_picked":["True Grit","Bloodletting"],"picked":"Pommel Strike","floor":11},{"not_picked":["Infernal Blade","Whirlwind"],"picked":"Cleave","floor":12},{"not_picked":["Metallicize","Thunderclap"],"picked":"Dropkick","floor":13},{"not_picked":["Pummel","Combust"],"picked":"Dropkick","floor":14}],"player_experience":0,"relics_obtained":[{"floor":9,"key":"Darkstone Periapt"},{"floor":12,"key":"Incense Burner"}],"event_choices":[{"damage_healed":0,"gold_gain":0,"player_choice":"Entered Light","damage_taken":16,"max_hp_gain":0,"max_hp_loss":0,"event_name":"Shining Light","floor":4,"gold_loss":0,"cards_upgraded":["Defend_R","Strike_R"]},{"damage_healed":0,"gold_gain":0,"player_choice":"Left Gold","damage_taken":0,"max_hp_gain":0,"max_hp_loss":0,"event_name":"World of Goop","floor":8,"gold_loss":44},{"damage_healed":0,"gold_gain":0,"player_choice":"Trade","damage_taken":0,"relics_obtained":["FaceOfCleric"],"max_hp_gain":0,"max_hp_loss":0,"event_name":"FaceTrader","floor":10,"gold_loss":0}],"is_beta":false,"boss_relics":[],"items_purged_floors":[],"is_endless":false,"potions_floor_spawned":[2,7,13,14],"killed_by":"The Guardian","ascension_level":0}