{"gold_per_floor":[112,112,128,143,159,194,194,225,225,259,271,288,131,146,146,248,248,264,279,100,117,117,117],"floor_reached":23,"playtime":1219,"items_purged":["Strike_B","Normality"],"score":226,"play_id":"a2467011-e9a1-440c-86d0-cc896cc04416","local_time":"20190105135849","is_ascension_mode":true,"campfire_choices":[{"floor":7,"key":"REST"},{"data":"Enlightenment","floor":15,"key":"SMITH"}],"neow_cost":"TEN_PERCENT_HP_LOSS","seed_source_timestamp":11255792918223,"circlet_count":0,"master_deck":["Strike_B","Defend_B","Defend_B","Defend_B","Defend_B","Zap","Dualcast","Gash","Stack","Sweeping Beam","Ball Lightning","Zap","Thunder Strike","Redo","Leap","Auto Shields","Steam","Rebound","Multi-Cast","Conserve Battery","Enlightenment+1","Coolheaded","Creative AI","Doubt","Clumsy","Auto Shields","Defragment"],"relics":["Cracked Core","Bag of Preparation","Pear","Bird Faced Urn","Nunchaku","Calling Bell","Vajra","Gremlin Horn","Dead Branch"],"potions_floor_usage":[16,21,21],"damage_taken":[{"damage":0,"enemies":"2 Louse","floor":1,"turns":2},{"damage":0,"enemies":"Cultist","floor":3,"turns":2},{"damage":0,"enemies":"Small Slimes","floor":4,"turns":3},{"damage":5,"enemies":"Looter","floor":5,"turns":2},{"damage":24,"enemies":"3 Sentries","floor":6,"turns":6},{"damage":18,"enemies":"Lagavulin","floor":8,"turns":6},{"damage":16,"enemies":"3 Sentries","floor":10,"turns":8},{"damage":0,"enemies":"Lots of Slimes","floor":11,"turns":2},{"damage":0,"enemies":"Large Slime","floor":12,"turns":4},{"damage":1,"enemies":"Exordium Wildlife","floor":14,"turns":5},{"damage":11,"enemies":"The Guardian","floor":16,"turns":10},{"damage":25,"enemies":"Spheric Guardian","floor":18,"turns":5},{"damage":14,"enemies":"Chosen","floor":19,"turns":7},{"damage":44,"enemies":"3 Cultists","floor":21,"turns":6},{"damage":17,"enemies":"Gremlin Leader","floor":23,"turns":3}],"seed_played":"3582727210461908792","potions_obtained":[{"floor":5,"key":"Strength Potion"},{"floor":6,"key":"LiquidBronze"},{"floor":8,"key":"Swift Potion"},{"floor":11,"key":"Energy Potion"},{"floor":14,"key":"Fruit Juice"},{"floor":16,"key":"Ancient Potion"},{"floor":18,"key":"SkillPotion"}],"is_trial":false,"path_per_floor":["M","?","M","M","M","E","R","E","T","E","M","M","$","M","R","B",null,"M","M","$","M","$","E"],"character_chosen":"DEFECT","items_purchased":["Enlightenment","Defragment"],"campfire_rested":1,"item_purchase_floors":[13,20],"current_hp_per_floor":[68,68,68,68,63,39,59,51,51,35,35,35,35,34,34,28,83,60,52,52,10,10,0],"gold":117,"neow_bonus":"TRANSFORM_TWO_CARDS","is_prod":false,"is_daily":false,"chose_seed":false,"campfire_upgraded":1,"win_rate":0,"timestamp":1546664329,"path_taken":["M","?","M","M","M","E","R","E","T","E","M","M","$","M","R","BOSS","M","M","$","?","$","E"],"build_version":"2019-01-03v4","purchased_purges":2,"victory":false,"max_hp_per_floor":[68,68,68,68,68,68,68,78,78,78,78,78,78,78,78,83,83,83,83,83,83,83,83],"card_choices":[{"not_picked":["Rebound","Beam Cell"],"picked":"Sweeping Beam","floor":1},{"not_picked":["Darkness","Go for the Eyes"],"picked":"Redo","floor":3},{"not_picked":["Redo","Coolheaded"],"picked":"Leap","floor":4},{"not_picked":["Beam Cell","All For One"],"picked":"Auto Shields","floor":5},{"not_picked":["Undo","Redo"],"picked":"Steam","floor":6},{"not_picked":["Auto Shields","Beam Cell"],"picked":"Rebound","floor":8},{"not_picked":["Chaos","Rebound","Compile Driver"],"picked":"SKIP","floor":10},{"not_picked":["Skim","Compile Driver"],"picked":"Multi-Cast","floor":11},{"not_picked":["Rebound","Compile Driver"],"picked":"Conserve Battery","floor":12},{"not_picked":["Reprogram","Streamline"],"picked":"Coolheaded","floor":14},{"not_picked":["Hyperbeam","Amplify"],"picked":"Creative AI","floor":16},{"not_picked":["Steam","Compile Driver"],"picked":"Auto Shields","floor":18},{"not_picked":["Coolheaded","Cold Snap","Gash"],"picked":"SKIP","floor":19},{"not_picked":["Skim","Aggregate","Rebound"],"picked":"SKIP","floor":21}],"player_experience":107161,"relics_obtained":[{"floor":6,"key":"Bag of Preparation"},{"floor":8,"key":"Pear"},{"floor":9,"key":"Bird Faced Urn"},{"floor":10,"key":"Nunchaku"},{"floor":17,"key":"Vajra"},{"floor":17,"key":"Gremlin Horn"},{"floor":17,"key":"Dead Branch"}],"event_choices":[{"damage_healed":0,"gold_gain":0,"player_choice":"3 cards matched","damage_taken":0,"max_hp_gain":0,"max_hp_loss":0,"event_name":"Match and Keep!","floor":2,"gold_loss":0,"cards_obtained":["Ball Lightning","Zap","Thunder Strike"]}],"is_beta":false,"boss_relics":[{"not_picked":["Snecko Eye","White Beast Statue"],"picked":"Calling Bell"}],"items_purged_floors":[13,20],"is_endless":false,"potions_floor_spawned":[5,6,8,11,14,16,18],"killed_by":"Gremlin Leader","ascension_level":1}