{"gold_per_floor":[115,133,148,148,168,168,199,199,199,199,214,18,18,18,18,114,114,133,149,6,56,74,74,87,87,111,26,26,26,26,26,26,117,117,141,141,155,155,173,173,98,113,137,168,168,184,47,62,62,62],"floor_reached":51,"playtime":2281,"items_purged":["Injury","Clumsy"],"score":1188,"play_id":"154f5670-380a-4743-8526-6abc20afbafd","local_time":"20190222091140","is_ascension_mode":true,"campfire_choices":[{"data":"Zap","floor":6.0,"key":"SMITH"},{"floor":10.0,"key":"REST"},{"floor":15.0,"key":"REST"},{"data":"Hologram","floor":23.0,"key":"SMITH"},{"floor":25.0,"key":"REST"},{"floor":32.0,"key":"REST"},{"floor":40,"key":"REST"},{"floor":45,"key":"REST"},{"floor":49,"key":"REST"}],"neow_cost":"NONE","seed_source_timestamp":807459740186237,"circlet_count":0,"master_deck":["AscendersBane","Strike_B","Strike_B","Strike_B","Defend_B","Defend_B","Defend_B","Defend_B","Zap+1","Dualcast+1","Finesse","Leap","Ball Lightning","Glacier","Tempest","Conserve Battery","Lockon","Coolheaded","Electrodynamics","Genetic Algorithm","Cold Snap","Hologram+1","Echo Form","Ball Lightning+1","Chill+1","Leap","Reinforced Body+1","Clumsy","Reboot","Conserve Battery","Loop"],"special_seed":0,"relics":["Cracked Core","Golden Idol","Darkstone Periapt","Kunai","Runic Capacitor","Cursed Key","DataDisk","PreservedInsect","Ancient Tea Set","Enchiridion","Sozu","Art of War","Centennial Puzzle"],"potions_floor_usage":[39],"damage_taken":[{"damage":2.0,"enemies":"2 Louse","floor":1.0,"turns":2.0},{"damage":0.0,"enemies":"Cultist","floor":2.0,"turns":3.0},{"damage":5.0,"enemies":"Jaw Worm","floor":3.0,"turns":2.0},{"damage":7.0,"enemies":"2 Fungi Beasts","floor":5.0,"turns":4.0},{"damage":28.0,"enemies":"Lagavulin","floor":7.0,"turns":6.0},{"damage":7.0,"enemies":"3 Louse","floor":11.0,"turns":3.0},{"damage":18.0,"enemies":"The Guardian","floor":16.0,"turns":9.0},{"damage":14.0,"enemies":"Shell Parasite","floor":18.0,"turns":4.0},{"damage":5.0,"enemies":"Spheric Guardian","floor":19.0,"turns":4.0},{"damage":13.0,"enemies":"Snake Plant","floor":22.0,"turns":3.0},{"damage":11.0,"enemies":"Cultist and Chosen","floor":24.0,"turns":5.0},{"damage":37.0,"enemies":"Collector","floor":33.0,"turns":13.0},{"damage":20.0,"enemies":"3 Darklings","floor":35.0,"turns":2.0},{"damage":11.0,"enemies":"3 Shapes","floor":37.0,"turns":4.0},{"damage":29,"enemies":"Writhing Mass","floor":39,"turns":6},{"damage":5,"enemies":"Jaw Worm Horde","floor":42,"turns":4},{"damage":0,"enemies":"Giant Head","floor":44,"turns":9},{"damage":0,"enemies":"3 Darklings","floor":46,"turns":5},{"damage":0,"enemies":"Sphere and 2 Shapes","floor":48,"turns":3},{"damage":55,"enemies":"Time Eater","floor":50,"turns":17}],"seed_played":"4775901003334947810","potions_obtained":[{"floor":3.0,"key":"FocusPotion"},{"floor":7.0,"key":"SkillPotion"},{"floor":11.0,"key":"SteroidPotion"},{"floor":18.0,"key":"LiquidBronze"},{"floor":19.0,"key":"Energy Potion"},{"floor":24.0,"key":"Regen Potion"}],"is_trial":false,"path_per_floor":["M","M","M","?","M","R","E","?","T","R","M","$","?","?","R","B",null,"M","M","$","?","M","R","M","R","T","?","$","?","$","?","R","B",null,"M","?","M","?","M","R","$","M","T","E","R","M","$","M","R","B",null],"character_chosen":"DEFECT","items_purchased":["Runic Capacitor","DataDisk","Loop"],"campfire_rested":7,"item_purchase_floors":[12,20,47],"current_hp_per_floor":[62,62,57,57,50,50,22,22,22,43,36,36,36,36,57,39,63,49,44,44,44,31,31,20,41,47,47,47,26,26,26,49,27,65,45,45,34,34,5,26,26,21,27,27,50,50,50,50,73,18],"gold":62,"neow_bonus":"RANDOM_COLORLESS","is_prod":false,"is_daily":false,"chose_seed":false,"campfire_upgraded":2,"win_rate":0,"timestamp":1550844700,"path_taken":["M","M","M","?","M","R","E","?","T","R","?","$","?","?","R","BOSS","M","M","$","?","M","R","M","R","T","?","$","?","?","?","R","BOSS","M","?","M","?","M","R","$","M","T","E","R","M","$","?","R","BOSS"],"build_version":"2019-01-23","purchased_purges":2,"victory":true,"max_hp_per_floor":[71,71,71,71,71,71,71,71,71,71,71,71,71,71,71,71,71,71,71,71,71,71,71,71,71,77,77,77,77,77,77,77,77,77,77,77,77,73,73,73,73,73,79,79,79,79,79,79,79,79],"card_choices":[{"not_picked":["Sweeping Beam","Hologram"],"picked":"Leap","floor":1.0},{"not_picked":["Melter","Rip and Tear"],"picked":"Ball Lightning","floor":2.0},{"not_picked":["Go for the Eyes","BootSequence"],"picked":"Glacier","floor":3.0},{"not_picked":["Turbo","Aggregate"],"picked":"Tempest","floor":5.0},{"not_picked":["Double Energy","Beam Cell"],"picked":"Conserve Battery","floor":7.0},{"not_picked":["Turbo","Skim"],"picked":"Coolheaded","floor":11.0},{"not_picked":["Creative AI","Seek"],"picked":"Electrodynamics","floor":16.0},{"not_picked":["Rebound","Leap"],"picked":"Genetic Algorithm","floor":18.0},{"not_picked":["Blizzard","Steam"],"picked":"Cold Snap","floor":19.0},{"not_picked":["Leap","Doom and Gloom"],"picked":"Hologram","floor":22.0},{"not_picked":["Coolheaded","Turbo","Undo"],"picked":"SKIP","floor":24.0},{"not_picked":["Amplify","All For One"],"picked":"Echo Form","floor":33.0},{"not_picked":["Stack+1","Beam Cell"],"picked":"Ball Lightning+1","floor":35.0},{"not_picked":["Sweeping Beam","Steam"],"picked":"Chill+1","floor":37.0},{"not_picked":["Redo","Ball Lightning"],"picked":"Leap","floor":39},{"not_picked":["Rebound","Streamline"],"picked":"Reinforced Body+1","floor":42},{"not_picked":["Auto Shields","Rebound"],"picked":"Reboot","floor":44},{"not_picked":["Stack+1","Beam Cell"],"picked":"Conserve Battery","floor":46},{"not_picked":["Beam Cell","Stack","Redo"],"picked":"SKIP","floor":48}],"player_experience":472622,"relics_obtained":[{"floor":7.0,"key":"Darkstone Periapt"},{"floor":9.0,"key":"Kunai"},{"floor":26.0,"key":"PreservedInsect"},{"floor":29.0,"key":"Enchiridion"},{"floor":43,"key":"Art of War"},{"floor":44,"key":"Centennial Puzzle"}],"event_choices":[{"damage_healed":0.0,"max_hp_gain":0.0,"max_hp_loss":0.0,"gold_gain":0.0,"event_name":"Golden Idol","player_choice":"Take Wound","floor":4.0,"gold_loss":0.0,"damage_taken":0.0,"relics_obtained":["Golden Idol"],"cards_obtained":["Injury"]},{"damage_healed":0.0,"max_hp_gain":0.0,"max_hp_loss":0.0,"gold_gain":0.0,"cards_transformed":["Strike_B"],"event_name":"Transmorgrifier","player_choice":"Transformed","floor":8.0,"gold_loss":0.0,"damage_taken":0.0,"cards_obtained":["Lockon"]},{"damage_healed":0.0,"max_hp_gain":0.0,"max_hp_loss":0.0,"gold_gain":0.0,"event_name":"Shining Light","player_choice":"Ignored","floor":13.0,"gold_loss":0.0,"damage_taken":0.0},{"damage_healed":0.0,"max_hp_gain":0.0,"max_hp_loss":0.0,"gold_gain":0.0,"event_name":"Living Wall","player_choice":"Grow","floor":14.0,"gold_loss":0.0,"damage_taken":0.0,"cards_upgraded":["Dualcast"]},{"damage_healed":0.0,"max_hp_gain":0.0,"max_hp_loss":0.0,"gold_gain":50.0,"event_name":"Nest","player_choice":"Stole From Cult","floor":21.0,"gold_loss":0.0,"damage_taken":0.0},{"damage_healed":0.0,"max_hp_gain":0.0,"max_hp_loss":0.0,"gold_gain":0.0,"event_name":"Addict","player_choice":"Obtained Relic","floor":27.0,"gold_loss":85.0,"damage_taken":0.0,"relics_obtained":["Ancient Tea Set"]},{"damage_healed":0.0,"max_hp_gain":0.0,"max_hp_loss":0.0,"gold_gain":0.0,"event_name":"Cursed Tome","player_choice":"Obtained Book","floor":29.0,"gold_loss":0.0,"damage_taken":21.0},{"damage_healed":0.0,"max_hp_gain":0.0,"max_hp_loss":0.0,"gold_gain":0.0,"event_name":"Beggar","player_choice":"Ignored","floor":31.0,"gold_loss":0.0,"damage_taken":0.0},{"damage_healed":0.0,"max_hp_gain":0.0,"max_hp_loss":0.0,"gold_gain":0.0,"event_name":"Mysterious Sphere","player_choice":"Ignored","floor":36.0,"gold_loss":0.0,"damage_taken":0.0},{"damage_healed":0.0,"max_hp_gain":0.0,"max_hp_loss":4.0,"gold_gain":0.0,"event_name":"Winding Halls","player_choice":"Max HP","floor":38.0,"gold_loss":0.0,"damage_taken":0.0}],"is_beta":false,"boss_relics":[{"not_picked":["Tiny House","FrozenCore"],"picked":"Cursed Key"},{"not_picked":["Coffee Dripper","Snecko Eye"],"picked":"Sozu"}],"items_purged_floors":[41,47],"is_endless":false,"potions_floor_spawned":[3,7,11,18,19,24,39,42,44,46],"ascension_level":15}