{"gold_per_floor":[111,125,136,116,129,160,160,179,225,225,110,138,138,148,148,222,222,241,241,60,77,102,102,102,102,126,138,138,150,176,16,16,16],"floor_reached":33,"playtime":2100,"items_purged":["Strike_G","Decay"],"score":554,"play_id":"b969239f-85c7-42e5-b52b-b7e6540dec12","local_time":"20190224162939","is_ascension_mode":true,"campfire_choices":[{"data":"Neutralize","floor":7,"key":"SMITH"},{"floor":10,"key":"REST"},{"floor":15,"key":"REST"},{"floor":23,"key":"REST"},{"data":"Terror","floor":25,"key":"SMITH"},{"floor":28,"key":"REST"},{"floor":32,"key":"REST"}],"neow_cost":"NONE","seed_source_timestamp":2807293048998069,"circlet_count":0,"master_deck":["AscendersBane","Defend_G","Defend_G","Defend_G","Defend_G","Defend_G","Strike_G","Strike_G","Strike_G","Strike_G","Survivor","Neutralize+1","Well Laid Plans","Cloak And Dagger","Dagger Spray","PiercingWail","Crippling Poison","Terror+1","Infinite Blades","Backflip","PiercingWail","Dagger Spray","Footwork","Cloak And Dagger","Dagger Spray"],"relics":["Ring of the Snake","NeowsBlessing","Bottled Tornado","Bronze Scales","Calipers","White Beast Statue","Orichalcum","Potion Belt","Pear"],"potions_floor_usage":[6,12,12,16,21,21,27,29,30,33,33,33],"damage_taken":[{"damage":0,"enemies":"Cultist","floor":1,"turns":1},{"damage":0,"enemies":"2 Louse","floor":2,"turns":1},{"damage":0,"enemies":"Small Slimes","floor":3,"turns":1},{"damage":2,"enemies":"Exordium Thugs","floor":4,"turns":5},{"damage":1,"enemies":"Exordium Wildlife","floor":5,"turns":2},{"damage":31,"enemies":"3 Sentries","floor":6,"turns":12},{"damage":19,"enemies":"Large Slime","floor":8,"turns":8},{"damage":22,"enemies":"Gremlin Nob","floor":12,"turns":4},{"damage":2,"enemies":"3 Louse","floor":14,"turns":2},{"damage":33,"enemies":"The Guardian","floor":16,"turns":15},{"damage":31,"enemies":"Chosen","floor":18,"turns":9},{"damage":10,"enemies":"Shell Parasite","floor":21,"turns":6},{"damage":7,"enemies":"Snake Plant","floor":27,"turns":6},{"damage":0,"enemies":"Shelled Parasite and Fungi","floor":29,"turns":10},{"damage":36,"enemies":"Slavers","floor":30,"turns":5},{"damage":106,"enemies":"Collector","floor":33,"turns":9}],"seed_played":"7409168780621128960","potions_obtained":[{"floor":1,"key":"GamblersBrew"},{"floor":5,"key":"EntropicBrew"},{"floor":6,"key":"AttackPotion"},{"floor":18,"key":"Fire Potion"},{"floor":21,"key":"GamblersBrew"},{"floor":27,"key":"Dexterity Potion"},{"floor":29,"key":"FearPotion"},{"floor":30,"key":"Block Potion"}],"is_trial":false,"path_per_floor":["M","M","M","M","M","E","R","M","T","R","$","E","?","M","R","B",null,"M","?","$","M","T","R","$","R","T","M","R","M","E","$","R","B"],"character_chosen":"THE_SILENT","items_purchased":["Infinite Blades","Footwork","Regen Potion","Regen Potion"],"campfire_rested":5,"item_purchase_floors":[11,20,31,31],"current_hp_per_floor":[59,59,59,57,56,25,25,6,6,25,25,3,3,1,20,2,50,19,19,19,9,9,28,28,28,28,21,40,40,14,14,36,0],"gold":16,"neow_bonus":"THREE_ENEMY_KILL","is_prod":false,"is_daily":false,"chose_seed":false,"campfire_upgraded":2,"win_rate":0,"timestamp":1551047379,"path_taken":["M","M","?","M","M","E","R","M","T","R","$","E","?","M","R","BOSS","M","?","$","M","?","R","$","R","T","M","R","M","E","?","R","BOSS"],"build_version":"2019-02-06","purchased_purges":2,"victory":false,"max_hp_per_floor":[66,66,66,66,66,66,66,66,66,66,66,66,66,66,66,66,66,66,66,66,66,66,66,66,66,66,66,66,66,76,76,76,76],"card_choices":[{"not_picked":["Underhanded Strike","Caltrops"],"picked":"Well Laid Plans","floor":1},{"not_picked":["Bane","Flying Knee","Blade Dance"],"picked":"SKIP","floor":2},{"not_picked":["Eviscerate","Bane"],"picked":"Cloak And Dagger","floor":3},{"not_picked":["Flechettes","Quick Slash"],"picked":"Dagger Spray","floor":4},{"not_picked":["Backflip","Reflex"],"picked":"PiercingWail","floor":5},{"not_picked":["Well Laid Plans","Choke"],"picked":"Crippling Poison","floor":6},{"not_picked":["Dodge and Roll","Backflip"],"picked":"Terror","floor":8},{"not_picked":["Blade Dance","Deadly Poison"],"picked":"Backflip","floor":12},{"not_picked":["Slice","Accuracy"],"picked":"PiercingWail","floor":14},{"not_picked":["Dodge and Roll","Choke"],"picked":"Dagger Spray","floor":18},{"not_picked":["Deadly Poison","Flying Knee"],"picked":"Cloak And Dagger","floor":21},{"not_picked":["Bane","Poisoned Stab","Outmaneuver"],"picked":"SKIP","floor":27},{"not_picked":["PiercingWail","Dagger Throw"],"picked":"Dagger Spray","floor":29},{"not_picked":["Terror","Storm of Steel","Expertise+1"],"picked":"SKIP","floor":30}],"player_experience":840204,"relics_obtained":[{"floor":6,"key":"Bottled Tornado"},{"floor":9,"key":"Bronze Scales"},{"floor":12,"key":"Calipers"},{"floor":22,"key":"Orichalcum"},{"floor":26,"key":"Potion Belt"},{"floor":30,"key":"Pear"}],"event_choices":[{"damage_healed":0,"gold_gain":0,"player_choice":"Ignored","damage_taken":0,"max_hp_gain":0,"max_hp_loss":0,"event_name":"Shining Light","floor":13,"gold_loss":0},{"damage_healed":0,"gold_gain":0,"player_choice":"Smashed Altar","damage_taken":0,"max_hp_gain":0,"max_hp_loss":0,"event_name":"Forgotten Altar","floor":19,"gold_loss":0,"cards_obtained":["Decay"]}],"is_beta":true,"boss_relics":[{"not_picked":["Runic Pyramid","WristBlade"],"picked":"White Beast Statue"}],"items_purged_floors":[11,20],"is_endless":false,"potions_floor_spawned":[1,5,6,8,14,18,21,27,29,30],"killed_by":"Collector","ascension_level":20}