{"gold_per_floor":[119,119,119,135,37,72,50,50,50,84,103,123,139,168,168,270,270,289,31,31,42,42,42,68,68,68,94,111,11,11,28,28,124,124,144,159,159,159,178,178,205,205,231,249,62,62,62,12,12,12],"floor_reached":51,"playtime":2452,"items_purged":["Strike_B","Strike_B"],"score":1169,"play_id":"ea1e5646-34f8-423e-a0a7-b786189350a4","local_time":"20190126101014","is_ascension_mode":true,"campfire_choices":[{"data":"Zap","floor":8.0,"key":"SMITH"},{"data":"Hologram","floor":15.0,"key":"SMITH"},{"data":"Dualcast","floor":23.0,"key":"SMITH"},{"data":"Reprogram","floor":25.0,"key":"SMITH"},{"data":"RitualDagger","floor":30.0,"key":"SMITH"},{"floor":32.0,"key":"REST"},{"floor":40,"key":"REST"},{"data":"Turbo","floor":42,"key":"SMITH"},{"floor":47,"key":"REST"},{"floor":49,"key":"REST"}],"neow_cost":"NONE","seed_source_timestamp":0,"circlet_count":0,"master_deck":["Defend_B","Defend_B","Defend_B","Defend_B","Zap+1","Dualcast+1","Gash","BootSequence","Rebound","Steam","Turbo+1","Gash","Hologram+1","Hologram","Gash","All For One","Go for the Eyes","Streamline","Gash","Reprogram+1","Biased Cognition","Gash","RitualDagger+1","Leap+1","Glacier+1","Cold Snap+1","Hologram+1","Compile Driver","Cold Snap+1","Swift Strike","Blind+1","All For One","Zap+1","Hologram+1","Stack+1","Forethought+1"],"special_seed":0,"relics":["Cracked Core","NeowsBlessing","Prayer Wheel","Mummified Hand","Orichalcum","Odd Mushroom","Busted Crown","Sling","Gambling Chip","Toxic Egg 2","Bottled Tornado","White Beast Statue","Lantern","Anchor"],"potions_floor_usage":[35,36,41,44,50,50,50],"damage_taken":[{"damage":0.0,"enemies":"Jaw Worm","floor":1.0,"turns":1.0},{"damage":0.0,"enemies":"Cultist","floor":4.0,"turns":1.0},{"damage":0.0,"enemies":"Lagavulin","floor":6.0,"turns":1.0},{"damage":20.0,"enemies":"3 Sentries","floor":10.0,"turns":7.0},{"damage":0.0,"enemies":"2 Louse","floor":11.0,"turns":3.0},{"damage":1.0,"enemies":"Looter","floor":12.0,"turns":2.0},{"damage":0.0,"enemies":"Red Slaver","floor":13.0,"turns":2.0},{"damage":1.0,"enemies":"The Mushroom Lair","floor":14.0,"turns":3.0},{"damage":16.0,"enemies":"Hexaghost","floor":16.0,"turns":6.0},{"damage":0.0,"enemies":"Chosen","floor":18.0,"turns":4.0},{"damage":0.0,"enemies":"Shell Parasite","floor":21.0,"turns":3.0},{"damage":34.0,"enemies":"Gremlin Leader","floor":24.0,"turns":6.0},{"damage":0.0,"enemies":"Book of Stabbing","floor":27.0,"turns":3.0},{"damage":0.0,"enemies":"Chosen and Byrds","floor":28.0,"turns":4.0},{"damage":2.0,"enemies":"Snake Plant","floor":31.0,"turns":3.0},{"damage":8.0,"enemies":"Champ","floor":33.0,"turns":6.0},{"damage":19,"enemies":"3 Darklings","floor":35,"turns":5},{"damage":9,"enemies":"3 Shapes","floor":36,"turns":5},{"damage":8,"enemies":"Sphere and 2 Shapes","floor":39,"turns":4},{"damage":0,"enemies":"Giant Head","floor":41,"turns":3},{"damage":19,"enemies":"4 Shapes","floor":44,"turns":4},{"damage":68,"enemies":"Time Eater","floor":50,"turns":8}],"seed_played":"7143975094446276086","potions_obtained":[{"floor":6.0,"key":"Strength Potion"},{"floor":11.0,"key":"Weak Potion"},{"floor":12.0,"key":"Fire Potion"},{"floor":14.0,"key":"Regen Potion"},{"floor":18.0,"key":"Block Potion"},{"floor":24.0,"key":"GamblersBrew"},{"floor":27.0,"key":"Fire Potion"},{"floor":35,"key":"Strength Potion"},{"floor":36,"key":"FearPotion"},{"floor":39,"key":"Swift Potion"},{"floor":41,"key":"FearPotion"},{"floor":44,"key":"Dexterity Potion"}],"is_trial":false,"path_per_floor":["M","?","?","M","$","E","$","R","T","E","M","M","M","?","R","B",null,"M","$","?","M","?","R","E","R","T","E","M","$","R","M","R","B",null,"M","M","?","?","M","R","E","R","T","M","$","?","R","$","R","B",null],"character_chosen":"DEFECT","items_purchased":["Steam","Gash","Sling","Gash","Hologram+1","PowerPotion","Forethought+1","Strength Potion"],"campfire_rested":4,"item_purchase_floors":[5,7,19,19,29,29,45,48],"current_hp_per_floor":[68,68,68,68,68,68,68,68,68,48,48,47,47,46,46,45,68,68,68,68,68,62,62,28,28,28,28,28,28,28,26,48,40,66,47,38,33,33,25,47,47,47,47,28,28,28,50,50,72,4],"gold":12,"neow_bonus":"THREE_ENEMY_KILL","is_prod":false,"is_daily":false,"chose_seed":false,"campfire_upgraded":6,"win_rate":0,"timestamp":1548515414,"path_taken":["M","?","?","?","$","E","?","R","T","E","M","M","M","?","R","BOSS","M","$","?","M","?","R","E","R","T","E","M","$","R","M","R","BOSS","M","M","?","?","?","R","E","R","T","M","?","?","R","$","R","BOSS"],"build_version":"2019-01-23","purchased_purges":2,"victory":true,"max_hp_per_floor":[75,75,75,75,75,75,75,75,75,75,75,75,75,75,75,75,75,75,75,75,75,75,75,75,75,75,75,75,75,75,75,75,75,75,75,75,75,75,75,75,75,75,75,75,75,75,75,75,75,75],"card_choices":[{"not_picked":["Sweeping Beam","Ball Lightning"],"picked":"Gash","floor":1.0},{"not_picked":["Sunder","Stack"],"picked":"Rebound","floor":4.0},{"not_picked":["Coolheaded","Blizzard"],"picked":"Turbo","floor":6.0},{"not_picked":["Recycle","Steam Power"],"picked":"Hologram","floor":10.0},{"not_picked":["Steam","Redo"],"picked":"Hologram","floor":11.0},{"not_picked":["Go for the Eyes","Undo"],"picked":"Gash","floor":11.0},{"not_picked":["Rebound","Streamline"],"picked":"All For One","floor":12.0},{"not_picked":["Compile Driver","Glacier"],"picked":"Go for the Eyes","floor":12.0},{"not_picked":["Sweeping Beam","Melter"],"picked":"Streamline","floor":13.0},{"not_picked":["Cold Snap","Go for the Eyes"],"picked":"Gash","floor":13.0},{"not_picked":["Ball Lightning","Glacier"],"picked":"Reprogram","floor":14.0},{"not_picked":["Thunder Strike","Fission"],"picked":"Biased Cognition","floor":16.0},{"not_picked":["Barrage"],"picked":"SKIP","floor":18.0},{"not_picked":["Cold Snap"],"picked":"SKIP","floor":18.0},{"not_picked":["Compile Driver"],"picked":"SKIP","floor":21.0},{"not_picked":["Turbo+1"],"picked":"SKIP","floor":21.0},{"not_picked":["Glacier"],"picked":"SKIP","floor":24.0},{"not_picked":[],"picked":"Leap+1","floor":27.0},{"not_picked":[],"picked":"Glacier+1","floor":28.0},{"not_picked":[],"picked":"Cold Snap+1","floor":28.0},{"not_picked":[],"picked":"Compile Driver","floor":31.0},{"not_picked":["Force Field+1"],"picked":"SKIP","floor":31.0},{"not_picked":[],"picked":"Cold Snap+1","floor":35},{"not_picked":["Barrage"],"picked":"SKIP","floor":35},{"not_picked":["Storm"],"picked":"SKIP","floor":36},{"not_picked":["Rebound+1"],"picked":"SKIP","floor":36},{"not_picked":[],"picked":"Swift Strike","floor":37},{"not_picked":[],"picked":"Blind+1","floor":37},{"not_picked":["Storm"],"picked":"SKIP","floor":39},{"not_picked":["Turbo+1"],"picked":"SKIP","floor":39},{"not_picked":["Compile Driver"],"picked":"SKIP","floor":41},{"not_picked":[],"picked":"Hologram+1","floor":44},{"not_picked":[],"picked":"Stack+1","floor":44}],"player_experience":462514,"relics_obtained":[{"floor":6.0,"key":"Prayer Wheel"},{"floor":9.0,"key":"Mummified Hand"},{"floor":10.0,"key":"Orichalcum"},{"floor":14.0,"key":"Odd Mushroom"},{"floor":24.0,"key":"Gambling Chip"},{"floor":26.0,"key":"Toxic Egg 2"},{"floor":27.0,"key":"Bottled Tornado"},{"floor":41,"key":"Lantern"},{"floor":43,"key":"Anchor"}],"event_choices":[{"cards_removed":["Strike_B"],"damage_healed":0.0,"max_hp_gain":0.0,"max_hp_loss":0.0,"gold_gain":0.0,"event_name":"Living Wall","player_choice":"Forget","floor":2.0,"gold_loss":0.0,"damage_taken":0.0},{"damage_healed":0.0,"max_hp_gain":0.0,"max_hp_loss":0.0,"gold_gain":0.0,"cards_transformed":["Strike_B"],"event_name":"Transmorgrifier","player_choice":"Transformed","floor":3.0,"gold_loss":0.0,"damage_taken":0.0,"cards_obtained":["BootSequence"]},{"damage_healed":0.0,"max_hp_gain":0.0,"max_hp_loss":0.0,"gold_gain":0.0,"event_name":"Mushrooms","player_choice":"Fought Mushrooms","floor":14.0,"gold_loss":0.0,"damage_taken":0.0},{"damage_healed":0.0,"max_hp_gain":0.0,"max_hp_loss":0.0,"gold_gain":0.0,"event_name":"Beggar","player_choice":"Ignored","floor":20.0,"gold_loss":0.0,"damage_taken":0.0},{"damage_healed":0.0,"max_hp_gain":0.0,"max_hp_loss":0.0,"gold_gain":0.0,"event_name":"Nest","player_choice":"Joined the Cult","floor":22.0,"gold_loss":0.0,"damage_taken":6.0,"cards_obtained":["RitualDagger"]},{"damage_healed":0,"gold_gain":0,"player_choice":"Memory 2","damage_taken":5,"max_hp_gain":0,"max_hp_loss":0,"event_name":"SensoryStone","floor":37,"gold_loss":0},{"damage_healed":0,"gold_gain":0,"player_choice":"2 cards matched","damage_taken":0,"max_hp_gain":0,"max_hp_loss":0,"event_name":"Match and Keep!","floor":38,"gold_loss":0,"cards_obtained":["All For One","Zap"]},{"damage_healed":0,"gold_gain":0,"player_choice":"Got Potions","damage_taken":0,"max_hp_gain":0,"max_hp_loss":0,"event_name":"Lab","floor":46,"gold_loss":0}],"is_beta":false,"boss_relics":[{"not_picked":["Lizard Tail","Ectoplasm"],"picked":"Busted Crown"},{"not_picked":["Calling Bell","Cursed Key"],"picked":"White Beast Statue"}],"items_purged_floors":[5,45],"is_endless":false,"potions_floor_spawned":[6,11,12,14,18,24,27,35,36,39,41,44],"ascension_level":8}