{"gold_per_floor":[110,127,127,17,29,29,56,56,56,66,85,113,113,124,124,124],"floor_reached":16,"playtime":864,"items_purged":["Strike_B"],"score":179,"play_id":"f3058f7f-197e-42c8-ad47-f6216eca7f26","local_time":"20190201085306","is_ascension_mode":true,"campfire_choices":[{"data":"Chill","floor":6,"key":"SMITH"},{"floor":8,"key":"REST"},{"data":"Hyperbeam","floor":13,"key":"SMITH"},{"data":"Storm","floor":15,"key":"SMITH"}],"neow_cost":"NONE","seed_source_timestamp":1239853368420492,"circlet_count":0,"master_deck":["AscendersBane","Strike_B","Strike_B","Defend_B","Defend_B","Defend_B","Defend_B","Zap","Dualcast","Redo","Chill+1","Blizzard","Consume","Loop","Force Field","Compile Driver","Hyperbeam+1","Storm+1"],"relics":["White Beast Statue","Cables","Mummified Hand","Matryoshka"],"potions_floor_usage":[7,7,10,12,14,16,16],"damage_taken":[{"damage":1,"enemies":"Cultist","floor":1,"turns":4},{"damage":4,"enemies":"Jaw Worm","floor":2,"turns":5},{"damage":4,"enemies":"2 Louse","floor":5,"turns":5},{"damage":31,"enemies":"Gremlin Nob","floor":7,"turns":5},{"damage":3,"enemies":"Large Slime","floor":10,"turns":9},{"damage":0,"enemies":"Blue Slaver","floor":11,"turns":7},{"damage":8,"enemies":"3 Sentries","floor":12,"turns":12},{"damage":0,"enemies":"Exordium Wildlife","floor":14,"turns":1},{"damage":47,"enemies":"Hexaghost","floor":16,"turns":14}],"seed_played":"6017499970679386124","potions_obtained":[{"floor":1,"key":"Ancient Potion"},{"floor":2,"key":"SteroidPotion"},{"floor":7,"key":"Block Potion"},{"floor":10,"key":"Poison Potion"},{"floor":11,"key":"Swift Potion"},{"floor":12,"key":"Swift Potion"},{"floor":14,"key":"Strength Potion"}],"is_trial":false,"path_per_floor":["M","M","?","$","M","R","E","R","T","M","M","E","R","M","R","B"],"character_chosen":"DEFECT","items_purchased":["Blizzard"],"campfire_rested":1,"item_purchase_floors":[4],"current_hp_per_floor":[67,63,63,63,59,59,28,50,50,47,47,39,39,39,39,0],"gold":124,"neow_bonus":"BOSS_RELIC","is_prod":false,"is_daily":false,"chose_seed":false,"campfire_upgraded":3,"win_rate":0,"timestamp":1549029186,"path_taken":["M","M","?","$","M","R","E","R","T","M","?","E","R","M","R","BOSS"],"build_version":"2019-01-23","purchased_purges":1,"victory":false,"max_hp_per_floor":[75,75,75,75,75,75,75,75,75,75,75,75,75,75,75,75],"card_choices":[{"not_picked":["Beam Cell","Steam"],"picked":"Redo","floor":1},{"not_picked":["Compile Driver","Gash"],"picked":"Chill","floor":2},{"not_picked":["Hologram","Core Surge"],"picked":"Consume","floor":5},{"not_picked":["Storm","Gash"],"picked":"Loop","floor":7},{"not_picked":["Turbo","Steam Power"],"picked":"Force Field","floor":10},{"not_picked":["Consume","Sweeping Beam"],"picked":"Compile Driver","floor":11},{"not_picked":["Reinforced Body","Barrage"],"picked":"Hyperbeam","floor":12},{"not_picked":["Aggregate","BootSequence"],"picked":"Storm","floor":14}],"player_experience":615105,"relics_obtained":[{"floor":7,"key":"Cables"},{"floor":9,"key":"Mummified Hand"},{"floor":12,"key":"Matryoshka"}],"event_choices":[{"cards_removed":["Strike_B"],"damage_healed":0,"gold_gain":0,"player_choice":"Offered Basic","damage_taken":0,"max_hp_gain":0,"max_hp_loss":0,"event_name":"Bonfire Elementals","floor":3,"gold_loss":0}],"is_beta":false,"boss_relics":[],"items_purged_floors":[4],"is_endless":false,"potions_floor_spawned":[1,2,5,7,10,11,12,14],"killed_by":"Hexaghost","ascension_level":12}