{"gold_per_floor":[111,131,0,0,75,105,105,115,138,151,163,197,197,207,207,305,305,317,328,328],"floor_reached":20,"playtime":793,"items_purged":[],"score":270,"play_id":"4656c9be-e1d4-44f5-ac91-7c2137366710","local_time":"20190208112117","is_ascension_mode":true,"campfire_choices":[{"floor":7,"key":"REST"},{"floor":15,"key":"REST"}],"neow_cost":"NONE","seed_source_timestamp":5528393939082,"circlet_count":0,"master_deck":["Strike_B","Strike_B","Strike_B","Defend_B","Defend_B","Defend_B","Defend_B","Zap","Dualcast","All For One","Cold Snap","Streamline","Defragment+1","Leap","Glacier","Conserve Battery","Melter","Electrodynamics","Gash","Hologram","Fission","Double Energy","Undo+1"],"relics":["Cracked Core","Bronze Scales","Art of War","Matryoshka","Philosopher\u0027s Stone"],"potions_floor_usage":[10,14],"damage_taken":[{"damage":0,"enemies":"Small Slimes","floor":1,"turns":3},{"damage":1,"enemies":"Cultist","floor":2,"turns":3},{"damage":26,"enemies":"Lagavulin","floor":6,"turns":6},{"damage":0,"enemies":"2 Louse","floor":8,"turns":2},{"damage":17,"enemies":"Lots of Slimes","floor":10,"turns":3},{"damage":7,"enemies":"Large Slime","floor":11,"turns":6},{"damage":20,"enemies":"Gremlin Nob","floor":12,"turns":5},{"damage":0,"enemies":"2 Fungi Beasts","floor":14,"turns":3},{"damage":10,"enemies":"Hexaghost","floor":16,"turns":10},{"damage":25,"enemies":"2 Thieves","floor":18,"turns":4},{"damage":20,"enemies":"3 Byrds","floor":19,"turns":3},{"damage":27,"enemies":"Masked Bandits","floor":20,"turns":3}],"seed_played":"-9125888688559436467","potions_obtained":[{"floor":6,"key":"Ancient Potion"},{"floor":8,"key":"PowerPotion"},{"floor":12,"key":"SkillPotion"}],"is_trial":false,"path_per_floor":["M","M","$","?","?","E","R","M","T","M","M","E","?","M","R","B",null,"M","M","?"],"character_chosen":"DEFECT","items_purchased":["Defragment","Leap"],"campfire_rested":2,"item_purchase_floors":[3,3],"current_hp_per_floor":[68,67,67,67,56,30,52,52,52,35,28,8,8,8,30,20,61,36,16,0],"gold":328,"neow_bonus":"ONE_RANDOM_RARE_CARD","is_prod":false,"is_daily":false,"chose_seed":false,"campfire_upgraded":0,"win_rate":0,"timestamp":1549592477,"path_taken":["M","M","$","?","?","E","R","M","T","M","M","E","?","?","R","BOSS","M","M","?"],"build_version":"2019-01-23","purchased_purges":0,"victory":false,"max_hp_per_floor":[75,75,75,75,75,75,75,75,75,75,75,75,75,75,75,75,75,75,75,75],"card_choices":[{"not_picked":["Barrage","White Noise"],"picked":"Cold Snap","floor":1},{"not_picked":["Self Repair","Redo"],"picked":"Streamline","floor":2},{"not_picked":["Redo","Barrage"],"picked":"Glacier","floor":6},{"not_picked":["Sunder","Redo"],"picked":"Conserve Battery","floor":8},{"not_picked":["Go for the Eyes","Cold Snap"],"picked":"Melter","floor":10},{"not_picked":["Blizzard","Defragment"],"picked":"Electrodynamics","floor":11},{"not_picked":["Ball Lightning","Redo"],"picked":"Gash","floor":12},{"not_picked":["Reprogram","Heatsinks"],"picked":"Hologram","floor":14},{"not_picked":["Rainbow","Multi-Cast"],"picked":"Fission","floor":16},{"not_picked":["Hologram","Darkness"],"picked":"Double Energy","floor":18},{"not_picked":["Rebound","Hologram"],"picked":"Undo+1","floor":19}],"player_experience":290970,"relics_obtained":[{"floor":6,"key":"Bronze Scales"},{"floor":9,"key":"Art of War"},{"floor":12,"key":"Matryoshka"}],"event_choices":[{"damage_healed":0,"gold_gain":0,"player_choice":"Grow","damage_taken":0,"max_hp_gain":0,"max_hp_loss":0,"event_name":"Living Wall","floor":4,"gold_loss":0,"cards_upgraded":["Defragment"]},{"damage_healed":0,"gold_gain":75,"player_choice":"Gather Gold","damage_taken":11,"max_hp_gain":0,"max_hp_loss":0,"event_name":"World of Goop","floor":5,"gold_loss":0},{"cards_removed":["Strike_B"],"damage_healed":0,"gold_gain":0,"player_choice":"Purged","damage_taken":0,"max_hp_gain":0,"max_hp_loss":0,"event_name":"Purifier","floor":13,"gold_loss":0},{"damage_healed":0,"gold_gain":0,"player_choice":"Fought Bandits","damage_taken":0,"max_hp_gain":0,"max_hp_loss":0,"event_name":"Masked Bandits","floor":20,"gold_loss":0}],"is_beta":false,"boss_relics":[{"not_picked":["White Beast Statue","Runic Dome"],"picked":"Philosopher\u0027s Stone"}],"items_purged_floors":[],"is_endless":false,"potions_floor_spawned":[6,8,12],"killed_by":"Masked Bandits","ascension_level":9}