{"gold_per_floor":[114,125,140,140,153,153,181,15,40,96,116,116,135,151,151,223,223,235,108,108,108,108],"floor_reached":22,"playtime":894,"items_purged":["Strike_B","Strike_B"],"score":343,"play_id":"322009a4-8497-413f-9734-832552987b38","local_time":"20190210233326","is_ascension_mode":true,"campfire_choices":[{"floor":6.0,"key":"REST"},{"data":"Redo","floor":12.0,"key":"SMITH"},{"data":"Defragment","floor":15.0,"key":"SMITH"}],"neow_cost":"NONE","seed_source_timestamp":41126895502096,"circlet_count":0,"master_deck":["AscendersBane","Strike_B","Strike_B","Defend_B","Defend_B","Defend_B","Defend_B","Zap+1","Dualcast","Conserve Battery","Coolheaded","Darkness","Electrodynamics","Hologram","Self Repair","Redo+1","Sunder","Defragment+1","Turbo","Machine Learning","Conserve Battery"],"special_seed":0,"relics":["Cracked Core","Orichalcum","Art of War","Tiny Chest","Inserter"],"potions_floor_usage":[16,22],"damage_taken":[{"damage":0.0,"enemies":"2 Louse","floor":1.0,"turns":1.0},{"damage":7.0,"enemies":"Small Slimes","floor":2.0,"turns":3.0},{"damage":0.0,"enemies":"Cultist","floor":3.0,"turns":4.0},{"damage":13.0,"enemies":"Exordium Thugs","floor":5.0,"turns":5.0},{"damage":14.0,"enemies":"Lagavulin","floor":7.0,"turns":6.0},{"damage":4.0,"enemies":"3 Sentries","floor":10.0,"turns":4.0},{"damage":1.0,"enemies":"2 Fungi Beasts","floor":11.0,"turns":4.0},{"damage":2.0,"enemies":"Blue Slaver","floor":13.0,"turns":4.0},{"damage":7.0,"enemies":"3 Louse","floor":14.0,"turns":3.0},{"damage":52,"enemies":"Hexaghost","floor":16,"turns":11},{"damage":33,"enemies":"2 Thieves","floor":18,"turns":4},{"damage":32,"enemies":"3 Byrds","floor":22,"turns":2}],"seed_played":"2464671482584398108","potions_obtained":[{"floor":10.0,"key":"LiquidBronze"},{"floor":16,"key":"Ancient Potion"}],"is_trial":false,"path_per_floor":["M","M","M","$","M","R","E","$","T","E","M","R","M","M","R","B",null,"M","$","?","?","M"],"character_chosen":"DEFECT","items_purchased":["Self Repair","Strength Potion","Conserve Battery"],"campfire_rested":1,"item_purchase_floors":[8,8,19],"current_hp_per_floor":[64,57,57,57,44,65,51,51,51,54,60,60,65,65,65,20,58,32,32,32,32,0],"gold":108,"neow_bonus":"UPGRADE_CARD","is_prod":false,"is_daily":false,"chose_seed":false,"campfire_upgraded":2,"win_rate":0,"timestamp":1549809206,"path_taken":["M","M","M","$","M","R","E","$","T","E","M","R","M","M","R","BOSS","M","$","?","?","M"],"build_version":"2019-01-23","purchased_purges":2,"victory":false,"max_hp_per_floor":[71,71,71,71,71,71,71,71,71,71,71,71,71,71,71,71,71,71,71,71,71,71],"card_choices":[{"not_picked":["Compile Driver","Turbo"],"picked":"Conserve Battery","floor":1.0},{"not_picked":["Beam Cell","Hologram"],"picked":"Coolheaded","floor":2.0},{"not_picked":["Stack","Redo"],"picked":"Darkness","floor":3.0},{"not_picked":["Hologram","Capacitor"],"picked":"Electrodynamics","floor":5.0},{"not_picked":["Force Field","Steam Power"],"picked":"Hologram","floor":7.0},{"not_picked":["Undo","Hello World"],"picked":"Redo","floor":10.0},{"not_picked":["Heatsinks","Loop"],"picked":"Sunder","floor":11.0},{"not_picked":["Conserve Battery","Barrage"],"picked":"Defragment","floor":13.0},{"not_picked":["Reprogram","Ball Lightning"],"picked":"Turbo","floor":14.0},{"not_picked":["Meteor Strike","Rainbow"],"picked":"Machine Learning","floor":16},{"not_picked":["Ball Lightning+1","Turbo","Storm+1"],"picked":"SKIP","floor":18}],"player_experience":336239,"relics_obtained":[{"floor":7.0,"key":"Orichalcum"},{"floor":9.0,"key":"Art of War"},{"floor":10.0,"key":"Tiny Chest"}],"event_choices":[{"damage_healed":0,"gold_gain":0,"player_choice":"Ignored","damage_taken":0,"max_hp_gain":0,"max_hp_loss":0,"event_name":"Cursed Tome","floor":20,"gold_loss":0},{"damage_healed":0,"gold_gain":0,"player_choice":"Ignored","damage_taken":0,"max_hp_gain":0,"max_hp_loss":0,"event_name":"Ghosts","floor":21,"gold_loss":0}],"is_beta":false,"boss_relics":[{"not_picked":["Black Star","Snecko Eye"],"picked":"Inserter"}],"items_purged_floors":[8,19],"is_endless":false,"potions_floor_spawned":[10,11,13,14,16,18],"killed_by":"3 Byrds","ascension_level":15}