{"gold_per_floor":[118,43,57,57,75,108,108,123,150,150,150,102,118,148,148,148],"floor_reached":16,"playtime":628,"items_purged":["Defend_R"],"score":121,"play_id":"def4f670-a439-4c00-aff5-c29f9028fa7b","local_time":"20190108093346","is_ascension_mode":true,"campfire_choices":[{"data":"Rage","floor":7,"key":"SMITH"},{"floor":10,"key":"REST"},{"floor":15,"key":"REST"}],"neow_cost":"NONE","seed_source_timestamp":1087913041325,"circlet_count":0,"master_deck":["Strike_R","Strike_R","Strike_R","Strike_R","Strike_R","Defend_R","Defend_R","Defend_R","Bash","Rage+1","Shockwave","Entrench","Bloodletting+1","Infernal Blade+1","Double Tap+1"],"relics":["Burning Blood","Omamori","Toxic Egg 2","Centennial Puzzle","Thread and Needle"],"potions_floor_usage":[8,14],"damage_taken":[{"damage":1,"enemies":"Cultist","floor":1,"turns":3},{"damage":4,"enemies":"Small Slimes","floor":3,"turns":4},{"damage":9,"enemies":"Jaw Worm","floor":5,"turns":4},{"damage":56,"enemies":"Lagavulin","floor":6,"turns":9},{"damage":24,"enemies":"Exordium Thugs","floor":8,"turns":4},{"damage":12,"enemies":"Gremlin Gang","floor":13,"turns":7},{"damage":24,"enemies":"3 Sentries","floor":14,"turns":11},{"damage":46,"enemies":"Slime Boss","floor":16,"turns":6}],"seed_played":"-6481878517640586351","potions_obtained":[{"floor":3,"key":"PowerPotion"},{"floor":8,"key":"Weak Potion"}],"is_trial":false,"path_per_floor":["M","$","M","T","M","E","R","M","T","R","?","?","M","E","R","B"],"character_chosen":"IRONCLAD","items_purchased":[],"campfire_rested":2,"item_purchase_floors":[],"current_hp_per_floor":[80,80,80,80,77,27,27,9,9,33,33,33,27,9,33,0],"gold":148,"neow_bonus":"RANDOM_COMMON_RELIC","is_prod":false,"is_daily":false,"chose_seed":false,"campfire_upgraded":1,"win_rate":0,"timestamp":1546907626,"path_taken":["M","$","M","?","M","E","R","M","T","R","?","?","M","E","R","BOSS"],"build_version":"2019-01-03v4","purchased_purges":1,"victory":false,"max_hp_per_floor":[80,80,80,80,80,80,80,80,80,80,80,80,80,80,80,80],"card_choices":[{"not_picked":["Cleave","Power Through"],"picked":"Rage","floor":1},{"not_picked":["Pommel Strike","Sentinel"],"picked":"Shockwave","floor":3},{"not_picked":["Burning Pact","Body Slam"],"picked":"Entrench","floor":5},{"not_picked":["Thunderclap","Brutality","Anger"],"picked":"SKIP","floor":6},{"not_picked":["Heavy Blade","Wild Strike"],"picked":"Bloodletting+1","floor":8},{"not_picked":["True Grit+1","Heavy Blade"],"picked":"Infernal Blade+1","floor":13},{"not_picked":["True Grit+1","Wild Strike"],"picked":"Double Tap+1","floor":14}],"player_experience":165013,"relics_obtained":[{"floor":6,"key":"Toxic Egg 2"},{"floor":9,"key":"Centennial Puzzle"},{"floor":14,"key":"Thread and Needle"}],"event_choices":[{"damage_healed":0,"gold_gain":0,"player_choice":"Fled","damage_taken":0,"max_hp_gain":0,"max_hp_loss":0,"event_name":"Scrap Ooze","floor":11,"gold_loss":0},{"damage_healed":0,"gold_gain":0,"player_choice":"Left Gold","damage_taken":0,"max_hp_gain":0,"max_hp_loss":0,"event_name":"World of Goop","floor":12,"gold_loss":48}],"is_beta":false,"boss_relics":[],"items_purged_floors":[2],"is_endless":false,"potions_floor_spawned":[3,8],"killed_by":"Slime Boss","ascension_level":2}