{"gold_per_floor":[119,119,24,37,37,37,67,67,67,67,98,110,120,140,140,214,214,228,101,101,120,120,145,145,145],"floor_reached":25,"playtime":2039,"items_purged":["Defend_B"],"score":389,"play_id":"454e105b-2d34-4a61-acd3-8735822a9c90","local_time":"20190210201455","is_ascension_mode":true,"campfire_choices":[{"floor":6,"key":"REST"},{"floor":8,"key":"REST"},{"floor":10,"key":"REST"},{"data":"Fission","floor":15,"key":"SMITH"},{"data":"Fusion","floor":24,"key":"SMITH"}],"neow_cost":"NONE","seed_source_timestamp":2057268139101088,"circlet_count":0,"master_deck":["AscendersBane","Defend_B","Defend_B","Defend_B","Zap","Dualcast","Hologram+1","Echo Form+1","Genetic Algorithm+1","Steam","Beam Cell","White Noise","Cold Snap","Ball Lightning","Fission+1","Self Repair","Ball Lightning","Fusion+1","Seek","Genetic Algorithm+1","Consume","Coolheaded"],"relics":["Astrolabe","Singing Bowl","Thread and Needle","Emotion Chip","Pocketwatch","Inserter","Frozen Egg 2"],"potions_floor_usage":[14,16,23],"damage_taken":[{"damage":32,"enemies":"Jaw Worm","floor":1,"turns":8},{"damage":8,"enemies":"Cultist","floor":4,"turns":5},{"damage":36,"enemies":"Lagavulin","floor":7,"turns":9},{"damage":32,"enemies":"Gremlin Nob","floor":11,"turns":6},{"damage":0,"enemies":"2 Louse","floor":12,"turns":3},{"damage":0,"enemies":"Red Slaver","floor":13,"turns":7},{"damage":0,"enemies":"2 Fungi Beasts","floor":14,"turns":3},{"damage":5,"enemies":"Slime Boss","floor":16,"turns":7},{"damage":20,"enemies":"Spheric Guardian","floor":18,"turns":6},{"damage":7,"enemies":"2 Thieves","floor":21,"turns":3},{"damage":20,"enemies":"Book of Stabbing","floor":23,"turns":7},{"damage":0,"enemies":"Sentry and Sphere","floor":25,"turns":2}],"seed_played":"-4833950004760284862","potions_obtained":[{"floor":4,"key":"Explosive Potion"},{"floor":13,"key":"FocusPotion"},{"floor":22,"key":"FairyPotion"}],"is_trial":false,"path_per_floor":["M","?","$","M","T","R","E","R","T","R","E","M","M","M","R","B",null,"M","$","?","M","?","E","R","M"],"character_chosen":"DEFECT","items_purchased":["White Noise","Cold Snap","PowerPotion"],"campfire_rested":3,"item_purchase_floors":[3,3,19],"current_hp_per_floor":[32,32,32,24,24,45,11,32,32,53,21,21,28,35,35,37,64,60,60,60,60,60,47,47,47],"gold":145,"neow_bonus":"BOSS_RELIC","is_prod":false,"is_daily":false,"chose_seed":false,"campfire_upgraded":2,"win_rate":0,"timestamp":1549847695,"path_taken":["M","?","?","?","?","R","E","R","T","R","E","M","?","M","R","BOSS","M","$","?","?","?","E","R","M"],"build_version":"2019-01-23","purchased_purges":1,"victory":false,"max_hp_per_floor":[71,71,71,71,71,71,73,73,73,73,73,73,73,73,73,73,73,75,75,75,75,75,75,75,75],"card_choices":[{"not_picked":["Beam Cell","Barrage"],"picked":"Steam","floor":1},{"not_picked":["Compile Driver","Leap"],"picked":"Ball Lightning","floor":4},{"not_picked":["Coolheaded","Rip and Tear","Sweeping Beam"],"picked":"Singing Bowl","floor":7},{"not_picked":["Turbo","Reinforced Body"],"picked":"Fission","floor":11},{"not_picked":["Beam Cell","Barrage"],"picked":"Self Repair","floor":12},{"not_picked":["Rebound","Redo"],"picked":"Ball Lightning","floor":13},{"not_picked":["Sweeping Beam","Hologram"],"picked":"Fusion","floor":14},{"not_picked":["All For One","Reboot"],"picked":"Seek","floor":16},{"not_picked":["Beam Cell","Blizzard","Ball Lightning"],"picked":"Singing Bowl","floor":18},{"not_picked":["Beam Cell","Recycle"],"picked":"Consume","floor":21},{"not_picked":["Conserve Battery","Rip and Tear"],"picked":"Coolheaded","floor":23}],"player_experience":722741,"relics_obtained":[{"floor":5,"key":"Singing Bowl"},{"floor":7,"key":"Thread and Needle"},{"floor":9,"key":"Emotion Chip"},{"floor":11,"key":"Pocketwatch"},{"floor":23,"key":"Frozen Egg 2"}],"event_choices":[{"damage_healed":0,"gold_gain":0,"cards_transformed":["Strike_B"],"player_choice":"Transformed","damage_taken":0,"max_hp_gain":0,"max_hp_loss":0,"event_name":"Transmorgrifier","floor":2,"gold_loss":0,"cards_obtained":["Beam Cell"]},{"damage_healed":0,"gold_gain":0,"player_choice":"Copied","damage_taken":0,"max_hp_gain":0,"max_hp_loss":0,"event_name":"Duplicator","floor":20,"gold_loss":0,"cards_obtained":["Genetic Algorithm"]},{"damage_healed":0,"gold_gain":0,"player_choice":"Got Potions","damage_taken":0,"max_hp_gain":0,"max_hp_loss":0,"event_name":"Lab","floor":22,"gold_loss":0}],"is_beta":false,"boss_relics":[{"not_picked":["Empty Cage","Tiny House"],"picked":"Inserter"}],"items_purged_floors":[19],"is_endless":false,"potions_floor_spawned":[4,13],"killed_by":"Sentry and Sphere","ascension_level":14}