{"gold_per_floor":[115,115,40,60,77,77,88,88,88,108,108,119,119,129,129,228,228,243,259,277,91,101,101,101,101,101,101,121,40,57,57],"floor_reached":31,"playtime":1061,"items_purged":["Strike_R"],"score":231,"play_id":"bd20cb7d-de9c-46a7-85a3-91d84b1c183c","local_time":"20190216174051","is_ascension_mode":false,"campfire_choices":[{"data":"Bash","floor":6.0,"key":"SMITH"},{"data":"Clothesline","floor":8.0,"key":"SMITH"},{"data":"Flame Barrier","floor":11.0,"key":"SMITH"},{"data":"Metallicize","floor":13.0,"key":"SMITH"},{"floor":15.0,"key":"REST"},{"data":"Shockwave","floor":23.0,"key":"SMITH"},{"data":"Juggernaut","floor":27,"key":"SMITH"}],"neow_cost":"NONE","seed_source_timestamp":320946362086458,"circlet_count":0,"master_deck":["Strike_R","Strike_R","Strike_R","Strike_R","Defend_R","Defend_R","Defend_R","Defend_R","Bash+1","Shrug It Off","Flame Barrier+1","Cleave","Clothesline+1","Metallicize+1","Flame Barrier","Metallicize","Pommel Strike","Juggernaut+1","True Grit+1","Flame Barrier","Shockwave+1","Corruption","Whirlwind","Evolve","Spot Weakness"],"special_seed":0,"relics":["Sozu"],"potions_floor_usage":[],"damage_taken":[{"damage":1.0,"enemies":"Jaw Worm","floor":1.0,"turns":3.0},{"damage":0.0,"enemies":"2 Louse","floor":4.0,"turns":2.0},{"damage":6.0,"enemies":"Cultist","floor":5.0,"turns":3.0},{"damage":3.0,"enemies":"3 Louse","floor":7.0,"turns":1.0},{"damage":14.0,"enemies":"Exordium Thugs","floor":10.0,"turns":5.0},{"damage":0.0,"enemies":"Red Slaver","floor":12.0,"turns":4.0},{"damage":0.0,"enemies":"3 Louse","floor":14.0,"turns":2.0},{"damage":11.0,"enemies":"The Guardian","floor":16.0,"turns":12.0},{"damage":11.0,"enemies":"Chosen","floor":18.0,"turns":5.0},{"damage":1.0,"enemies":"Spheric Guardian","floor":19.0,"turns":5.0},{"damage":2.0,"enemies":"Centurion and Healer","floor":20.0,"turns":10.0},{"damage":15.0,"enemies":"Snake Plant","floor":22.0,"turns":5.0},{"damage":12,"enemies":"Chosen and Byrds","floor":28,"turns":7},{"damage":15,"enemies":"Snecko","floor":30,"turns":5},{"damage":25,"enemies":"3 Cultists","floor":31,"turns":4}],"seed_played":"-8911179591885244050","potions_obtained":[],"is_trial":false,"path_per_floor":["M","?","$","M","M","R","M","R","T","M","R","M","R","M","R","B",null,"M","M","M","$","M","R","?","$","T","R","M","$","M","M"],"character_chosen":"IRONCLAD","items_purchased":["Flame Barrier","Shockwave","Corruption","Spot Weakness"],"campfire_rested":1,"item_purchase_floors":[3,21,21,29],"current_hp_per_floor":[79,79,79,79,73,73,70,70,70,56,56,56,56,56,80,69,80,69,68,66,66,51,51,51,51,51,51,39,39,24,0],"gold":57,"neow_bonus":"BOSS_RELIC","is_prod":false,"is_daily":false,"chose_seed":false,"campfire_upgraded":6,"win_rate":0,"timestamp":1550356851,"path_taken":["M","?","$","M","M","R","M","R","T","M","R","M","R","M","R","BOSS","M","M","M","$","M","R","?","$","T","R","M","$","M","M"],"build_version":"2019-01-23","purchased_purges":1,"victory":false,"max_hp_per_floor":[80,80,80,80,80,80,80,80,80,80,80,80,80,80,80,80,80,80,80,80,80,80,80,80,80,80,80,80,80,80,80],"card_choices":[{"not_picked":["Heavy Blade","Wild Strike"],"picked":"Shrug It Off","floor":1.0},{"not_picked":["Havoc","True Grit"],"picked":"Cleave","floor":4.0},{"not_picked":["Pommel Strike","Anger"],"picked":"Clothesline","floor":5.0},{"not_picked":["Clash","Blood for Blood"],"picked":"Metallicize","floor":7.0},{"not_picked":["Hemokinesis","Anger"],"picked":"Flame Barrier","floor":10.0},{"not_picked":["Sword Boomerang","Power Through"],"picked":"Metallicize","floor":12.0},{"not_picked":["Headbutt","Twin Strike"],"picked":"Pommel Strike","floor":14.0},{"not_picked":["Brutality","Bludgeon"],"picked":"Juggernaut","floor":16.0},{"not_picked":["Heavy Blade","Twin Strike"],"picked":"True Grit+1","floor":18.0},{"not_picked":["Clash","Sword Boomerang","Pommel Strike"],"picked":"SKIP","floor":19.0},{"not_picked":["Perfected Strike","Armaments"],"picked":"Flame Barrier","floor":20.0},{"not_picked":["Heavy Blade+1","Pommel Strike"],"picked":"Whirlwind","floor":22.0},{"not_picked":["Blood for Blood","Burning Pact"],"picked":"Evolve","floor":28},{"not_picked":["Havoc","Dual Wield+1","Heavy Blade+1"],"picked":"SKIP","floor":30}],"player_experience":461196,"relics_obtained":[],"event_choices":[{"damage_healed":0.0,"max_hp_gain":0.0,"max_hp_loss":0.0,"gold_gain":0.0,"event_name":"Golden Idol","player_choice":"Ignored","floor":2.0,"gold_loss":0.0,"damage_taken":0.0},{"damage_healed":0,"gold_gain":0,"player_choice":"Ignored","damage_taken":0,"max_hp_gain":0,"max_hp_loss":0,"event_name":"Cursed Tome","floor":24,"gold_loss":0}],"is_beta":false,"boss_relics":[{"not_picked":["Pandora\u0027s Box","White Beast Statue","Eternal Feather"]}],"items_purged_floors":[21],"is_endless":false,"potions_floor_spawned":[4,7,14,16,18,22,28],"killed_by":"3 Cultists","ascension_level":0}