{"gold_per_floor":[117,137,137,62,135,135,153,153,235,264,283,300,200,218,218,318,318,332,332,332,352,227,227],"floor_reached":23,"playtime":916,"items_purged":["Strike_G","Strike_G","Defend_G"],"score":216,"play_id":"42510742-e3ed-45e0-a7e0-0e45989f1835","local_time":"20190211165246","is_ascension_mode":false,"campfire_choices":[{"data":"Neutralize","floor":6,"key":"SMITH"},{"data":"Survivor","floor":8,"key":"SMITH"},{"data":"Defend_G","floor":15,"key":"SMITH"}],"neow_cost":"NONE","seed_source_timestamp":2132678360084488,"circlet_count":0,"master_deck":["Defend_G","Defend_G+1","Defend_G","Defend_G","Strike_G","Strike_G","Strike_G","Survivor+1","Neutralize+1","Deadly Poison+1","Noxious Fumes"],"relics":["Coffee Dripper","Paper Crane","Question Card","Meat on the Bone","WristBlade"],"potions_floor_usage":[10],"damage_taken":[{"damage":5,"enemies":"Small Slimes","floor":1,"turns":5},{"damage":1,"enemies":"Cultist","floor":2,"turns":4},{"damage":0,"enemies":"2 Louse","floor":7,"turns":2},{"damage":0,"enemies":"Lagavulin","floor":10,"turns":6},{"damage":0,"enemies":"2 Fungi Beasts","floor":11,"turns":4},{"damage":11,"enemies":"Exordium Wildlife","floor":12,"turns":6},{"damage":8,"enemies":"Gremlin Gang","floor":14,"turns":6},{"damage":11,"enemies":"The Guardian","floor":16,"turns":11},{"damage":12,"enemies":"3 Byrds","floor":18,"turns":8},{"damage":4,"enemies":"Spheric Guardian","floor":21,"turns":5},{"damage":44,"enemies":"Gremlin Leader","floor":23,"turns":6}],"seed_played":"6002900985810040907","potions_obtained":[{"floor":7,"key":"SkillPotion"},{"floor":12,"key":"Ancient Potion"}],"is_trial":false,"path_per_floor":["M","M","?","$","T","R","M","R","T","E","M","M","$","M","R","B",null,"M","?","?","M","$","E"],"character_chosen":"THE_SILENT","items_purchased":[],"campfire_rested":0,"item_purchase_floors":[],"current_hp_per_floor":[65,64,64,64,64,64,64,64,64,64,64,53,53,45,45,46,70,58,58,45,41,41,0],"gold":227,"neow_bonus":"BOSS_RELIC","is_prod":false,"is_daily":false,"chose_seed":false,"campfire_upgraded":3,"win_rate":0,"timestamp":1549921966,"path_taken":["M","M","?","$","?","R","M","R","T","E","M","M","$","M","R","BOSS","M","?","?","M","$","E"],"build_version":"2019-01-23","purchased_purges":3,"victory":false,"max_hp_per_floor":[70,70,70,70,70,70,70,70,70,70,70,70,70,70,70,70,70,70,70,75,75,75,75],"card_choices":[{"not_picked":["Bane","Flying Knee","Sucker Punch"],"picked":"SKIP","floor":1},{"not_picked":["Prepared","Flying Knee"],"picked":"Deadly Poison","floor":2},{"not_picked":["Blade Dance","Prepared","Poisoned Stab"],"picked":"SKIP","floor":7},{"not_picked":["Masterful Stab","Dodge and Roll","PiercingWail","Poisoned Stab"],"picked":"SKIP","floor":10},{"not_picked":["Outmaneuver","Malaise","Dagger Spray","Deflect"],"picked":"SKIP","floor":11},{"not_picked":["Sucker Punch","Prepared","Dagger Spray","Outmaneuver"],"picked":"SKIP","floor":12},{"not_picked":["Deadly Poison","Slice","Prepared","Bouncing Flask"],"picked":"SKIP","floor":14},{"not_picked":["Outmaneuver+1","Poisoned Stab","Dodge and Roll+1"],"picked":"Noxious Fumes","floor":18},{"not_picked":["Infinite Blades","Sucker Punch","Caltrops+1","Bane+1"],"picked":"SKIP","floor":21}],"player_experience":741272,"relics_obtained":[{"floor":5,"key":"Paper Crane"},{"floor":9,"key":"Question Card"},{"floor":10,"key":"Meat on the Bone"}],"event_choices":[{"damage_healed":0,"gold_gain":0,"player_choice":"Forge","damage_taken":0,"max_hp_gain":0,"max_hp_loss":0,"event_name":"Accursed Blacksmith","floor":3,"gold_loss":0,"cards_upgraded":["Deadly Poison"]},{"damage_healed":0,"gold_gain":0,"player_choice":"Ignored","damage_taken":0,"max_hp_gain":0,"max_hp_loss":0,"event_name":"Vampires","floor":19,"gold_loss":0},{"damage_healed":0,"gold_gain":0,"player_choice":"Shed Blood","damage_taken":18,"max_hp_gain":5,"max_hp_loss":0,"event_name":"Forgotten Altar","floor":20,"gold_loss":0}],"is_beta":false,"boss_relics":[{"not_picked":["Ectoplasm","Sozu"],"picked":"WristBlade"}],"items_purged_floors":[4,13,22],"is_endless":false,"potions_floor_spawned":[7,12],"killed_by":"Gremlin Leader","ascension_level":0}