{"gold_per_floor":[116,116,130,148,148,148,176,189,189,202,202,87,122,22,22,119,119,134,149,161,171,46,46,64,95,119,119,119,154,168,195,195,300,300,313,313,313,163,163,163,163,163,163,263,292,292,307,326,326,326],"floor_reached":51,"playtime":2184,"items_purged":["Strike_R","Strike_R","Strike_R","Defend_R"],"score":1008,"play_id":"5c7f2944-a406-455c-a9b4-bb854511d358","local_time":"20190112142019","is_ascension_mode":true,"campfire_choices":[{"data":"Bash","floor":6.0,"key":"SMITH"},{"data":"Rage","floor":11.0,"key":"SMITH"},{"data":"Rampage","floor":15.0,"key":"SMITH"},{"data":"Feed","floor":23.0,"key":"SMITH"},{"data":"Flex","floor":27.0,"key":"SMITH"},{"data":"Shrug It Off","floor":32.0,"key":"SMITH"},{"data":"Clash","floor":40.0,"key":"SMITH"},{"data":"Headbutt","floor":42.0,"key":"SMITH"},{"floor":46.0,"key":"REST"},{"floor":49.0,"key":"REST"}],"neow_cost":"NONE","seed_source_timestamp":19012627737340,"circlet_count":0,"master_deck":["Defend_R","Defend_R","Bash+1","Flame Barrier+1","Clash+1","Evolve","Flex+1","Rage+1","Shrug It Off+1","Rampage+1","Headbutt+1","Feed+1"],"special_seed":0,"relics":["Burning Blood","Bronze Scales","Ornamental Fan","Singing Bowl","Letter Opener","Busted Crown","Bird Faced Urn","Juzu Bracelet","Bottled Lightning","Red Mask","Velvet Choker","Kunai","Dodecahedron","Turnip","Du-Vu Doll"],"potions_floor_usage":[50],"damage_taken":[{"damage":7.0,"enemies":"Small Slimes","floor":1.0,"turns":3.0},{"damage":10.0,"enemies":"Cultist","floor":3.0,"turns":5.0},{"damage":4.0,"enemies":"Jaw Worm","floor":4.0,"turns":4.0},{"damage":13.0,"enemies":"Gremlin Nob","floor":7.0,"turns":4.0},{"damage":11.0,"enemies":"Exordium Thugs","floor":8.0,"turns":4.0},{"damage":1.0,"enemies":"Looter","floor":10.0,"turns":3.0},{"damage":1.0,"enemies":"3 Sentries","floor":13.0,"turns":8.0},{"damage":34.0,"enemies":"The Guardian","floor":16.0,"turns":8.0},{"damage":9.0,"enemies":"Shell Parasite","floor":18.0,"turns":4.0},{"damage":0.0,"enemies":"3 Byrds","floor":19.0,"turns":1.0},{"damage":2.0,"enemies":"Centurion and Healer","floor":20.0,"turns":6.0},{"damage":12.0,"enemies":"3 Cultists","floor":21.0,"turns":5.0},{"damage":0.0,"enemies":"Snake Plant","floor":24.0,"turns":2.0},{"damage":20.0,"enemies":"Book of Stabbing","floor":25.0,"turns":5.0},{"damage":44.0,"enemies":"Slavers","floor":29.0,"turns":6.0},{"damage":0.0,"enemies":"Centurion and Healer","floor":30.0,"turns":7.0},{"damage":14.0,"enemies":"Masked Bandits","floor":31.0,"turns":4.0},{"damage":56.0,"enemies":"Champ","floor":33.0,"turns":14.0},{"damage":12.0,"enemies":"3 Darklings","floor":35.0,"turns":6.0},{"damage":0.0,"enemies":"Mind Bloom Boss Battle","floor":44.0,"turns":5.0},{"damage":53.0,"enemies":"Reptomancer","floor":45.0,"turns":8.0},{"damage":0.0,"enemies":"Orb Walker","floor":47.0,"turns":3.0},{"damage":14.0,"enemies":"Jaw Worm Horde","floor":48.0,"turns":5.0},{"damage":88,"enemies":"Awakened One","floor":50,"turns":12}],"seed_played":"8737735613150238145","potions_obtained":[{"floor":4.0,"key":"Energy Potion"},{"floor":8.0,"key":"Regen Potion"},{"floor":10.0,"key":"SkillPotion"},{"floor":16.0,"key":"Strength Potion"},{"floor":20.0,"key":"Block Potion"},{"floor":29.0,"key":"Block Potion"},{"floor":35.0,"key":"SteroidPotion"}],"is_trial":false,"path_per_floor":["M","?","M","M","?","R","E","M","T","M","R","$","E","$","R","B",null,"M","M","M","M","$","R","M","E","T","R","?","E","M","?","R","B",null,"M","?","?","$","T","R","$","R","T","?","E","R","M","M","R","B",null],"character_chosen":"IRONCLAD","items_purchased":["Rampage"],"campfire_rested":2,"item_purchase_floors":[12],"current_hp_per_floor":[79,79,75,77,77,77,70,65,65,70,70,70,80,80,80,52,80,79,84,89,88,88,88,100,92,92,92,92,62,72,70,70,24,122,120,120,118,118,118,118,118,118,118,124,79,116,124,120,130,48],"gold":326,"neow_bonus":"RANDOM_COMMON_RELIC","is_prod":false,"is_daily":false,"chose_seed":false,"campfire_upgraded":8,"win_rate":0,"timestamp":1547270419,"path_taken":["M","?","M","?","?","R","E","M","T","M","R","$","E","$","R","BOSS","M","M","M","M","$","R","M","E","T","R","?","E","M","?","R","BOSS","M","?","?","$","?","R","$","R","T","?","E","R","M","M","R","BOSS"],"build_version":"2019-01-10","purchased_purges":4,"victory":true,"max_hp_per_floor":[80,80,80,80,80,80,80,80,80,80,80,80,80,80,80,80,80,82,84,89,94,94,94,100,106,106,106,106,112,114,120,120,122,122,124,124,118,118,118,118,118,118,118,124,126,126,128,130,130,130],"card_choices":[{"not_picked":["True Grit","Iron Wave"],"picked":"Flame Barrier","floor":1.0},{"not_picked":["Warcry","Thunderclap"],"picked":"Clash","floor":3.0},{"not_picked":["Cleave","Armaments"],"picked":"Evolve","floor":4.0},{"not_picked":["Heavy Blade","Twin Strike"],"picked":"Flex","floor":7.0},{"not_picked":["Shrug It Off","Clothesline"],"picked":"Rage","floor":8.0},{"not_picked":["Twin Strike","Blood for Blood"],"picked":"Shrug It Off","floor":10.0},{"not_picked":["Rage","Cleave"],"picked":"Headbutt","floor":13.0},{"not_picked":["Exhume","Double Tap"],"picked":"Feed","floor":16.0},{"not_picked":["Havoc+1"],"picked":"Singing Bowl","floor":18.0},{"not_picked":["Wild Strike"],"picked":"Singing Bowl","floor":19.0},{"not_picked":["Iron Wave"],"picked":"Singing Bowl","floor":20.0},{"not_picked":["Iron Wave"],"picked":"Singing Bowl","floor":21.0},{"not_picked":["Heavy Blade"],"picked":"Singing Bowl","floor":24.0},{"not_picked":["Evolve+1"],"picked":"Singing Bowl","floor":25.0},{"not_picked":["Pommel Strike"],"picked":"Singing Bowl","floor":29.0},{"not_picked":["Havoc"],"picked":"Singing Bowl","floor":30.0},{"not_picked":["Clash"],"picked":"Singing Bowl","floor":31.0},{"not_picked":["Feed"],"picked":"Singing Bowl","floor":33.0},{"not_picked":["Ghostly Armor"],"picked":"Singing Bowl","floor":35.0},{"not_picked":["Hemokinesis"],"picked":"Singing Bowl","floor":44.0},{"not_picked":["Sword Boomerang"],"picked":"Singing Bowl","floor":45.0},{"not_picked":["Pommel Strike"],"picked":"Singing Bowl","floor":47.0},{"not_picked":["Anger"],"picked":"Singing Bowl","floor":48.0}],"player_experience":211037,"relics_obtained":[{"floor":7.0,"key":"Ornamental Fan"},{"floor":9.0,"key":"Singing Bowl"},{"floor":13.0,"key":"Letter Opener"},{"floor":25.0,"key":"Bird Faced Urn"},{"floor":26.0,"key":"Juzu Bracelet"},{"floor":29.0,"key":"Bottled Lightning"},{"floor":31.0,"key":"Red Mask"},{"floor":39.0,"key":"Kunai"},{"floor":43.0,"key":"Dodecahedron"},{"floor":44.0,"key":"Turnip"},{"floor":45.0,"key":"Du-Vu Doll"}],"event_choices":[{"damage_healed":0.0,"max_hp_gain":0.0,"max_hp_loss":0.0,"gold_gain":0.0,"event_name":"Accursed Blacksmith","player_choice":"Forge","floor":2.0,"gold_loss":0.0,"damage_taken":0.0,"cards_upgraded":["Flame Barrier"]},{"cards_removed":["Strike_R"],"damage_healed":0.0,"max_hp_gain":0.0,"max_hp_loss":0.0,"gold_gain":0.0,"event_name":"Purifier","player_choice":"Purged","floor":5.0,"gold_loss":0.0,"damage_taken":0.0},{"cards_removed":["Strike_R"],"damage_healed":0.0,"max_hp_gain":0.0,"max_hp_loss":0.0,"gold_gain":0.0,"event_name":"Back to Basics","player_choice":"Elegance","floor":28.0,"gold_loss":0.0,"damage_taken":0.0},{"damage_healed":0.0,"max_hp_gain":0.0,"max_hp_loss":0.0,"gold_gain":0.0,"event_name":"Masked Bandits","player_choice":"Fought Bandits","floor":31.0,"gold_loss":0.0,"damage_taken":0.0},{"cards_removed":["Defend_R"],"damage_healed":0.0,"max_hp_gain":0.0,"max_hp_loss":0.0,"gold_gain":0.0,"event_name":"Falling","player_choice":"Removed Skill","floor":36.0,"gold_loss":0.0,"damage_taken":0.0},{"damage_healed":0.0,"max_hp_gain":0.0,"max_hp_loss":6.0,"gold_gain":0.0,"event_name":"Winding Halls","player_choice":"Max HP","floor":37.0,"gold_loss":0.0,"damage_taken":0.0},{"damage_healed":0.0,"max_hp_gain":0.0,"max_hp_loss":0.0,"gold_gain":0.0,"event_name":"MindBloom","player_choice":"Fight","floor":44.0,"gold_loss":0.0,"damage_taken":0.0}],"is_beta":false,"boss_relics":[{"not_picked":["Runic Pyramid","Runic Dome"],"picked":"Busted Crown"},{"not_picked":["Orrery","Coffee Dripper"],"picked":"Velvet Choker"}],"items_purged_floors":[12,14,22,38],"is_endless":false,"potions_floor_spawned":[4,8,10,16,19,20,29,30,35],"ascension_level":4}