{"gold_per_floor":[109,109,122,146,71,114,138,138,138,161,161],"floor_reached":11,"playtime":445,"items_purged":["Strike_R"],"score":75,"play_id":"ec74f912-53b6-4e2e-a092-bdd2b8cde692","local_time":"20190211172411","is_ascension_mode":false,"campfire_choices":[{"data":"Heavy Blade","floor":8,"key":"SMITH"}],"neow_cost":"NONE","seed_source_timestamp":2135042764398802,"circlet_count":0,"master_deck":["Strike_R","Strike_R","Strike_R","Strike_R","Defend_R","Defend_R","Defend_R","Defend_R","Bash","Heavy Blade+1"],"relics":["Burning Blood","Pen Nib","Golden Idol","Gambling Chip","Calipers"],"potions_floor_usage":[11,11],"damage_taken":[{"damage":0,"enemies":"Small Slimes","floor":1,"turns":3},{"damage":0,"enemies":"2 Louse","floor":3,"turns":2},{"damage":1,"enemies":"Cultist","floor":4,"turns":4},{"damage":48,"enemies":"Gremlin Nob","floor":6,"turns":5},{"damage":7,"enemies":"Looter","floor":7,"turns":5},{"damage":13,"enemies":"Lots of Slimes","floor":10,"turns":5},{"damage":29,"enemies":"3 Sentries","floor":11,"turns":8}],"seed_played":"-4140583356987867553","potions_obtained":[{"floor":1,"key":"SpeedPotion"},{"floor":6,"key":"BloodPotion"},{"floor":10,"key":"GamblersBrew"}],"is_trial":false,"path_per_floor":["M","?","M","M","$","E","M","R","T","M","E"],"character_chosen":"IRONCLAD","items_purchased":[],"campfire_rested":0,"item_purchase_floors":[],"current_hp_per_floor":[80,60,66,71,71,29,28,28,28,21,0],"gold":161,"neow_bonus":"RANDOM_COMMON_RELIC","is_prod":false,"is_daily":false,"chose_seed":false,"campfire_upgraded":1,"win_rate":0,"timestamp":1549923851,"path_taken":["M","?","M","M","$","E","M","R","T","M","E"],"build_version":"2019-01-23","purchased_purges":1,"victory":false,"max_hp_per_floor":[80,80,80,80,80,80,80,80,80,80,80],"card_choices":[{"not_picked":["Metallicize","Wild Strike"],"picked":"Heavy Blade","floor":1},{"not_picked":["Cleave","Rampage","Anger"],"picked":"SKIP","floor":3},{"not_picked":["Rampage","Clash","Perfected Strike"],"picked":"SKIP","floor":4},{"not_picked":["Corruption","Blood for Blood","Cleave"],"picked":"SKIP","floor":6},{"not_picked":["Corruption","Twin Strike","Thunderclap"],"picked":"SKIP","floor":7},{"not_picked":["Pommel Strike","Rampage","Feel No Pain"],"picked":"SKIP","floor":10}],"player_experience":743579,"relics_obtained":[{"floor":6,"key":"Gambling Chip"},{"floor":9,"key":"Calipers"}],"event_choices":[{"damage_healed":0,"gold_gain":0,"player_choice":"Take Damage","damage_taken":20,"relics_obtained":["Golden Idol"],"max_hp_gain":0,"max_hp_loss":0,"event_name":"Golden Idol","floor":2,"gold_loss":0}],"is_beta":false,"boss_relics":[],"items_purged_floors":[5],"is_endless":false,"potions_floor_spawned":[1,6,10],"killed_by":"3 Sentries","ascension_level":0}