{"gold_per_floor":[362,637,656,666,63,97,97,115,115,150,150,169,182,204,204,302,302,318,318,336,349,349,349,375,375,399,434,43,43,43,54,54,152,152,169,169,0,50,70,70,100,200,200,231,231,231,5,19,19,19],"floor_reached":51,"playtime":5026,"items_purged":["Regret"],"score":1103,"play_id":"68c0436a-9176-4c27-8b80-3a1357d27370","local_time":"20190214225850","is_ascension_mode":true,"campfire_choices":[{"data":"Neutralize","floor":7.0,"key":"SMITH"},{"data":"Dash","floor":11.0,"key":"SMITH"},{"data":"Backstab","floor":15.0,"key":"SMITH"},{"data":"Tools of the Trade","floor":23.0,"key":"SMITH"},{"data":"Backflip","floor":25.0,"key":"SMITH"},{"data":"Backflip","floor":32.0,"key":"SMITH"},{"data":"Footwork","floor":40.0,"key":"SMITH"},{"data":"Malaise","floor":46.0,"key":"SMITH"},{"data":"Footwork","floor":49.0,"key":"SMITH"}],"neow_cost":"CURSE","seed_source_timestamp":128905606296266,"circlet_count":0,"master_deck":["Defend_G","Defend_G","Defend_G","Defend_G","Survivor","Neutralize+1","Clumsy","Backflip+1","Dash+1","Well Laid Plans","Tools of the Trade+1","Backflip+1","Backstab+1","After Image","Writhe","Predator+1","Bite","Bite","Bite","Bite+1","Bite+1","Malaise+1","Footwork+1","Footwork+1","Parasite"],"special_seed":0,"relics":["Ring of the Snake","Ninja Scroll","Sling","Lantern","Mummified Hand","Ginger","Odd Mushroom","Velvet Choker","Bronze Scales","Whetstone","PreservedInsect","Dodecahedron","Paper Crane","Bag of Marbles","Runic Pyramid","Red Mask","Prayer Wheel","Sundial","Bird Faced Urn","Calipers","Letter Opener","Pen Nib"],"potions_floor_usage":[50,50],"damage_taken":[{"damage":0.0,"enemies":"2 Louse","floor":1.0,"turns":3.0},{"damage":4.0,"enemies":"Cultist","floor":3.0,"turns":4.0},{"damage":8.0,"enemies":"Jaw Worm","floor":4.0,"turns":7.0},{"damage":10.0,"enemies":"3 Sentries","floor":6.0,"turns":8.0},{"damage":0.0,"enemies":"3 Louse","floor":8.0,"turns":4.0},{"damage":0.0,"enemies":"Gremlin Nob","floor":10.0,"turns":3.0},{"damage":0.0,"enemies":"Red Slaver","floor":12.0,"turns":4.0},{"damage":5.0,"enemies":"Large Slime","floor":13.0,"turns":6.0},{"damage":1.0,"enemies":"The Mushroom Lair","floor":14.0,"turns":5.0},{"damage":34.0,"enemies":"Slime Boss","floor":16.0,"turns":13.0},{"damage":6.0,"enemies":"3 Byrds","floor":18.0,"turns":8.0},{"damage":0.0,"enemies":"Spheric Guardian","floor":20.0,"turns":3.0},{"damage":8.0,"enemies":"Centurion and Healer","floor":21.0,"turns":9.0},{"damage":7.0,"enemies":"Slavers","floor":24.0,"turns":5.0},{"damage":38.0,"enemies":"Gremlin Leader","floor":27.0,"turns":5.0},{"damage":7.0,"enemies":"Shelled Parasite and Fungi","floor":31.0,"turns":4.0},{"damage":75.0,"enemies":"Collector","floor":33.0,"turns":27.0},{"damage":0.0,"enemies":"3 Shapes","floor":35.0,"turns":4.0},{"damage":22.0,"enemies":"2 Orb Walkers","floor":38.0,"turns":8.0},{"damage":0.0,"enemies":"Orb Walker","floor":39.0,"turns":3.0},{"damage":1.0,"enemies":"Nemesis","floor":41.0,"turns":5.0},{"damage":0.0,"enemies":"Mind Bloom Boss Battle","floor":42.0,"turns":8.0},{"damage":7.0,"enemies":"Giant Head","floor":44.0,"turns":7.0},{"damage":1.0,"enemies":"Writhing Mass","floor":48.0,"turns":8.0},{"damage":24,"enemies":"Time Eater","floor":50,"turns":18}],"seed_played":"7606444174533081602","potions_obtained":[{"floor":4.0,"key":"GamblersBrew"},{"floor":10.0,"key":"PowerPotion"},{"floor":12.0,"key":"SpeedPotion"},{"floor":14.0,"key":"Regen Potion"},{"floor":16.0,"key":"Fire Potion"},{"floor":20.0,"key":"SpeedPotion"},{"floor":21.0,"key":"Regen Potion"},{"floor":38.0,"key":"Ancient Potion"},{"floor":39.0,"key":"Block Potion"},{"floor":41.0,"key":"SteroidPotion"},{"floor":48.0,"key":"Poison Potion"}],"is_trial":false,"path_per_floor":["M","?","M","M","$","E","R","M","T","E","R","M","M","?","R","B",null,"M","?","M","M","?","R","E","R","T","E","$","?","$","M","R","B",null,"M","?","?","?","M","R","E","?","T","E","?","R","$","M","R","B",null],"character_chosen":"THE_SILENT","items_purchased":["Well Laid Plans","Ninja Scroll","Sling","Paper Crane","Bag of Marbles","Pen Nib","Footwork"],"campfire_rested":0,"item_purchase_floors":[5,5,5,28,28,47,47],"current_hp_per_floor":[63,63,59,51,51,41,41,41,41,41,41,41,36,35,35,1,53,47,47,47,39,39,39,49,49,49,16,16,16,16,29,29,41,47,49,49,49,43,49,49,49,49,49,49,49,49,49,49,49,49],"gold":19,"neow_bonus":"TWO_FIFTY_GOLD","is_prod":false,"is_daily":false,"chose_seed":false,"campfire_upgraded":9,"win_rate":0,"timestamp":1550213930,"path_taken":["M","?","M","?","$","E","R","M","T","E","R","M","?","?","R","BOSS","M","?","M","M","?","R","E","R","T","E","$","?","$","M","R","BOSS","M","?","?","?","M","R","E","?","T","E","?","R","$","?","R","BOSS"],"build_version":"2019-01-23","purchased_purges":1,"victory":true,"max_hp_per_floor":[70,70,70,70,70,70,70,70,70,70,70,70,70,70,70,70,70,70,70,70,70,49,49,49,49,49,49,49,49,49,49,49,49,49,49,49,49,49,49,49,49,49,49,49,49,49,49,49,49,49],"card_choices":[{"not_picked":["Outmaneuver","Acrobatics"],"picked":"Backflip","floor":1.0},{"not_picked":["Acrobatics","Outmaneuver","Expertise"],"picked":"SKIP","floor":3.0},{"not_picked":["Deadly Poison","Prepared"],"picked":"Dash","floor":4.0},{"not_picked":["Underhanded Strike","Blade Dance"],"picked":"Tools of the Trade","floor":6.0},{"not_picked":["Expertise","Flechettes","Deflect"],"picked":"SKIP","floor":8.0},{"not_picked":["Dash","Slice","Bouncing Flask"],"picked":"SKIP","floor":10.0},{"not_picked":["Setup","Distraction"],"picked":"Backflip","floor":12.0},{"not_picked":["Slice","Prepared"],"picked":"Backstab","floor":13.0},{"not_picked":["Corpse Explosion","Malaise"],"picked":"After Image","floor":16.0},{"not_picked":["Predator","Quick Slash","Eviscerate+1"],"picked":"SKIP","floor":18.0},{"not_picked":["Concentrate","Distraction","Deflect"],"picked":"SKIP","floor":20.0},{"not_picked":["Bane","Dodge and Roll+1"],"picked":"Predator+1","floor":21.0},{"not_picked":["Prepared","Predator+1","Acrobatics"],"picked":"SKIP","floor":24.0},{"not_picked":["Setup+1","Distraction","Corpse Explosion"],"picked":"SKIP","floor":27.0},{"not_picked":["Outmaneuver","Bane","Acrobatics+1"],"picked":"SKIP","floor":31.0},{"not_picked":["Storm of Steel","Doppelganger"],"picked":"Malaise","floor":33.0},{"not_picked":["Outmaneuver+1","PiercingWail+1"],"picked":"Footwork","floor":35.0},{"not_picked":["Bane+1","Backflip+1","Deadly Poison"],"picked":"SKIP","floor":39.0},{"not_picked":["Blade Dance","Endless Agony+1","Quick Slash"],"picked":"SKIP","floor":39.0},{"not_picked":["Poisoned Stab","All Out Attack","Skewer+1"],"picked":"SKIP","floor":41.0},{"not_picked":["Dagger Throw","Catalyst+1","Crippling Poison"],"picked":"SKIP","floor":44.0},{"not_picked":["PiercingWail+1","Blade Dance","Slice+1"],"picked":"SKIP","floor":48.0},{"not_picked":["Prepared","Acrobatics","Backflip"],"picked":"SKIP","floor":48.0}],"player_experience":371013,"relics_obtained":[{"floor":6.0,"key":"Lantern"},{"floor":9.0,"key":"Mummified Hand"},{"floor":10.0,"key":"Ginger"},{"floor":14.0,"key":"Odd Mushroom"},{"floor":24.0,"key":"Whetstone"},{"floor":26.0,"key":"PreservedInsect"},{"floor":27.0,"key":"Dodecahedron"},{"floor":38.0,"key":"Prayer Wheel"},{"floor":41.0,"key":"Sundial"},{"floor":42.0,"key":"Bird Faced Urn"},{"floor":43.0,"key":"Calipers"},{"floor":44.0,"key":"Letter Opener"}],"event_choices":[{"damage_healed":0.0,"max_hp_gain":0.0,"max_hp_loss":0.0,"gold_gain":275.0,"event_name":"Golden Shrine","player_choice":"Desecrate","floor":2.0,"gold_loss":0.0,"damage_taken":0.0,"cards_obtained":["Regret"]},{"damage_healed":0.0,"max_hp_gain":0.0,"max_hp_loss":0.0,"gold_gain":0.0,"event_name":"Mushrooms","player_choice":"Fought Mushrooms","floor":14.0,"gold_loss":0.0,"damage_taken":0.0},{"damage_healed":0.0,"max_hp_gain":0.0,"max_hp_loss":0.0,"gold_gain":0.0,"event_name":"The Mausoleum","player_choice":"Opened","floor":19.0,"gold_loss":0.0,"damage_taken":0.0,"relics_obtained":["Bronze Scales"],"cards_obtained":["Writhe"]},{"damage_healed":0.0,"max_hp_gain":0.0,"max_hp_loss":21.0,"gold_gain":0.0,"event_name":"Vampires","player_choice":"Became a vampire","floor":22.0,"gold_loss":0.0,"damage_taken":0.0,"cards_obtained":["Bite","Bite","Bite","Bite","Bite"]},{"damage_healed":0.0,"max_hp_gain":0.0,"max_hp_loss":0.0,"gold_gain":0.0,"cards_transformed":["Defend_G"],"event_name":"Transmorgrifier","player_choice":"Transformed","floor":29.0,"gold_loss":0.0,"damage_taken":0.0,"cards_obtained":["Acrobatics"]},{"damage_healed":0.0,"max_hp_gain":0.0,"max_hp_loss":0.0,"gold_gain":0.0,"event_name":"SensoryStone","player_choice":"Memory 1","floor":36.0,"gold_loss":0.0,"damage_taken":0.0},{"damage_healed":0.0,"max_hp_gain":0.0,"max_hp_loss":0.0,"gold_gain":0.0,"event_name":"Tomb of Lord Red Mask","player_choice":"Paid","floor":37.0,"gold_loss":169.0,"damage_taken":0.0,"relics_obtained":["Red Mask"]},{"damage_healed":0.0,"max_hp_gain":0.0,"max_hp_loss":0.0,"gold_gain":0.0,"event_name":"Mysterious Sphere","player_choice":"Fight","floor":38.0,"gold_loss":0.0,"damage_taken":0.0},{"damage_healed":0.0,"max_hp_gain":0.0,"max_hp_loss":0.0,"gold_gain":0.0,"event_name":"MindBloom","player_choice":"Fight","floor":42.0,"gold_loss":0.0,"damage_taken":0.0},{"cards_removed":["Acrobatics"],"damage_healed":0.0,"max_hp_gain":0.0,"max_hp_loss":0.0,"gold_gain":0.0,"event_name":"Falling","player_choice":"Removed Skill","floor":45.0,"gold_loss":0.0,"damage_taken":0.0}],"is_beta":false,"boss_relics":[{"not_picked":["Philosopher\u0027s Stone","Tiny House"],"picked":"Velvet Choker"},{"not_picked":["Pandora\u0027s Box","Astrolabe"],"picked":"Runic Pyramid"}],"items_purged_floors":[5],"is_endless":false,"potions_floor_spawned":[4,10,12,14,16,20,21,38,39,41,48],"ascension_level":9}