{"gold_per_floor":[115,129,146,321,334,334,364,364,364,364,393,393,412,199,199,325,325,346,27,27,42,65,65,65,65,91,103,115,143,28,89,89,89],"floor_reached":33,"playtime":1365,"items_purged":["Doubt","Strike_B","Zap"],"score":448,"play_id":"6ab7afdc-869f-498f-92ba-fb1e4037c6d6","local_time":"20190127095015","is_ascension_mode":true,"campfire_choices":[{"data":"Hyperbeam","floor":6,"key":"SMITH"},{"data":"Scrape","floor":8,"key":"SMITH"},{"data":"Go for the Eyes","floor":10,"key":"SMITH"},{"floor":15,"key":"REST"},{"data":"Fusion","floor":23,"key":"SMITH"},{"data":"Beam Cell","floor":25,"key":"SMITH"},{"data":"Sunder","floor":28,"key":"SMITH"},{"floor":32,"key":"REST"}],"neow_cost":"TEN_PERCENT_HP_LOSS","seed_source_timestamp":810694861359787,"circlet_count":0,"master_deck":["AscendersBane","Strike_B","Strike_B","Strike_B","Defend_B","Defend_B","Defend_B","Defend_B","Dualcast","Hyperbeam+1","Beam Cell+1","Auto Shields","Go for the Eyes+1","Scrape+1","Undo","Fusion+1","Bandage Up+1","Meteor Strike","Steam","Flash of Steel","Gash","Gash","Sunder+1","Ghostly","Ghostly","Ghostly","Ghostly","Ghostly","Conserve Battery","Self Repair","Deep Breath"],"relics":["Cracked Core","Boot","Mercury Hourglass","Golden Idol","Sozu","Membership Card","MawBank","Tiny Chest"],"potions_floor_usage":[5,7,16],"damage_taken":[{"damage":0,"enemies":"Cultist","floor":1,"turns":3},{"damage":3,"enemies":"2 Louse","floor":2,"turns":2},{"damage":0,"enemies":"Jaw Worm","floor":3,"turns":1},{"damage":4,"enemies":"3 Louse","floor":5,"turns":3},{"damage":14,"enemies":"Lagavulin","floor":7,"turns":8},{"damage":31,"enemies":"Gremlin Nob","floor":11,"turns":4},{"damage":4,"enemies":"Blue Slaver","floor":13,"turns":2},{"damage":19,"enemies":"The Guardian","floor":16,"turns":9},{"damage":8,"enemies":"3 Byrds","floor":18,"turns":3},{"damage":0,"enemies":"Chosen","floor":21,"turns":3},{"damage":13,"enemies":"Snecko","floor":22,"turns":5},{"damage":17,"enemies":"Sentry and Sphere","floor":29,"turns":9},{"damage":24,"enemies":"Book of Stabbing","floor":31,"turns":6},{"damage":34,"enemies":"Automaton","floor":33,"turns":10}],"seed_played":"-3677440342969847850","potions_obtained":[{"floor":1,"key":"Poison Potion"},{"floor":2,"key":"Fire Potion"},{"floor":3,"key":"Strength Potion"}],"is_trial":false,"path_per_floor":["M","M","M","?","M","R","E","R","T","R","E","?","M","$","R","B",null,"M","$","?","M","M","R","?","R","T","?","R","M","$","E","R","B"],"character_chosen":"DEFECT","items_purchased":["Bandage Up","Dexterity Potion","Membership Card","Flash of Steel","Gash","Self Repair","Deep Breath"],"campfire_rested":2,"item_purchase_floors":[14,14,19,19,19,30,30],"current_hp_per_floor":[68,65,65,65,61,61,47,47,47,47,16,16,12,12,30,15,51,43,43,43,43,36,36,31,31,31,31,31,20,20,9,18,0],"gold":89,"neow_bonus":"THREE_RARE_CARDS","is_prod":false,"is_daily":false,"chose_seed":false,"campfire_upgraded":6,"win_rate":0,"timestamp":1548600615,"path_taken":["M","?","M","?","M","R","E","R","T","R","E","?","M","$","R","BOSS","M","$","?","M","?","R","?","R","T","?","R","M","?","E","R","BOSS"],"build_version":"2019-01-23","purchased_purges":3,"victory":false,"max_hp_per_floor":[68,68,68,68,68,68,68,68,68,68,68,63,63,63,63,63,63,63,63,63,63,63,63,31,31,31,31,31,31,31,31,31,31],"card_choices":[{"not_picked":["Electrodynamics","Machine Learning"],"picked":"Hyperbeam","floor":0},{"not_picked":["Skim","Recycle"],"picked":"Beam Cell","floor":1},{"not_picked":["Self Repair","Barrage"],"picked":"Auto Shields","floor":2},{"not_picked":["Beam Cell","Chaos"],"picked":"Go for the Eyes","floor":3},{"not_picked":["Aggregate","Chaos","Ball Lightning"],"picked":"SKIP","floor":5},{"not_picked":["Reinforced Body","Aggregate"],"picked":"Scrape","floor":7},{"not_picked":["Ball Lightning","Hello World"],"picked":"Undo","floor":11},{"not_picked":["Auto Shields","Rip and Tear"],"picked":"Fusion","floor":13},{"not_picked":["Thunder Strike","Echo Form"],"picked":"Meteor Strike","floor":16},{"not_picked":["Gash+1","Coolheaded"],"picked":"Steam","floor":18},{"not_picked":["Stack","Turbo"],"picked":"Gash","floor":21},{"not_picked":["Static Discharge","Rebound"],"picked":"Sunder","floor":22},{"not_picked":["Rip and Tear+1","Redo","Fusion"],"picked":"SKIP","floor":29},{"not_picked":["Rebound","Barrage","Go for the Eyes"],"picked":"SKIP","floor":31}],"player_experience":495567,"relics_obtained":[{"floor":7,"key":"Boot"},{"floor":11,"key":"Mercury Hourglass"},{"floor":26,"key":"MawBank"},{"floor":31,"key":"Tiny Chest"}],"event_choices":[{"damage_healed":0,"gold_gain":175,"player_choice":"AGREE","damage_taken":0,"max_hp_gain":0,"max_hp_loss":0,"event_name":"Liars Game","floor":4,"gold_loss":0,"cards_obtained":["Doubt"]},{"damage_healed":0,"gold_gain":0,"player_choice":"Lose Max HP","damage_taken":0,"relics_obtained":["Golden Idol"],"max_hp_gain":0,"max_hp_loss":5,"event_name":"Golden Idol","floor":12,"gold_loss":0},{"damage_healed":0,"gold_gain":0,"player_choice":"Forge","damage_taken":0,"max_hp_gain":0,"max_hp_loss":0,"event_name":"Accursed Blacksmith","floor":20,"gold_loss":0,"cards_upgraded":["Bandage Up"]},{"damage_healed":0,"gold_gain":0,"player_choice":"Became a Ghost","damage_taken":0,"max_hp_gain":0,"max_hp_loss":32,"event_name":"Ghosts","floor":24,"gold_loss":0,"cards_obtained":["Ghostly","Ghostly","Ghostly","Ghostly","Ghostly"]},{"damage_healed":0,"gold_gain":0,"player_choice":"Read","damage_taken":0,"max_hp_gain":0,"max_hp_loss":0,"event_name":"The Library","floor":27,"gold_loss":0,"cards_obtained":["Conserve Battery"]}],"is_beta":false,"boss_relics":[{"not_picked":["Tiny House","Astrolabe"],"picked":"Sozu"}],"items_purged_floors":[14,19,30],"is_endless":false,"potions_floor_spawned":[1,2,3,22,31],"killed_by":"Automaton","ascension_level":11}