{"gold_per_floor":[368,378,23,35,52,84,84,109,109,109,166,166,177,208,208,313,313,325,31,31,41,41,41,41],"floor_reached":24,"playtime":981,"items_purged":["Strike_B","Strike_B"],"score":323,"play_id":"48d971c5-b83b-474a-b601-de18fa22fee4","local_time":"20190124232315","is_ascension_mode":true,"campfire_choices":[{"data":"Loop","floor":7,"key":"SMITH"},{"floor":10,"key":"REST"},{"data":"Loop","floor":15,"key":"SMITH"},{"data":"Hologram","floor":23,"key":"SMITH"}],"neow_cost":"TEN_PERCENT_HP_LOSS","seed_source_timestamp":600671692285231,"circlet_count":0,"master_deck":["Strike_B","Strike_B","Defend_B","Defend_B","Defend_B","Defend_B","Zap","Dualcast","Conserve Battery","Redo","Loop+1","Leap","Hologram+1","Core Surge","Loop+1","Fusion","Biased Cognition","Redo","Necronomicurse"],"relics":["Cracked Core","Symbiotic Virus","Gambling Chip","Strawberry","Pantograph","Unceasing Top","Pear","Matryoshka","Philosopher\u0027s Stone","ClockworkSouvenir","Necronomicon"],"potions_floor_usage":[6,11,16,24,24],"damage_taken":[{"damage":0,"enemies":"Small Slimes","floor":1,"turns":2},{"damage":5,"enemies":"2 Louse","floor":2,"turns":2},{"damage":0,"enemies":"Cultist","floor":4,"turns":2},{"damage":12,"enemies":"Looter","floor":5,"turns":3},{"damage":18,"enemies":"3 Sentries","floor":6,"turns":7},{"damage":21,"enemies":"Gremlin Nob","floor":8,"turns":4},{"damage":6,"enemies":"Lagavulin Event","floor":11,"turns":3},{"damage":0,"enemies":"3 Louse","floor":13,"turns":3},{"damage":13,"enemies":"3 Sentries","floor":14,"turns":7},{"damage":29,"enemies":"Slime Boss","floor":16,"turns":9},{"damage":0,"enemies":"Spheric Guardian","floor":18,"turns":3},{"damage":1,"enemies":"Shell Parasite","floor":21,"turns":3},{"damage":56,"enemies":"Gremlin Leader","floor":24,"turns":5}],"seed_played":"-4352078557330776742","potions_obtained":[{"floor":2,"key":"EssenceOfSteel"},{"floor":5,"key":"Energy Potion"},{"floor":11,"key":"SneckoOil"},{"floor":14,"key":"EssenceOfSteel"},{"floor":16,"key":"Regen Potion"},{"floor":21,"key":"GamblersBrew"}],"is_trial":false,"path_per_floor":["M","M","$","M","M","E","R","E","T","R","?","?","M","E","R","B",null,"M","$","?","M","?","R","E"],"character_chosen":"DEFECT","items_purchased":["Symbiotic Virus","Loop","ClockworkSouvenir"],"campfire_rested":1,"item_purchase_floors":[3,3,19],"current_hp_per_floor":[68,63,63,63,51,33,33,19,19,41,35,45,45,32,32,28,71,71,71,71,70,54,54,12],"gold":41,"neow_bonus":"TWO_FIFTY_GOLD","is_prod":false,"is_daily":false,"chose_seed":false,"campfire_upgraded":3,"win_rate":0,"timestamp":1548390195,"path_taken":["M","M","$","M","M","E","R","E","T","R","?","?","?","E","R","BOSS","M","$","?","M","?","R","E"],"build_version":"2019-01-23","purchased_purges":2,"victory":false,"max_hp_per_floor":[68,68,68,68,68,68,68,75,75,75,75,85,85,85,85,85,85,85,85,85,85,85,85,85],"card_choices":[{"not_picked":["Coolheaded","Turbo"],"picked":"Conserve Battery","floor":1},{"not_picked":["Coolheaded","Cold Snap"],"picked":"Redo","floor":2},{"not_picked":["Recycle","FTL","Reprogram"],"picked":"SKIP","floor":4},{"not_picked":["Beam Cell","Stack"],"picked":"Leap","floor":5},{"not_picked":["Cold Snap","Coolheaded"],"picked":"Hologram","floor":6},{"not_picked":["Coolheaded","Stack"],"picked":"Core Surge","floor":8},{"not_picked":["Steam","Sweeping Beam"],"picked":"Loop","floor":13},{"not_picked":["Force Field","Turbo"],"picked":"Fusion","floor":14},{"not_picked":["Fission","Buffer"],"picked":"Biased Cognition","floor":16},{"not_picked":["Coolheaded","Turbo","Heatsinks"],"picked":"SKIP","floor":18},{"not_picked":["Go for the Eyes","Leap"],"picked":"Redo","floor":21}],"player_experience":428221,"relics_obtained":[{"floor":6,"key":"Gambling Chip"},{"floor":8,"key":"Strawberry"},{"floor":9,"key":"Pantograph"},{"floor":11,"key":"Unceasing Top"},{"floor":14,"key":"Matryoshka"},{"floor":22,"key":"Necronomicon"}],"event_choices":[{"damage_healed":0,"gold_gain":0,"player_choice":"Searched \u00271\u0027 times","damage_taken":0,"max_hp_gain":0,"max_hp_loss":0,"event_name":"Dead Adventurer","floor":11,"gold_loss":0},{"damage_healed":0,"gold_gain":0,"player_choice":"Gave Potion","damage_taken":0,"relics_obtained":["Pear"],"max_hp_gain":0,"max_hp_loss":0,"event_name":"WeMeetAgain","floor":12,"gold_loss":0},{"damage_healed":0,"gold_gain":0,"player_choice":"Ignored","damage_taken":0,"max_hp_gain":0,"max_hp_loss":0,"event_name":"Vampires","floor":20,"gold_loss":0},{"damage_healed":0,"gold_gain":0,"player_choice":"Obtained Book","damage_taken":16,"max_hp_gain":0,"max_hp_loss":0,"event_name":"Cursed Tome","floor":22,"gold_loss":0}],"is_beta":false,"boss_relics":[{"not_picked":["Coffee Dripper","Black Star"],"picked":"Philosopher\u0027s Stone"}],"items_purged_floors":[3,19],"is_endless":false,"potions_floor_spawned":[2,5,11,14,16,21],"killed_by":"Gremlin Leader","ascension_level":7}