{"gold_per_floor":[118,130,140,140,155,155,155,155,180,193,193,210,245,261,261,363,363,383,393,393],"floor_reached":20,"playtime":1289,"items_purged":[],"score":178,"play_id":"98c4394e-8709-4971-8c7f-808cef99904e","local_time":"20190102110425","is_ascension_mode":false,"campfire_choices":[{"data":"Skewer","floor":6,"key":"SMITH"},{"floor":8,"key":"REST"},{"data":"Distraction","floor":11,"key":"SMITH"},{"floor":15,"key":"REST"}],"neow_cost":"NONE","seed_source_timestamp":4174664025715,"circlet_count":0,"master_deck":["Defend_G","Defend_G","Defend_G","Defend_G","Defend_G","Strike_G","Strike_G","Strike_G","Strike_G","Survivor","Neutralize","Well Laid Plans+1","Skewer+1","Slice","Dagger Throw","Distraction+1","Deflect","Phantasmal Killer","Poisoned Stab","A Thousand Cuts","Predator+1","Caltrops"],"relics":["Ring of the Snake","Centennial Puzzle","Regal Pillow","Black Star"],"potions_floor_usage":[20],"damage_taken":[{"damage":0,"enemies":"Small Slimes","floor":1,"turns":3},{"damage":1,"enemies":"Cultist","floor":2,"turns":5},{"damage":11,"enemies":"Jaw Worm","floor":3,"turns":3},{"damage":5,"enemies":"2 Fungi Beasts","floor":5,"turns":4},{"damage":7,"enemies":"Blue Slaver","floor":10,"turns":3},{"damage":3,"enemies":"Lots of Slimes","floor":12,"turns":6},{"damage":24,"enemies":"Lagavulin","floor":13,"turns":7},{"damage":13,"enemies":"2 Fungi Beasts","floor":14,"turns":3},{"damage":56,"enemies":"Slime Boss","floor":16,"turns":9},{"damage":38,"enemies":"3 Byrds","floor":18,"turns":6},{"damage":1,"enemies":"Chosen","floor":19,"turns":4},{"damage":45,"enemies":"Masked Bandits","floor":20,"turns":3}],"seed_played":"3505352681324718408","potions_obtained":[{"floor":1,"key":"Strength Potion"},{"floor":3,"key":"Regen Potion"},{"floor":5,"key":"Explosive Potion"}],"is_trial":false,"path_per_floor":["M","M","M","?","M","R","?","R","T","M","R","M","E","M","R","B",null,"M","M","?"],"character_chosen":"THE_SILENT","items_purchased":[],"campfire_rested":2,"item_purchase_floors":[],"current_hp_per_floor":[77,76,65,58,53,53,53,76,76,69,69,66,42,29,67,11,77,39,38,0],"gold":393,"neow_bonus":"TEN_PERCENT_HP_BONUS","is_prod":false,"is_daily":false,"chose_seed":false,"campfire_upgraded":2,"win_rate":0.0,"timestamp":1546394665,"path_taken":["M","M","M","?","M","R","?","R","T","?","R","?","E","M","R","BOSS","M","?","?"],"build_version":"2018-12-20","purchased_purges":0,"victory":false,"max_hp_per_floor":[77,77,77,77,77,77,77,77,77,77,77,77,77,77,77,77,77,77,77,77],"card_choices":[{"not_picked":["Outmaneuver","Deflect"],"picked":"Well Laid Plans","floor":1},{"not_picked":["Well Laid Plans","Heel Hook"],"picked":"Skewer","floor":2},{"not_picked":["Backflip","Prepared"],"picked":"Slice","floor":3},{"not_picked":["Prepared","Dagger Spray"],"picked":"Dagger Throw","floor":5},{"not_picked":["Endless Agony","Heel Hook"],"picked":"Distraction","floor":10},{"not_picked":["Underhanded Strike","Sucker Punch"],"picked":"Deflect","floor":12},{"not_picked":["Backflip","Malaise"],"picked":"Phantasmal Killer","floor":13},{"not_picked":["Dagger Throw","Dodge and Roll"],"picked":"Poisoned Stab","floor":14},{"not_picked":["Malaise","Bullet Time"],"picked":"A Thousand Cuts","floor":16},{"not_picked":["Quick Slash","Sucker Punch"],"picked":"Predator+1","floor":18},{"not_picked":["Sucker Punch","PiercingWail"],"picked":"Caltrops","floor":19}],"player_experience":31021,"relics_obtained":[{"floor":9,"key":"Centennial Puzzle"},{"floor":13,"key":"Regal Pillow"}],"event_choices":[{"cards_removed":["Strike_G"],"damage_healed":0,"gold_gain":0,"player_choice":"Card Removal","damage_taken":7,"max_hp_gain":0,"max_hp_loss":0,"event_name":"Golden Wing","floor":4,"gold_loss":0},{"damage_healed":0,"gold_gain":0,"player_choice":"Forge","damage_taken":0,"max_hp_gain":0,"max_hp_loss":0,"event_name":"Accursed Blacksmith","floor":7,"gold_loss":0,"cards_upgraded":["Well Laid Plans"]},{"damage_healed":0,"gold_gain":0,"player_choice":"Fought Bandits","damage_taken":0,"max_hp_gain":0,"max_hp_loss":0,"event_name":"Masked Bandits","floor":20,"gold_loss":0}],"is_beta":false,"boss_relics":[{"not_picked":["Sozu","Snecko Eye"],"picked":"Black Star"}],"items_purged_floors":[],"is_endless":false,"potions_floor_spawned":[1,3,5,10,13],"killed_by":"Masked Bandits","ascension_level":0}