{"gold_per_floor":[113,38,38,38,57,393,418,418,442,466,466,486,501,541,541,661,661,675,675,675,373,389,463,463,42,123,123,144,159,159,190,190,190],"floor_reached":33,"playtime":809,"items_purged":["Strike_R","Strike_R","Defend_R"],"score":343,"play_id":"682227ff-43fa-4dfb-8c0b-0f1e6b2a87ec","local_time":"20190211173818","is_ascension_mode":false,"campfire_choices":[{"data":"Searing Blow","floor":8,"key":"SMITH"},{"data":"Limit Break","floor":11,"key":"SMITH"},{"data":"Searing Blow+1","floor":15,"key":"SMITH"},{"data":"Searing Blow+2","floor":24,"key":"SMITH"},{"floor":30,"key":"REST"},{"floor":32,"key":"REST"}],"neow_cost":"NONE","seed_source_timestamp":2135518044869053,"circlet_count":0,"master_deck":["Strike_R+1","Defend_R","Defend_R","Bash+1","Searing Blow+3","Limit Break+1","Spot Weakness","Immolate","Armaments"],"relics":["Burning Blood","NeowsBlessing","Golden Idol","Old Coin","Whetstone","Bag of Preparation","PreservedInsect","Empty Cage","ClockworkSouvenir","Tiny Chest","Pear","Bottled Flame","Pen Nib"],"potions_floor_usage":[16,16,16,18,29,33],"damage_taken":[{"damage":0,"enemies":"Small Slimes","floor":1,"turns":1},{"damage":0,"enemies":"Jaw Worm","floor":5,"turns":1},{"damage":0,"enemies":"Gremlin Nob","floor":6,"turns":1},{"damage":0,"enemies":"Cultist","floor":10,"turns":2},{"damage":16,"enemies":"Exordium Thugs","floor":12,"turns":3},{"damage":0,"enemies":"Large Slime","floor":13,"turns":4},{"damage":40,"enemies":"3 Sentries","floor":14,"turns":7},{"damage":35,"enemies":"Hexaghost","floor":16,"turns":5},{"damage":39,"enemies":"3 Byrds","floor":18,"turns":4},{"damage":10,"enemies":"Chosen","floor":22,"turns":4},{"damage":47,"enemies":"Gremlin Leader","floor":23,"turns":5},{"damage":8,"enemies":"Snecko","floor":28,"turns":4},{"damage":12,"enemies":"Chosen and Byrds","floor":29,"turns":4},{"damage":46,"enemies":"Book of Stabbing","floor":31,"turns":4},{"damage":55,"enemies":"Collector","floor":33,"turns":3}],"seed_played":"-361181903496508555","potions_obtained":[{"floor":1,"key":"SteroidPotion"},{"floor":12,"key":"Ancient Potion"},{"floor":13,"key":"Swift Potion"},{"floor":16,"key":"Swift Potion"},{"floor":22,"key":"Fire Potion"},{"floor":28,"key":"SkillPotion"},{"floor":31,"key":"Poison Potion"}],"is_trial":false,"path_per_floor":["M","$","?","?","M","E","T","R","T","M","R","M","M","E","R","B",null,"M","?","?","$","M","E","R","$","T","$","M","M","R","E","R","B"],"character_chosen":"IRONCLAD","items_purchased":["ClockworkSouvenir","Armaments","Pear"],"campfire_rested":2,"item_purchase_floors":[21,25,25],"current_hp_per_floor":[80,80,60,60,66,72,72,72,72,78,78,68,74,40,40,11,80,47,73,73,73,69,28,28,38,38,38,36,30,57,17,44,0],"gold":190,"neow_bonus":"THREE_ENEMY_KILL","is_prod":false,"is_daily":false,"chose_seed":false,"campfire_upgraded":4,"win_rate":0,"timestamp":1549924698,"path_taken":["M","$","?","?","?","E","?","R","T","M","R","M","M","E","R","BOSS","M","?","?","$","M","E","R","$","T","?","M","M","R","E","R","BOSS"],"build_version":"2019-01-23","purchased_purges":3,"victory":false,"max_hp_per_floor":[80,80,80,80,80,80,80,80,80,80,80,80,80,80,80,80,80,80,80,80,80,80,80,80,90,90,90,90,90,90,90,90,90],"card_choices":[{"not_picked":["Corruption","Carnage"],"picked":"Searing Blow","floor":1},{"not_picked":["Anger","Heavy Blade","Thunderclap"],"picked":"SKIP","floor":5},{"not_picked":["Rupture","Perfected Strike"],"picked":"Spot Weakness","floor":6},{"not_picked":["Heavy Blade","Twin Strike","Uppercut"],"picked":"SKIP","floor":10},{"not_picked":["Flex","Shockwave","Perfected Strike"],"picked":"SKIP","floor":12},{"not_picked":["Pommel Strike","Thunderclap","Wild Strike"],"picked":"SKIP","floor":13},{"not_picked":["Flame Barrier","Havoc","Sentinel"],"picked":"SKIP","floor":14},{"not_picked":["Demon Form","Dark Embrace"],"picked":"Immolate","floor":16},{"not_picked":["Sever Soul","Intimidate","Reckless Charge"],"picked":"SKIP","floor":18},{"not_picked":["Clash","Entrench","Blood for Blood+1"],"picked":"SKIP","floor":22},{"not_picked":["Spot Weakness","Sword Boomerang+1","Offering"],"picked":"SKIP","floor":23},{"not_picked":["Cleave","Heavy Blade","Armaments"],"picked":"SKIP","floor":28},{"not_picked":["Warcry","Cleave","Clash"],"picked":"SKIP","floor":29},{"not_picked":["Warcry","Dropkick","Entrench"],"picked":"SKIP","floor":31}],"player_experience":744024,"relics_obtained":[{"floor":6,"key":"Old Coin"},{"floor":7,"key":"Whetstone"},{"floor":9,"key":"Bag of Preparation"},{"floor":14,"key":"PreservedInsect"},{"floor":23,"key":"Tiny Chest"},{"floor":26,"key":"Bottled Flame"},{"floor":31,"key":"Pen Nib"}],"event_choices":[{"damage_healed":0,"gold_gain":0,"player_choice":"Take Damage","damage_taken":20,"relics_obtained":["Golden Idol"],"max_hp_gain":0,"max_hp_loss":0,"event_name":"Golden Idol","floor":3,"gold_loss":0},{"damage_healed":0,"gold_gain":0,"cards_transformed":["Strike_R"],"player_choice":"Transformed","damage_taken":0,"max_hp_gain":0,"max_hp_loss":0,"event_name":"Transmorgrifier","floor":4,"gold_loss":0,"cards_obtained":["Limit Break"]},{"damage_healed":26,"gold_gain":0,"player_choice":"Heal","damage_taken":0,"max_hp_gain":0,"max_hp_loss":0,"event_name":"The Library","floor":19,"gold_loss":0},{"damage_healed":0,"gold_gain":0,"player_choice":"Ignored","damage_taken":0,"max_hp_gain":0,"max_hp_loss":0,"event_name":"Vampires","floor":20,"gold_loss":0}],"is_beta":false,"boss_relics":[{"not_picked":["Mark of Pain","Eternal Feather"],"picked":"Empty Cage"}],"items_purged_floors":[2,21,25],"is_endless":false,"potions_floor_spawned":[1,12,13,16,22,28,31],"killed_by":"Collector","ascension_level":0}