{"gold_per_floor":[114,114,130,130,14,14,41,60,60,6,6,81,81,92,92,169,169,180,180,195,195],"floor_reached":21,"playtime":786,"items_purged":[],"score":336,"play_id":"c1bbe4c9-b4df-4753-8210-60639a57eaa3","local_time":"20190130110043","is_ascension_mode":true,"campfire_choices":[{"data":"True Grit","floor":6,"key":"SMITH"},{"data":"Searing Blow+1","floor":11,"key":"SMITH"},{"data":"Searing Blow+2","floor":13,"key":"SMITH"},{"data":"Bash","floor":15,"key":"SMITH"}],"neow_cost":"NONE","seed_source_timestamp":1074780520626932,"circlet_count":0,"master_deck":["AscendersBane","Strike_R","Strike_R","Strike_R","Defend_R","Defend_R","Defend_R","Defend_R","Bash+1","Searing Blow+3","Double Tap","Dropkick","True Grit+1","Whirlwind+1","Dual Wield","Feed+1","Writhe","Decay","Regret","Iron Wave+1","Disarm"],"relics":["Burning Blood","Molten Egg 2","Happy Flower","Calling Bell","Oddly Smooth Stone","Shuriken","Mango"],"potions_floor_usage":[7,18],"damage_taken":[{"damage":6,"enemies":"Cultist","floor":1,"turns":4},{"damage":4,"enemies":"Small Slimes","floor":3,"turns":5},{"damage":16,"enemies":"Lagavulin","floor":7,"turns":5},{"damage":3,"enemies":"Jaw Worm","floor":8,"turns":4},{"damage":0,"enemies":"Looter","floor":14,"turns":1},{"damage":50,"enemies":"The Guardian","floor":16,"turns":14},{"damage":33,"enemies":"2 Thieves","floor":18,"turns":4},{"damage":26,"enemies":"Chosen","floor":20,"turns":5},{"damage":45,"enemies":"Sentry and Sphere","floor":21,"turns":5}],"seed_played":"-6499790615280325754","potions_obtained":[{"floor":1,"key":"Energy Potion"},{"floor":7,"key":"FairyPotion"},{"floor":20,"key":"Weak Potion"}],"is_trial":false,"path_per_floor":["M","?","M","?","$","R","E","M","T","$","R","?","R","M","R","B",null,"M","?","M","M"],"character_chosen":"IRONCLAD","items_purchased":["Dropkick","True Grit","Fire Potion"],"campfire_rested":0,"item_purchase_floors":[5,5,10],"current_hp_per_floor":[68,61,63,63,63,63,53,56,56,56,56,45,45,51,51,7,72,49,49,29,0],"gold":195,"neow_bonus":"REMOVE_CARD","is_prod":false,"is_daily":false,"chose_seed":false,"campfire_upgraded":4,"win_rate":0,"timestamp":1548864043,"path_taken":["M","?","M","?","$","R","E","M","T","$","R","?","R","M","R","BOSS","M","?","M","M"],"build_version":"2019-01-23","purchased_purges":0,"victory":false,"max_hp_per_floor":[75,75,75,75,75,75,75,75,75,75,75,75,75,75,75,75,89,93,93,93,93],"card_choices":[{"not_picked":["Body Slam","Rupture"],"picked":"Searing Blow","floor":1},{"not_picked":["Perfected Strike","Flex"],"picked":"Double Tap","floor":3},{"not_picked":["Uppercut","Cleave"],"picked":"Whirlwind","floor":7},{"not_picked":["Bloodletting","Heavy Blade+1","Warcry"],"picked":"SKIP","floor":8},{"not_picked":["Clothesline+1","Ghostly Armor"],"picked":"Dual Wield","floor":14},{"not_picked":["Limit Break","Fiend Fire+1"],"picked":"Feed+1","floor":16},{"not_picked":["Corruption","Sword Boomerang+1"],"picked":"Iron Wave+1","floor":18},{"not_picked":["Heavy Blade+1","Carnage+1"],"picked":"Disarm","floor":20}],"player_experience":566787,"relics_obtained":[{"floor":7,"key":"Molten Egg 2"},{"floor":9,"key":"Happy Flower"},{"floor":17,"key":"Oddly Smooth Stone"},{"floor":17,"key":"Shuriken"},{"floor":17,"key":"Mango"}],"event_choices":[{"cards_removed":["Strike_R"],"damage_healed":0,"gold_gain":0,"player_choice":"Card Removal","damage_taken":7,"max_hp_gain":0,"max_hp_loss":0,"event_name":"Golden Wing","floor":2,"gold_loss":0},{"damage_healed":0,"gold_gain":0,"player_choice":"Grow","damage_taken":0,"max_hp_gain":0,"max_hp_loss":0,"event_name":"Living Wall","floor":4,"gold_loss":0,"cards_upgraded":["Searing Blow"]},{"damage_healed":0,"gold_gain":75,"player_choice":"Gather Gold","damage_taken":11,"max_hp_gain":0,"max_hp_loss":0,"event_name":"World of Goop","floor":12,"gold_loss":0},{"damage_healed":0,"gold_gain":0,"player_choice":"Leave","damage_taken":0,"max_hp_gain":0,"max_hp_loss":0,"event_name":"FaceTrader","floor":19,"gold_loss":0}],"is_beta":false,"boss_relics":[{"not_picked":["Orrery","Lizard Tail"],"picked":"Calling Bell"}],"items_purged_floors":[],"is_endless":false,"potions_floor_spawned":[1,7,16,20],"killed_by":"Sentry and Sphere","ascension_level":18}