{"gold_per_floor":[111,36,36,51,63,82,109,126,126,159,159],"floor_reached":11,"playtime":539,"items_purged":["Strike_R"],"score":85,"play_id":"33a0174d-4589-42cd-ac4a-d0753783cb86","local_time":"20190216150023","is_ascension_mode":false,"campfire_choices":[],"neow_cost":"NONE","seed_source_timestamp":108214730895482,"circlet_count":0,"master_deck":["Strike_R","Strike_R","Strike_R","Defend_R","Defend_R","Defend_R","Bash","Rage","Dual Wield"],"relics":["Burning Blood","Bag of Marbles","Art of War","Mummified Hand"],"potions_floor_usage":[7,7,8,8,10,11],"damage_taken":[{"damage":2,"enemies":"Small Slimes","floor":1,"turns":3},{"damage":0,"enemies":"Cultist","floor":4,"turns":4},{"damage":3,"enemies":"2 Louse","floor":5,"turns":3},{"damage":4,"enemies":"Blue Slaver","floor":6,"turns":4},{"damage":23,"enemies":"Gremlin Nob","floor":7,"turns":5},{"damage":22,"enemies":"Large Slime","floor":8,"turns":7},{"damage":19,"enemies":"3 Sentries","floor":10,"turns":8},{"damage":34,"enemies":"Lagavulin Event","floor":11,"turns":5}],"seed_played":"-7838949594222808249","potions_obtained":[{"floor":1,"key":"Fire Potion"},{"floor":6,"key":"Ancient Potion"},{"floor":7,"key":"EntropicBrew"},{"floor":10,"key":"Strength Potion"}],"is_trial":false,"path_per_floor":["M","$","?","M","M","M","E","M","T","E","?"],"character_chosen":"IRONCLAD","items_purchased":[],"campfire_rested":0,"item_purchase_floors":[],"current_hp_per_floor":[80,80,80,80,80,80,63,47,47,34,0],"gold":159,"neow_bonus":"REMOVE_CARD","is_prod":false,"is_daily":false,"chose_seed":false,"campfire_upgraded":0,"win_rate":0,"timestamp":1550347223,"path_taken":["M","$","?","M","?","M","E","M","T","E","?"],"build_version":"2019-01-23","purchased_purges":1,"victory":false,"max_hp_per_floor":[80,80,80,80,80,80,80,80,80,80,80],"card_choices":[{"not_picked":["Combust","Wild Strike"],"picked":"Rage","floor":1},{"not_picked":["Rampage","Pommel Strike"],"picked":"Dual Wield","floor":4},{"not_picked":["Carnage","Shockwave","True Grit"],"picked":"SKIP","floor":5},{"not_picked":["Inflame","Dual Wield","Iron Wave"],"picked":"SKIP","floor":6},{"not_picked":["Headbutt","Berserk","Anger"],"picked":"SKIP","floor":7},{"not_picked":["Armaments","Pommel Strike","Spot Weakness"],"picked":"SKIP","floor":8},{"not_picked":["Infernal Blade","Dual Wield","Intimidate"],"picked":"SKIP","floor":10}],"player_experience":778547,"relics_obtained":[{"floor":7,"key":"Bag of Marbles"},{"floor":10,"key":"Art of War"}],"event_choices":[{"cards_removed":["Defend_R"],"damage_healed":0,"gold_gain":0,"player_choice":"Offered Basic","damage_taken":0,"max_hp_gain":0,"max_hp_loss":0,"event_name":"Bonfire Elementals","floor":3,"gold_loss":0},{"damage_healed":0,"gold_gain":0,"player_choice":"Searched \u00272\u0027 times","damage_taken":0,"relics_obtained":["Mummified Hand"],"max_hp_gain":0,"max_hp_loss":0,"event_name":"Dead Adventurer","floor":11,"gold_loss":0}],"is_beta":false,"boss_relics":[],"items_purged_floors":[2],"is_endless":false,"potions_floor_spawned":[1,6,7,10],"killed_by":"Lagavulin Event","ascension_level":0}