{"path_per_floor":["M","M","?","M","?","R","M","R","T","?","M","M","?","$","R","B",null,"M","M","M","$","?","R","$"],"character_chosen":"DEFECT","items_purchased":["Vajra","Self Repair"],"gold_per_floor":[118,131,131,141,141,141,156,156,156,156,169,183,183,30,30,125,125,141,159,171,55,55,55,55,55],"floor_reached":25,"campfire_rested":0,"playtime":1119,"item_purchase_floors":[14,21],"current_hp_per_floor":[71,70,70,70,75,75,68,68,68,68,62,56,56,56,56,30,80,77,69,57,57,41,41,41,0],"items_purged":["Injury"],"gold":55,"score":203,"play_id":"9aa6312c-a545-42bc-b99a-653715a35bc9","local_time":"20180619091541","is_prod":false,"is_daily":false,"chose_seed":false,"is_ascension_mode":true,"campfire_upgraded":4,"win_rate":0.0,"timestamp":1529424941,"campfire_choices":[{"data":"Redo","floor":6,"key":"SMITH"},{"data":"Dualcast","floor":8,"key":"SMITH"},{"data":"Sweeping Beam","floor":15,"key":"SMITH"},{"data":"Sunder","floor":23,"key":"SMITH"}],"path_taken":["M","M","?","M","?","R","?","R","T","?","M","?","?","?","R","BOSS","M","?","M","$","?","R","$","E"],"build_version":"2018-06-14v2","seed_source_timestamp":466653385821858,"purchased_purges":1,"victory":false,"master_deck":["Strike_B","Strike_B","Strike_B","Strike_B","Defend_B","Defend_B","Defend_B","Defend_B","Zap+1","Dualcast+1","Sweeping Beam+1","Redo+1","Sunder+1","Cold Snap","Force Field","Creative AI","Go for the Eyes","Coolheaded","Self Repair","Necronomicurse"],"max_hp_per_floor":[75,75,75,75,80,80,80,80,80,80,80,80,80,80,80,80,80,80,80,80,80,80,80,80,80],"relics":["Cracked Core","Dream Catcher","Dodecahedron","Vajra","Nuclear Battery","Necronomicon"],"card_choices":[{"not_picked":["Beam Cell","Coolheaded"],"picked":"Sweeping Beam","floor":1},{"not_picked":["Undo","Hologram"],"picked":"Redo","floor":2},{"not_picked":["FTL","Steam"],"picked":"Sunder","floor":4},{"not_picked":["Gash","Stack","Hologram"],"picked":"SKIP","floor":7},{"not_picked":["Coolheaded","Beam Cell"],"picked":"Cold Snap","floor":11},{"not_picked":["Auto Shields","Fission"],"picked":"Force Field","floor":12},{"not_picked":["Thunder Strike","All For One"],"picked":"Creative AI","floor":16},{"not_picked":["Barrage+1","Ball Lightning"],"picked":"Go for the Eyes","floor":18},{"not_picked":["Genetic Algorithm+1","Sweeping Beam"],"picked":"Coolheaded","floor":19},{"not_picked":["Undo","Turbo","Static Discharge+1"],"picked":"SKIP","floor":20}],"player_experience":203223,"potions_floor_usage":[20,25,25],"damage_taken":[{"damage":4,"enemies":"2 Louse","floor":1,"turns":3},{"damage":1,"enemies":"Cultist","floor":2,"turns":3},{"damage":0,"enemies":"Small Slimes","floor":4,"turns":3},{"damage":7,"enemies":"Blue Slaver","floor":7,"turns":3},{"damage":6,"enemies":"2 Fungi Beasts","floor":11,"turns":3},{"damage":6,"enemies":"Red Slaver","floor":12,"turns":2},{"damage":26,"enemies":"Slime Boss","floor":16,"turns":8},{"damage":3,"enemies":"Spheric Guardian","floor":18,"turns":5},{"damage":8,"enemies":"Chosen","floor":19,"turns":4},{"damage":27,"enemies":"3 Cultists","floor":20,"turns":7},{"damage":50,"enemies":"Gremlin Leader","floor":25,"turns":5}],"relics_obtained":[{"floor":9,"key":"Dodecahedron"},{"floor":22,"key":"Necronomicon"}],"event_choices":[{"event_name":"Accursed Blacksmith","player_choice":"Forge","floor":3,"damage_taken":0},{"event_name":"Big Fish","player_choice":"Donut","floor":5,"damage_taken":0},{"event_name":"Match and Keep!","player_choice":"0 cards matched","floor":10,"damage_taken":0},{"event_name":"The Lab","player_choice":"Got Potions","floor":13,"damage_taken":0},{"event_name":"Cursed Tome","player_choice":"Obtained Book","floor":22,"damage_taken":0}],"boss_relics":[{"not_picked":["Pandora\u0027s Box","Philosopher\u0027s Stone"],"picked":"Nuclear Battery"}],"items_purged_floors":[21],"is_endless":false,"potions_floor_spawned":[1,12,16,18],"seed_played":"9119307112407123975","killed_by":"Gremlin Leader","ascension_level":1,"potions_obtained":[{"floor":1,"key":"Dexterity Potion"},{"floor":12,"key":"FearPotion"},{"floor":13,"key":"Fire Potion"},{"floor":13,"key":"Swift Potion"},{"floor":16,"key":"Regen Potion"}],"is_trial":false}