{"gold_per_floor":[117,117,117,117,42,42,70,83,153,153,180,192,218,250,262,369,381,318],"floor_reached":18,"playtime":637,"items_purged":["Regret"],"score":229,"play_id":"7f7dbdac-58ae-4ea9-b0e0-5acd437fa246","local_time":"20190205181145","is_ascension_mode":true,"campfire_choices":[{"data":"Bash","floor":6.0,"key":"SMITH"},{"data":"Armaments","floor":10.0,"key":"SMITH"},{"data":"True Grit","floor":15.0,"key":"SMITH"}],"neow_cost":"NONE","seed_source_timestamp":0,"circlet_count":0,"master_deck":["Strike_R+1","Strike_R","Strike_R+1","Strike_R","Strike_R","Defend_R","Defend_R","Defend_R","Defend_R","Bash+1","Thunderclap","True Grit+1","Armaments+1","Headbutt","Berserk"],"special_seed":0,"relics":["Burning Blood","NeowsBlessing","Boot","Juzu Bracelet","Whetstone","The Courier","MawBank","Sozu"],"potions_floor_usage":[],"damage_taken":[{"damage":0.0,"enemies":"Cultist","floor":1.0,"turns":1.0},{"damage":0.0,"enemies":"Lagavulin","floor":7.0,"turns":1.0},{"damage":0.0,"enemies":"2 Louse","floor":8.0,"turns":1.0},{"damage":0.0,"enemies":"Small Slimes","floor":13.0,"turns":3.0},{"damage":9.0,"enemies":"3 Louse","floor":14.0,"turns":3.0},{"damage":72,"enemies":"The Guardian","floor":16,"turns":18},{"damage":64,"enemies":"2 Thieves","floor":18,"turns":3}],"seed_played":"-3661915948970547101","potions_obtained":[{"floor":7.0,"key":"Regen Potion"},{"floor":14.0,"key":"Energy Potion"}],"is_trial":false,"path_per_floor":["M","$","?","?","$","R","E","M","T","R","T","$","M","M","R","B",null,"M"],"character_chosen":"IRONCLAD","items_purchased":[],"campfire_rested":0,"item_purchase_floors":[],"current_hp_per_floor":[80,80,62,62,62,62,68,74,74,74,74,74,80,77,77,11,63,0],"gold":318,"neow_bonus":"THREE_ENEMY_KILL","is_prod":false,"is_daily":false,"chose_seed":false,"campfire_upgraded":3,"win_rate":0,"timestamp":1549419105,"path_taken":["M","?","?","?","$","R","E","M","T","R","?","?","M","M","R","BOSS","M"],"build_version":"2019-01-23","purchased_purges":1,"victory":false,"max_hp_per_floor":[80,80,80,80,80,80,80,80,80,80,80,80,80,80,80,80,80,80],"card_choices":[{"not_picked":["Wild Strike","Intimidate"],"picked":"Thunderclap","floor":1.0},{"not_picked":["Sword Boomerang","Clash"],"picked":"True Grit","floor":7.0},{"not_picked":["Sword Boomerang","Metallicize"],"picked":"Armaments","floor":8.0},{"not_picked":["Twin Strike","Rage","Disarm"],"picked":"SKIP","floor":13.0},{"not_picked":["True Grit","Sword Boomerang"],"picked":"Headbutt","floor":14.0},{"not_picked":["Dark Embrace","Immolate"],"picked":"Berserk","floor":16}],"player_experience":266672,"relics_obtained":[{"floor":7.0,"key":"Whetstone"},{"floor":9.0,"key":"The Courier"},{"floor":11.0,"key":"MawBank"}],"event_choices":[{"damage_healed":0.0,"max_hp_gain":0.0,"max_hp_loss":0.0,"gold_gain":0.0,"event_name":"Scrap Ooze","player_choice":"Success","floor":3.0,"gold_loss":0.0,"damage_taken":18.0,"relics_obtained":["Boot"]},{"damage_healed":0.0,"max_hp_gain":0.0,"max_hp_loss":0.0,"gold_gain":0.0,"event_name":"Big Fish","player_choice":"Box","floor":4.0,"gold_loss":0.0,"damage_taken":0.0,"relics_obtained":["Juzu Bracelet"],"cards_obtained":["Regret"]}],"is_beta":false,"boss_relics":[{"not_picked":["Tiny House","Busted Crown"],"picked":"Sozu"}],"items_purged_floors":[5],"is_endless":false,"potions_floor_spawned":[7,14],"killed_by":"2 Thieves","ascension_level":5}