{"gold_per_floor":[216,216,268,296,308,320,365,377,442,470,482],"floor_reached":11,"playtime":296,"items_purged":[],"score":78,"play_id":"7e5913a6-aecc-47f2-8c34-c154a308c864","local_time":"20181120230509","is_ascension_mode":true,"campfire_choices":[{"data":"Loop","floor":6,"key":"SMITH"}],"neow_cost":"NONE","seed_source_timestamp":513861970606130,"circlet_count":0,"master_deck":["Strike_B","Strike_B","Strike_B","Strike_B","Defend_B+1","Defend_B","Defend_B","Defend_B","Zap+1","Dualcast","Loop+1","Redo"],"relics":["Cracked Core","MawBank","Golden Idol","Gambling Chip","Omamori","Tiny Chest"],"potions_floor_usage":[],"damage_taken":[{"damage":1,"enemies":"2 Louse","floor":1,"turns":2},{"damage":2,"enemies":"Jaw Worm","floor":4,"turns":3},{"damage":22,"enemies":"Gremlin Nob","floor":7,"turns":4},{"damage":1,"enemies":"Cultist","floor":10,"turns":3},{"damage":2,"enemies":"Large Slime","floor":11,"turns":3}],"seed_played":"-6230943878850184502","potions_obtained":[{"floor":7,"key":"FocusPotion"},{"floor":10,"key":"Energy Potion"}],"is_trial":false,"path_per_floor":["M","?","T","M","?","R","E","?","T","M","M"],"character_chosen":"DEFECT","items_purchased":[],"campfire_rested":0,"item_purchase_floors":[],"current_hp_per_floor":[74,59,59,57,39,39,17,10,10,9,7],"gold":482,"neow_bonus":"HUNDRED_GOLD","is_prod":false,"is_daily":false,"chose_seed":false,"campfire_upgraded":1,"win_rate":0,"timestamp":1542773109,"path_taken":["M","?","?","?","?","R","E","?","T","?","M"],"build_version":"2018-11-15","purchased_purges":0,"victory":false,"max_hp_per_floor":[75,75,75,75,75,75,75,75,75,75,75],"card_choices":[{"not_picked":["Go for the Eyes","FTL","Conserve Battery"],"picked":"SKIP","floor":1},{"not_picked":["Leap","Hologram"],"picked":"Loop","floor":4},{"not_picked":["Steam","Leap"],"picked":"Redo","floor":7},{"not_picked":["Recycle","Undo","Hologram"],"picked":"SKIP","floor":10}],"player_experience":267655,"relics_obtained":[{"floor":3,"key":"MawBank"},{"floor":7,"key":"Gambling Chip"},{"floor":9,"key":"Tiny Chest"}],"event_choices":[{"damage_healed":0,"gold_gain":0,"player_choice":"Entered Light","damage_taken":15,"max_hp_gain":0,"max_hp_loss":0,"event_name":"Shining Light","floor":2,"gold_loss":0,"cards_upgraded":["Defend_B","Zap"]},{"damage_healed":0,"gold_gain":0,"player_choice":"Take Damage","damage_taken":18,"relics_obtained":["Golden Idol"],"max_hp_gain":0,"max_hp_loss":0,"event_name":"Golden Idol","floor":5,"gold_loss":0},{"damage_healed":0,"gold_gain":0,"player_choice":"Success","damage_taken":7,"relics_obtained":["Omamori"],"max_hp_gain":0,"max_hp_loss":0,"event_name":"Scrap Ooze","floor":8,"gold_loss":0}],"is_beta":false,"boss_relics":[],"items_purged_floors":[],"is_endless":false,"potions_floor_spawned":[7,10],"killed_by":"Large Slime","ascension_level":2}