{"gold_per_floor":[111,126,146,163,163,163,163,188,188,188,205,220,6,6,6,6],"floor_reached":16,"playtime":827,"items_purged":["Strike_G"],"score":179,"play_id":"352ce487-aae2-41f7-a513-bed5c895ac15","local_time":"20190304204700","is_ascension_mode":true,"campfire_choices":[{"data":"Neutralize","floor":6.0,"key":"SMITH"},{"floor":15,"key":"REST"}],"neow_cost":"NONE","seed_source_timestamp":684394315431137,"circlet_count":0,"master_deck":["AscendersBane","Defend_G","Defend_G","Defend_G","Defend_G","Defend_G","Strike_G","Strike_G","Strike_G","Strike_G","Survivor","Neutralize+1","Dagger Spray+1","Finisher","PiercingWail","Calculated Gamble+1","Leg Sweep+1","Skewer","Parasite"],"special_seed":0,"relics":["Ring of the Snake","Boot","Question Card","Toxic Egg 2","Lantern","Ninja Scroll"],"potions_floor_usage":[16,16],"damage_taken":[{"damage":1.0,"enemies":"Cultist","floor":1.0,"turns":5.0},{"damage":2.0,"enemies":"2 Louse","floor":2.0,"turns":2.0},{"damage":0.0,"enemies":"Small Slimes","floor":3.0,"turns":2.0},{"damage":3.0,"enemies":"Blue Slaver","floor":4.0,"turns":4.0},{"damage":49.0,"enemies":"Lagavulin","floor":8.0,"turns":12.0},{"damage":0.0,"enemies":"3 Louse","floor":11.0,"turns":2.0},{"damage":0,"enemies":"Exordium Wildlife","floor":12,"turns":5},{"damage":55,"enemies":"Slime Boss","floor":16,"turns":10}],"seed_played":"878460073554092299","potions_obtained":[{"floor":2.0,"key":"Fire Potion"},{"floor":3.0,"key":"EssenceOfSteel"},{"floor":8.0,"key":"SpeedPotion"}],"is_trial":false,"path_per_floor":["M","M","M","M","T","R","?","E","T","?","M","M","$","?","R","B"],"character_chosen":"THE_SILENT","items_purchased":["Skewer","Regen Potion"],"campfire_rested":1,"item_purchase_floors":[13,13],"current_hp_per_floor":[58,56,56,53,53,53,53,4,4,4,4,4,4,20,39,0],"gold":6,"neow_bonus":"RANDOM_COMMON_RELIC","is_prod":false,"is_daily":false,"chose_seed":false,"campfire_upgraded":1,"win_rate":0,"timestamp":1551750420,"path_taken":["M","M","?","?","?","R","?","E","T","?","M","M","?","?","R","BOSS"],"build_version":"2019-01-23","purchased_purges":1,"victory":false,"max_hp_per_floor":[66,66,66,66,66,66,66,66,66,66,66,66,66,66,66,66],"card_choices":[{"not_picked":["Outmaneuver","Bouncing Flask"],"picked":"Dagger Spray","floor":1.0},{"not_picked":["Terror","Reflex"],"picked":"Finisher","floor":2.0},{"not_picked":["Prepared","Dagger Spray","Outmaneuver"],"picked":"SKIP","floor":3.0},{"not_picked":["Expertise","Dagger Spray"],"picked":"PiercingWail","floor":4.0},{"not_picked":["Prepared+1","Dagger Spray","Underhanded Strike","Blade Dance+1"],"picked":"SKIP","floor":8.0},{"not_picked":["Accuracy","Riddle With Holes","Heel Hook"],"picked":"Calculated Gamble+1","floor":11.0},{"not_picked":["Prepared+1","Acrobatics+1","Dagger Throw"],"picked":"Leg Sweep+1","floor":12}],"player_experience":481215,"relics_obtained":[{"floor":5.0,"key":"Question Card"},{"floor":8.0,"key":"Lantern"},{"floor":9.0,"key":"Ninja Scroll"}],"event_choices":[{"damage_healed":0.0,"max_hp_gain":0.0,"max_hp_loss":0.0,"gold_gain":0.0,"event_name":"Dead Adventurer","player_choice":"Searched \u00271\u0027 times","floor":7.0,"gold_loss":0.0,"damage_taken":0.0,"relics_obtained":["Toxic Egg 2"]},{"damage_healed":0.0,"max_hp_gain":0.0,"max_hp_loss":0.0,"gold_gain":0.0,"event_name":"Living Wall","player_choice":"Grow","floor":10.0,"gold_loss":0.0,"damage_taken":0.0,"cards_upgraded":["Dagger Spray"]},{"damage_healed":16,"gold_gain":0,"player_choice":"Healed and dodged fight","damage_taken":0,"max_hp_gain":0,"max_hp_loss":0,"event_name":"Mushrooms","floor":14,"gold_loss":0,"cards_obtained":["Parasite"]}],"is_beta":false,"boss_relics":[],"items_purged_floors":[13],"is_endless":false,"potions_floor_spawned":[2,3,8],"killed_by":"Slime Boss","ascension_level":15}