{"gold_per_floor":[210,59,59,74,91,121,121,121,144,18,30,30,55,55,55,158,208,221,96,110,122,135,135,135,147,218,218,238,238,252,269,269,365,365,384,384,400,411,411,445,445,456,456,456,476,476,495,507,507,507],"floor_reached":51,"playtime":2276,"items_purged":["Strike_G","Strike_G","Strike_G"],"score":835,"play_id":"99af458e-8a3a-4f8b-98cb-b90ddcf230d7","local_time":"20190110161952","is_ascension_mode":true,"campfire_choices":[{"data":"Noxious Fumes","floor":15.0,"key":"SMITH"},{"data":"Backflip","floor":23.0,"key":"SMITH"},{"data":"Neutralize","floor":29.0,"key":"SMITH"},{"data":"Dodge and Roll","floor":32.0,"key":"SMITH"},{"floor":41.0,"key":"REST"},{"data":"Burst","floor":44,"key":"SMITH"},{"data":"Night Terror","floor":49,"key":"SMITH"}],"neow_cost":"NONE","seed_source_timestamp":18878235591445,"circlet_count":0,"master_deck":["Defend_G","Defend_G","Defend_G","Defend_G","Defend_G","Survivor","Neutralize+1","Deadly Poison","Blur+1","Quick Slash","Dagger Spray","Deadly Poison+1","Bane","Noxious Fumes+1","Deflect+1","Backflip+1","PiercingWail+1","Dodge and Roll+1","Dodge and Roll","Burst+1","Noxious Fumes+1","Catalyst","Doubt","Catalyst+1","Night Terror+1","Blur"],"special_seed":0,"relics":["Ring of the Snake","Thread and Needle","Pear","Vajra","Orichalcum","Tiny House","Strawberry","Mummified Hand","Cursed Key","The Courier","Ancient Tea Set"],"potions_floor_usage":[50,50],"damage_taken":[{"damage":6.0,"enemies":"Small Slimes","floor":1.0,"turns":6.0},{"damage":3.0,"enemies":"Jaw Worm","floor":4.0,"turns":4.0},{"damage":0.0,"enemies":"2 Louse","floor":5.0,"turns":3.0},{"damage":15.0,"enemies":"3 Sentries","floor":6.0,"turns":9.0},{"damage":0.0,"enemies":"2 Fungi Beasts","floor":11.0,"turns":3.0},{"damage":21.0,"enemies":"Lagavulin","floor":13.0,"turns":4.0},{"damage":6.0,"enemies":"The Guardian","floor":16.0,"turns":9.0},{"damage":2.0,"enemies":"Shell Parasite","floor":18.0,"turns":5.0},{"damage":4.0,"enemies":"Spheric Guardian","floor":20.0,"turns":4.0},{"damage":15.0,"enemies":"Snake Plant","floor":21.0,"turns":5.0},{"damage":4.0,"enemies":"Shelled Parasite and Fungi","floor":22.0,"turns":5.0},{"damage":0.0,"enemies":"Cultist and Chosen","floor":25.0,"turns":4.0},{"damage":0.0,"enemies":"Snake Plant","floor":28.0,"turns":4.0},{"damage":0.0,"enemies":"3 Cultists","floor":30.0,"turns":2.0},{"damage":11.0,"enemies":"Snecko","floor":31.0,"turns":7.0},{"damage":45.0,"enemies":"Champ","floor":33.0,"turns":15.0},{"damage":0.0,"enemies":"Orb Walker","floor":35.0,"turns":6.0},{"damage":2.0,"enemies":"3 Darklings","floor":37.0,"turns":5.0},{"damage":0.0,"enemies":"Sphere and 2 Shapes","floor":38.0,"turns":3.0},{"damage":56.0,"enemies":"Reptomancer","floor":40.0,"turns":7.0},{"damage":9.0,"enemies":"Spire Growth","floor":42.0,"turns":4.0},{"damage":4,"enemies":"3 Darklings","floor":45,"turns":6},{"damage":7,"enemies":"Jaw Worm Horde","floor":47,"turns":5},{"damage":1,"enemies":"Transient","floor":48,"turns":5},{"damage":79,"enemies":"Awakened One","floor":50,"turns":13}],"seed_played":"6108264516489950031","potions_obtained":[{"floor":4.0,"key":"Strength Potion"},{"floor":5.0,"key":"Fire Potion"},{"floor":6.0,"key":"Explosive Potion"},{"floor":16.0,"key":"Block Potion"},{"floor":30.0,"key":"SteroidPotion"},{"floor":33.0,"key":"FearPotion"}],"is_trial":false,"path_per_floor":["M","$","?","M","M","E","T","?","T","$","M","?","E","$","R","B",null,"M","$","M","M","M","R","?","M","T","?","M","R","M","M","R","B",null,"M","?","M","M","T","E","R","M","T","R","M","?","M","M","R","B",null],"character_chosen":"THE_SILENT","items_purchased":["Blur","Deadly Poison"],"campfire_rested":1,"item_purchase_floors":[2,10],"current_hp_per_floor":[64,64,57,54,54,39,49,49,49,49,49,49,28,28,28,22,85,83,83,79,64,60,60,67,67,67,67,67,67,67,56,56,11,92,92,92,90,90,90,34,61,52,52,52,48,102,95,94,94,15],"gold":507,"neow_bonus":"HUNDRED_GOLD","is_prod":false,"is_daily":false,"chose_seed":false,"campfire_upgraded":6,"win_rate":0,"timestamp":1547104792,"path_taken":["M","$","?","M","M","E","?","?","T","$","M","?","E","$","R","BOSS","M","$","M","M","M","R","?","M","T","?","?","R","M","M","R","BOSS","M","?","?","M","?","E","R","M","T","R","M","?","?","M","R","BOSS"],"build_version":"2019-01-03v4","purchased_purges":3,"victory":true,"max_hp_per_floor":[70,70,70,70,70,70,80,80,80,80,80,80,80,80,80,80,85,85,85,85,85,85,85,92,92,92,92,92,92,92,92,92,92,92,92,92,92,92,92,92,92,92,92,92,92,102,102,102,102,102],"card_choices":[{"not_picked":["Dagger Throw","Flechettes"],"picked":"Deadly Poison","floor":1.0},{"not_picked":["Reflex","Cloak And Dagger"],"picked":"Quick Slash","floor":4.0},{"not_picked":["Corpse Explosion","Calculated Gamble"],"picked":"Dagger Spray","floor":5.0},{"not_picked":["Blade Dance","Flechettes","Dagger Spray"],"picked":"SKIP","floor":6.0},{"not_picked":["Prepared","Outmaneuver"],"picked":"Bane","floor":11.0},{"not_picked":["Calculated Gamble","Heel Hook"],"picked":"Noxious Fumes","floor":13.0},{"not_picked":["Grand Finale","Phantasmal Killer"],"picked":"Corpse Explosion","floor":16.0},{"not_picked":["Deadly Poison","Blade Dance"],"picked":"Deflect","floor":17.0},{"not_picked":["Cloak And Dagger+1","Deadly Poison"],"picked":"Backflip","floor":18.0},{"not_picked":["Setup","Unload","Dagger Spray+1"],"picked":"SKIP","floor":20.0},{"not_picked":["Blur","Quick Slash","Sucker Punch"],"picked":"SKIP","floor":21.0},{"not_picked":["Prepared","Cloak And Dagger+1","Eviscerate+1"],"picked":"SKIP","floor":22.0},{"not_picked":["Blade Dance","Cloak And Dagger"],"picked":"PiercingWail+1","floor":25.0},{"not_picked":["Sucker Punch","Bane","Dagger Throw+1"],"picked":"SKIP","floor":28.0},{"not_picked":["Flechettes","Dagger Throw"],"picked":"Dodge and Roll","floor":30.0},{"not_picked":["All Out Attack+1","Acrobatics"],"picked":"Dodge and Roll","floor":31.0},{"not_picked":["Die Die Die","Tools of the Trade"],"picked":"Burst","floor":33.0},{"not_picked":["Poisoned Stab","Backflip","Flying Knee"],"picked":"SKIP","floor":35.0},{"not_picked":["Cloak And Dagger+1","Blade Dance+1","Dagger Spray+1"],"picked":"SKIP","floor":37.0},{"not_picked":["Bouncing Flask+1","Flechettes+1"],"picked":"Catalyst","floor":38.0},{"not_picked":["Poisoned Stab+1","Riddle With Holes+1"],"picked":"Catalyst+1","floor":40.0},{"not_picked":["Dagger Spray+1","Underhanded Strike+1","Dash+1"],"picked":"SKIP","floor":42.0},{"not_picked":["Deflect","Predator"],"picked":"Night Terror","floor":45},{"not_picked":["Dodge and Roll+1","Leg Sweep","Caltrops+1"],"picked":"SKIP","floor":47},{"not_picked":["Expertise+1","Blade Dance"],"picked":"Blur","floor":48}],"player_experience":195826,"relics_obtained":[{"floor":6.0,"key":"Thread and Needle"},{"floor":7.0,"key":"Pear"},{"floor":9.0,"key":"Vajra"},{"floor":13.0,"key":"Orichalcum"},{"floor":26.0,"key":"Mummified Hand"},{"floor":39.0,"key":"The Courier"},{"floor":40.0,"key":"Ancient Tea Set"}],"event_choices":[{"cards_removed":["Strike_G"],"damage_healed":0.0,"max_hp_gain":0.0,"max_hp_loss":0.0,"gold_gain":0.0,"event_name":"Golden Wing","player_choice":"Card Removal","floor":3.0,"gold_loss":0.0,"damage_taken":7.0},{"cards_removed":["Strike_G"],"damage_healed":0.0,"max_hp_gain":0.0,"max_hp_loss":0.0,"gold_gain":0.0,"event_name":"Living Wall","player_choice":"Forget","floor":8.0,"gold_loss":0.0,"damage_taken":0.0},{"damage_healed":0.0,"max_hp_gain":0.0,"max_hp_loss":0.0,"gold_gain":0.0,"event_name":"Upgrade Shrine","player_choice":"Upgraded","floor":12.0,"gold_loss":0.0,"damage_taken":0.0,"cards_upgraded":["Blur"]},{"damage_healed":0.0,"max_hp_gain":0.0,"max_hp_loss":0.0,"gold_gain":0.0,"event_name":"The Mausoleum","player_choice":"Opened","floor":24.0,"gold_loss":0.0,"damage_taken":0.0,"relics_obtained":["Strawberry"]},{"damage_healed":0.0,"max_hp_gain":0.0,"max_hp_loss":0.0,"gold_gain":0.0,"event_name":"Accursed Blacksmith","player_choice":"Forge","floor":27.0,"gold_loss":0.0,"damage_taken":0.0,"cards_upgraded":["Deflect"]},{"damage_healed":0.0,"max_hp_gain":0.0,"max_hp_loss":0.0,"gold_gain":0.0,"event_name":"Duplicator","player_choice":"Copied","floor":36.0,"gold_loss":0.0,"damage_taken":0.0,"cards_obtained":["Noxious Fumes"]},{"cards_removed":["Corpse Explosion"],"damage_healed":44,"gold_gain":0,"player_choice":"Offered Rare","damage_taken":0,"max_hp_gain":10,"max_hp_loss":0,"event_name":"Bonfire Elementals","floor":46,"gold_loss":0}],"is_beta":false,"boss_relics":[{"not_picked":["Fusion Hammer","Pandora\u0027s Box"],"picked":"Tiny House"},{"not_picked":["HoveringKite","Philosopher\u0027s Stone"],"picked":"Cursed Key"}],"items_purged_floors":[2,10,19],"is_endless":false,"potions_floor_spawned":[4,5,6,16,21,22,30,33,37,40,42,45,47],"ascension_level":2}