{"gold_per_floor":[368,393,411,80,90,90,15,42,42,42,60,60,60,77,77,148,148,163,163,177,196,215,215,229,229,307,2,2,13,42,62,62,141,141,159,159],"floor_reached":36,"playtime":1771,"items_purged":["Strike_G","Defend_G"],"score":714,"play_id":"1ab4d8ea-9b34-44b8-847a-cbca832c0582","local_time":"20190302125641","is_ascension_mode":true,"campfire_choices":[{"data":"Glass Knife","floor":6,"key":"SMITH"},{"data":"Neutralize","floor":10,"key":"SMITH"},{"data":"Noxious Fumes","floor":12,"key":"SMITH"},{"data":"Cloak And Dagger","floor":15,"key":"SMITH"},{"floor":23,"key":"REST"},{"floor":25,"key":"REST"},{"floor":28,"key":"REST"},{"floor":32,"key":"REST"}],"neow_cost":"TEN_PERCENT_HP_LOSS","seed_source_timestamp":201331536530554,"circlet_count":0,"master_deck":["AscendersBane","Defend_G","Defend_G","Defend_G+1","Strike_G","Strike_G","Survivor","Neutralize+1","Cloak And Dagger+1","Noxious Fumes+1","Glass Knife+1","Backflip","Leg Sweep","Dash","Malaise+1","Cloak And Dagger","After Image","Footwork","Thinking Ahead","Footwork","Noxious Fumes","Bullet Time"],"relics":["Ring of the Snake","PreservedInsect","Pear","Mercury Hourglass","White Beast Statue","Singing Bowl","War Paint","Empty Cage"],"potions_floor_usage":[8,20,21,22,22,30,30,33,33,36],"damage_taken":[{"damage":0,"enemies":"Cultist","floor":1,"turns":3},{"damage":1,"enemies":"Small Slimes","floor":3,"turns":5},{"damage":0,"enemies":"Jaw Worm","floor":5,"turns":4},{"damage":5,"enemies":"Gremlin Nob","floor":8,"turns":3},{"damage":0,"enemies":"Blue Slaver","floor":11,"turns":2},{"damage":4,"enemies":"Lots of Slimes","floor":14,"turns":3},{"damage":4,"enemies":"The Guardian","floor":16,"turns":11},{"damage":23,"enemies":"Spheric Guardian","floor":18,"turns":6},{"damage":13,"enemies":"Shell Parasite","floor":20,"turns":9},{"damage":21,"enemies":"Snake Plant","floor":21,"turns":5},{"damage":16,"enemies":"Shelled Parasite and Fungi","floor":22,"turns":6},{"damage":23,"enemies":"3 Cultists","floor":24,"turns":7},{"damage":0,"enemies":"Snake Plant","floor":29,"turns":7},{"damage":25,"enemies":"Gremlin Leader","floor":30,"turns":6},{"damage":5,"enemies":"Centurion and Healer","floor":31,"turns":8},{"damage":18,"enemies":"Collector","floor":33,"turns":10},{"damage":29,"enemies":"3 Darklings","floor":35,"turns":6},{"damage":33,"enemies":"Orb Walker","floor":36,"turns":5}],"seed_played":"2680310748147959233","potions_obtained":[{"floor":3,"key":"AttackPotion"},{"floor":8,"key":"LiquidBronze"},{"floor":18,"key":"Weak Potion"},{"floor":19,"key":"Regen Potion"},{"floor":20,"key":"Poison Potion"},{"floor":21,"key":"Strength Potion"},{"floor":22,"key":"Strength Potion"},{"floor":24,"key":"FearPotion"},{"floor":29,"key":"Dexterity Potion"},{"floor":30,"key":"SkillPotion"},{"floor":31,"key":"AttackPotion"},{"floor":33,"key":"LiquidBronze"},{"floor":35,"key":"Ancient Potion"}],"is_trial":false,"path_per_floor":["M","T","M","$","M","R","?","E","T","R","M","R","$","M","R","B",null,"M","?","M","M","M","R","M","R","T","$","R","M","E","M","R","B",null,"M","M"],"character_chosen":"THE_SILENT","items_purchased":["Noxious Fumes","Glass Knife","Thinking Ahead"],"campfire_rested":4,"item_purchase_floors":[4,4,27],"current_hp_per_floor":[59,59,58,58,58,58,58,63,63,63,63,63,63,59,59,55,66,43,43,45,24,8,29,6,27,27,27,48,48,25,20,41,23,60,33,0],"gold":159,"neow_bonus":"TWO_FIFTY_GOLD","is_prod":false,"is_daily":false,"chose_seed":false,"campfire_upgraded":4,"win_rate":0,"timestamp":1551560201,"path_taken":["M","?","M","$","M","R","?","E","T","R","?","R","$","M","R","BOSS","M","?","?","M","M","R","M","R","T","?","R","M","E","M","R","BOSS","M","?"],"build_version":"2019-01-23","purchased_purges":2,"victory":false,"max_hp_per_floor":[60,60,60,60,60,60,60,70,70,70,70,70,70,70,70,70,70,70,70,70,70,70,70,70,70,70,70,70,70,72,72,72,72,72,74,74],"card_choices":[{"not_picked":["Dodge and Roll","Deflect"],"picked":"Cloak And Dagger","floor":1},{"not_picked":["Sucker Punch","Deadly Poison","Expertise"],"picked":"SKIP","floor":3},{"not_picked":["Poisoned Stab","Dagger Spray"],"picked":"Backflip","floor":5},{"not_picked":["Dodge and Roll","Escape Plan"],"picked":"Leg Sweep","floor":8},{"not_picked":["Bane","Deflect"],"picked":"Dash","floor":11},{"not_picked":["Escape Plan","Quick Slash","Deflect"],"picked":"SKIP","floor":14},{"not_picked":["Grand Finale","Glass Knife"],"picked":"Malaise","floor":16},{"not_picked":["Tactician","Poisoned Stab","Bane"],"picked":"SKIP","floor":18},{"not_picked":["Backflip","Slice+1"],"picked":"Cloak And Dagger","floor":20},{"not_picked":["Underhanded Strike","Deflect+1"],"picked":"After Image","floor":21},{"not_picked":["Slice","Caltrops","PiercingWail"],"picked":"SKIP","floor":22},{"not_picked":["Crippling Poison","Skewer"],"picked":"Footwork","floor":24},{"not_picked":["Setup","Cloak And Dagger+1"],"picked":"Footwork","floor":29},{"not_picked":["Sucker Punch","Infinite Blades","Bouncing Flask"],"picked":"Singing Bowl","floor":30},{"not_picked":["Heel Hook","Riddle With Holes+1"],"picked":"Noxious Fumes","floor":31},{"not_picked":["Storm of Steel","Wraith Form v2"],"picked":"Bullet Time","floor":33},{"not_picked":["Prepared+1","Blade Dance","Dodge and Roll+1"],"picked":"Singing Bowl","floor":35}],"player_experience":577191,"relics_obtained":[{"floor":2,"key":"PreservedInsect"},{"floor":8,"key":"Pear"},{"floor":9,"key":"Mercury Hourglass"},{"floor":26,"key":"Singing Bowl"},{"floor":30,"key":"War Paint"}],"event_choices":[{"cards_removed":["Strike_G"],"damage_healed":0,"gold_gain":0,"player_choice":"Card Removal","damage_taken":0,"max_hp_gain":0,"max_hp_loss":0,"event_name":"The Cleric","floor":7,"gold_loss":75},{"damage_healed":0,"gold_gain":0,"player_choice":"Got Potions","damage_taken":0,"max_hp_gain":0,"max_hp_loss":0,"event_name":"Lab","floor":19,"gold_loss":0}],"is_beta":false,"boss_relics":[{"not_picked":["Lizard Tail","Snecko Eye"],"picked":"White Beast Statue"},{"not_picked":["Orrery","Runic Dome"],"picked":"Empty Cage"}],"items_purged_floors":[4,27],"is_endless":false,"potions_floor_spawned":[3,8,18,20,21,22,24,29,30,31,33,35],"killed_by":"Orb Walker","ascension_level":17}