{"gold_per_floor":[360,370,387,407,420,420,420,139,139,139,139,139,152,185,185,185],"floor_reached":16,"playtime":908,"items_purged":["Regret"],"score":184,"play_id":"810680a7-374f-43be-95ad-6cbbd7cd7d9b","local_time":"20190301205852","is_ascension_mode":true,"campfire_choices":[{"data":"True Grit","floor":6,"key":"SMITH"},{"data":"Metallicize","floor":12,"key":"SMITH"},{"data":"Uppercut","floor":15,"key":"SMITH"}],"neow_cost":"CURSE","seed_source_timestamp":176718377480461,"circlet_count":0,"master_deck":["AscendersBane","Strike_R","Strike_R","Strike_R","Strike_R","Strike_R","Defend_R","Defend_R","Defend_R","Defend_R","Bash","True Grit+1","Metallicize+1","Shrug It Off","Uppercut+1"],"relics":["Burning Blood","The Courier","Blue Candle","Kunai"],"potions_floor_usage":[16],"damage_taken":[{"damage":17,"enemies":"Small Slimes","floor":1,"turns":5},{"damage":13,"enemies":"Cultist","floor":2,"turns":6},{"damage":6,"enemies":"Jaw Worm","floor":3,"turns":5},{"damage":41,"enemies":"3 Louse","floor":4,"turns":8},{"damage":3,"enemies":"2 Fungi Beasts","floor":5,"turns":4},{"damage":8,"enemies":"Blue Slaver","floor":13,"turns":7},{"damage":38,"enemies":"Lagavulin","floor":14,"turns":10},{"damage":45,"enemies":"Hexaghost","floor":16,"turns":14}],"seed_played":"-5257805250050148926","potions_obtained":[{"floor":3,"key":"Ancient Potion"},{"floor":14,"key":"FearPotion"}],"is_trial":false,"path_per_floor":["M","M","M","M","M","R","?","$","T","$","T","R","M","E","R","B"],"character_chosen":"IRONCLAD","items_purchased":["Metallicize","Shrug It Off","Uppercut"],"campfire_rested":0,"item_purchase_floors":[8,8,8],"current_hp_per_floor":[57,50,50,15,18,18,75,75,75,75,75,75,73,41,41,0],"gold":185,"neow_bonus":"TWO_FIFTY_GOLD","is_prod":false,"is_daily":false,"chose_seed":false,"campfire_upgraded":3,"win_rate":0,"timestamp":1551502732,"path_taken":["M","M","M","M","M","R","?","?","T","$","?","R","M","E","R","BOSS"],"build_version":"2019-01-23","purchased_purges":1,"victory":false,"max_hp_per_floor":[75,75,75,75,75,75,75,75,75,75,75,75,75,75,75,75],"card_choices":[{"not_picked":["Headbutt","Wild Strike"],"picked":"True Grit","floor":1},{"not_picked":["Anger","Sword Boomerang","Searing Blow"],"picked":"SKIP","floor":2},{"not_picked":["Hemokinesis","Clash","Twin Strike"],"picked":"SKIP","floor":3},{"not_picked":["Thunderclap","Cleave","Wild Strike"],"picked":"SKIP","floor":4},{"not_picked":["Thunderclap","Cleave","Wild Strike"],"picked":"SKIP","floor":4},{"not_picked":["Searing Blow","Sever Soul","Clash"],"picked":"SKIP","floor":5},{"not_picked":["Sword Boomerang","Fire Breathing","Heavy Blade"],"picked":"SKIP","floor":13},{"not_picked":["Flex","Dark Embrace","Thunderclap"],"picked":"SKIP","floor":14}],"player_experience":564185,"relics_obtained":[{"floor":9,"key":"The Courier"},{"floor":11,"key":"Blue Candle"},{"floor":14,"key":"Kunai"}],"event_choices":[{"damage_healed":57,"gold_gain":0,"player_choice":"Full Heal","damage_taken":0,"max_hp_gain":0,"max_hp_loss":0,"event_name":"Wheel of Change","floor":7,"gold_loss":0}],"is_beta":false,"boss_relics":[],"items_purged_floors":[8],"is_endless":false,"potions_floor_spawned":[3,14],"killed_by":"Hexaghost","ascension_level":16}