{"gold_per_floor":[109,109,122,138,37,72,72,99,146,146,165,165,165,165,165,165],"floor_reached":16,"playtime":290,"items_purged":["Strike_B"],"score":146,"play_id":"493e7c28-ca0e-458e-ba4f-5659381258f1","local_time":"20190125001238","is_ascension_mode":true,"campfire_choices":[{"data":"Hologram","floor":7,"key":"SMITH"},{"floor":13,"key":"REST"},{"floor":15,"key":"REST"}],"neow_cost":"NONE","seed_source_timestamp":604330211449437,"circlet_count":0,"master_deck":["Strike_B","Strike_B","Defend_B","Defend_B","Defend_B","Defend_B","Zap","Dualcast","Darkness+1","Cold Snap","Hologram+1","Conserve Battery","White Noise","Barrage","Gash"],"relics":["Cracked Core","NeowsBlessing","Letter Opener","Omamori","Juzu Bracelet"],"potions_floor_usage":[],"damage_taken":[{"damage":0,"enemies":"Jaw Worm","floor":1,"turns":1},{"damage":0,"enemies":"Cultist","floor":3,"turns":1},{"damage":0,"enemies":"Small Slimes","floor":4,"turns":1},{"damage":6,"enemies":"Lagavulin","floor":6,"turns":5},{"damage":25,"enemies":"Gremlin Nob","floor":8,"turns":4},{"damage":26,"enemies":"Gremlin Gang","floor":11,"turns":5},{"damage":0,"enemies":"Hexaghost","floor":16,"turns":1}],"seed_played":"-8705473861279917089","potions_obtained":[{"floor":1,"key":"Regen Potion"},{"floor":8,"key":"Poison Potion"}],"is_trial":false,"path_per_floor":["M","?","M","M","$","E","R","E","T","?","M","?","R","?","R","B"],"character_chosen":"DEFECT","items_purchased":["Conserve Battery"],"campfire_rested":2,"item_purchase_floors":[5],"current_hp_per_floor":[68,68,68,68,68,62,62,37,37,37,11,11,33,51,73,73],"gold":165,"neow_bonus":"THREE_ENEMY_KILL","is_prod":false,"is_daily":false,"chose_seed":false,"campfire_upgraded":1,"win_rate":0,"timestamp":1548393158,"path_taken":["M","?","?","M","$","E","R","E","T","?","M","?","R","?","R","BOSS"],"build_version":"2019-01-23","purchased_purges":1,"victory":false,"max_hp_per_floor":[75,75,75,75,75,75,75,75,75,75,75,75,75,75,75,75],"card_choices":[{"not_picked":["Conserve Battery","Redo"],"picked":"Darkness","floor":1},{"not_picked":["Rebound","Force Field"],"picked":"Cold Snap","floor":3},{"not_picked":["Tempest","Streamline"],"picked":"Hologram","floor":4},{"not_picked":["All For One","Sweeping Beam","Streamline"],"picked":"SKIP","floor":6},{"not_picked":["Gash","Heatsinks"],"picked":"White Noise","floor":8},{"not_picked":["Reinforced Body","Cold Snap"],"picked":"Gash","floor":11}],"player_experience":431002,"relics_obtained":[{"floor":6,"key":"Letter Opener"},{"floor":8,"key":"Omamori"},{"floor":9,"key":"Juzu Bracelet"}],"event_choices":[{"damage_healed":0,"gold_gain":0,"player_choice":"Forge","damage_taken":0,"max_hp_gain":0,"max_hp_loss":0,"event_name":"Accursed Blacksmith","floor":2,"gold_loss":0,"cards_upgraded":["Darkness"]},{"damage_healed":0,"gold_gain":0,"cards_transformed":["Strike_B"],"player_choice":"Transformed","damage_taken":0,"max_hp_gain":0,"max_hp_loss":0,"event_name":"Transmorgrifier","floor":10,"gold_loss":0,"cards_obtained":["Barrage"]},{"damage_healed":0,"gold_gain":0,"player_choice":"Searched \u00270\u0027 times","damage_taken":0,"max_hp_gain":0,"max_hp_loss":0,"event_name":"Dead Adventurer","floor":12,"gold_loss":0},{"damage_healed":18,"gold_gain":0,"player_choice":"Healed and dodged fight","damage_taken":0,"max_hp_gain":0,"max_hp_loss":0,"event_name":"Mushrooms","floor":14,"gold_loss":0,"cards_obtained":["Parasite"]}],"is_beta":false,"boss_relics":[],"items_purged_floors":[5],"is_endless":false,"potions_floor_spawned":[1,8],"killed_by":"Hexaghost","ascension_level":7}