{"gold_per_floor":[165,176,50,50,50,50,93,93,116,131,131,150,50,50,50,50],"floor_reached":16,"playtime":254,"items_purged":["Strike_R","Strike_R"],"score":98,"play_id":"fb14d9da-f21a-4635-a6bf-a18ea6874781","local_time":"20190216111054","is_ascension_mode":false,"campfire_choices":[{"data":"Clothesline","floor":6,"key":"SMITH"},{"data":"Inflame","floor":8,"key":"SMITH"},{"data":"Spot Weakness","floor":11,"key":"SMITH"},{"data":"Iron Wave","floor":15,"key":"SMITH"}],"neow_cost":"NONE","seed_source_timestamp":94726648058307,"circlet_count":0,"master_deck":["Strike_R","Strike_R","Defend_R","Defend_R","Defend_R","Defend_R","Bash+1","Anger","Spot Weakness+1","Iron Wave+1","Clothesline+1","Inflame+1","Headbutt"],"relics":["Tiny House","Golden Idol","Letter Opener","Bag of Marbles","Matryoshka"],"potions_floor_usage":[2,16],"damage_taken":[{"damage":1,"enemies":"2 Louse","floor":1,"turns":3},{"damage":2,"enemies":"Small Slimes","floor":2,"turns":2},{"damage":20,"enemies":"Gremlin Nob","floor":7,"turns":5},{"damage":0,"enemies":"Cultist","floor":10,"turns":2},{"damage":2,"enemies":"Large Slime","floor":12,"turns":4},{"damage":36,"enemies":"Slime Boss","floor":16,"turns":6}],"seed_played":"-4227866019036763286","potions_obtained":[{"floor":0,"key":"AttackPotion"},{"floor":2,"key":"Weak Potion"},{"floor":7,"key":"Weak Potion"}],"is_trial":false,"path_per_floor":["M","M","$","?","?","R","E","R","T","M","R","M","$","?","R","B"],"character_chosen":"IRONCLAD","items_purchased":["Clothesline"],"campfire_rested":0,"item_purchase_floors":[3],"current_hp_per_floor":[84,82,82,61,54,54,34,34,34,34,34,32,32,29,29,0],"gold":50,"neow_bonus":"BOSS_RELIC","is_prod":false,"is_daily":false,"chose_seed":false,"campfire_upgraded":4,"win_rate":0,"timestamp":1550333454,"path_taken":["M","M","$","?","?","R","E","R","T","M","R","M","$","?","R","BOSS"],"build_version":"2019-01-23","purchased_purges":2,"victory":false,"max_hp_per_floor":[85,85,85,85,85,85,85,85,85,85,85,85,85,85,85,85],"card_choices":[{"not_picked":["Rampage","Spot Weakness"],"picked":"Anger","floor":0},{"not_picked":["Heavy Blade","Dual Wield"],"picked":"Spot Weakness","floor":1},{"not_picked":["Flex","True Grit"],"picked":"Iron Wave","floor":2},{"not_picked":["Seeing Red","Double Tap"],"picked":"Inflame","floor":7},{"not_picked":["Clash","Thunderclap"],"picked":"Headbutt","floor":10},{"not_picked":["Body Slam","Second Wind","Fire Breathing"],"picked":"SKIP","floor":12}],"player_experience":775534,"relics_obtained":[{"floor":7,"key":"Letter Opener"},{"floor":9,"key":"Bag of Marbles"}],"event_choices":[{"damage_healed":0,"gold_gain":0,"player_choice":"Take Damage","damage_taken":21,"relics_obtained":["Golden Idol"],"max_hp_gain":0,"max_hp_loss":0,"event_name":"Golden Idol","floor":4,"gold_loss":0},{"cards_removed":["Strike_R"],"damage_healed":0,"gold_gain":0,"player_choice":"Card Removal","damage_taken":7,"max_hp_gain":0,"max_hp_loss":0,"event_name":"Golden Wing","floor":5,"gold_loss":0},{"damage_healed":0,"gold_gain":0,"player_choice":"Success","damage_taken":3,"relics_obtained":["Matryoshka"],"max_hp_gain":0,"max_hp_loss":0,"event_name":"Scrap Ooze","floor":14,"gold_loss":0}],"is_beta":false,"boss_relics":[],"items_purged_floors":[3,13],"is_endless":false,"potions_floor_spawned":[2,7],"killed_by":"Slime Boss","ascension_level":0}