{"gold_per_floor":[112,62,62,42,60,60,85,105,180,204,166,197,197,231,231,329,329,346,346,261,274,274,274],"floor_reached":23,"playtime":917,"items_purged":[],"score":265,"play_id":"90a3626f-0b06-4646-9689-7d2f5bc8b1e5","local_time":"20190108220008","is_ascension_mode":true,"campfire_choices":[{"data":"Rage","floor":6,"key":"SMITH"},{"data":"Body Slam","floor":15,"key":"SMITH"}],"neow_cost":"NONE","seed_source_timestamp":6544935203634,"circlet_count":0,"master_deck":["Strike_R","Strike_R","Strike_R","Strike_R","Defend_R","Defend_R","Defend_R","Defend_R","Bash","Rage+1","Pommel Strike","Corruption","Body Slam+1","Uppercut","Blood for Blood","Barricade","Dark Embrace","Battle Trance","Rage","Second Wind"],"relics":["Burning Blood","NeowsBlessing","Bronze Scales","Question Card","Oddly Smooth Stone","Dream Catcher","Blood Vial","Bag of Marbles"],"potions_floor_usage":[12,12,23],"damage_taken":[{"damage":0,"enemies":"2 Louse","floor":1,"turns":1},{"damage":0,"enemies":"Jaw Worm","floor":5,"turns":1},{"damage":0,"enemies":"Lagavulin","floor":7,"turns":1},{"damage":0,"enemies":"Cultist","floor":8,"turns":2},{"damage":15,"enemies":"Gremlin Nob","floor":12,"turns":3},{"damage":37,"enemies":"Lagavulin","floor":14,"turns":7},{"damage":35,"enemies":"Hexaghost","floor":16,"turns":9},{"damage":31,"enemies":"Spheric Guardian","floor":18,"turns":6},{"damage":14,"enemies":"Shell Parasite","floor":21,"turns":8},{"damage":52,"enemies":"Gremlin Leader","floor":23,"turns":7}],"seed_played":"-4895914960523556423","potions_obtained":[{"floor":1,"key":"Weak Potion"},{"floor":8,"key":"AttackPotion"},{"floor":18,"key":"GamblersBrew"}],"is_trial":false,"path_per_floor":["M","?","?","?","M","R","E","M","T","T","$","E","$","E","R","B",null,"M","?","?","M","$","E"],"character_chosen":"IRONCLAD","items_purchased":["Uppercut"],"campfire_rested":0,"item_purchase_floors":[11],"current_hp_per_floor":[80,80,80,80,80,80,80,80,80,80,80,71,71,40,40,13,80,55,55,55,49,49,0],"gold":274,"neow_bonus":"THREE_ENEMY_KILL","is_prod":false,"is_daily":false,"chose_seed":false,"campfire_upgraded":2,"win_rate":0,"timestamp":1546952408,"path_taken":["M","?","?","?","M","R","E","M","T","?","$","E","?","E","R","BOSS","M","?","?","M","$","E"],"build_version":"2019-01-03v4","purchased_purges":0,"victory":false,"max_hp_per_floor":[80,80,80,80,80,80,80,80,80,80,80,80,80,80,80,80,80,80,80,80,80,80,80],"card_choices":[{"not_picked":["Twin Strike","Anger"],"picked":"Rage","floor":1},{"not_picked":["Sentinel","Twin Strike"],"picked":"Pommel Strike","floor":5},{"not_picked":["Sword Boomerang","Headbutt"],"picked":"Corruption","floor":7},{"not_picked":["Shrug It Off","Clash"],"picked":"Body Slam","floor":8},{"not_picked":["True Grit","Shrug It Off","Headbutt"],"picked":"Blood for Blood","floor":12},{"not_picked":["Headbutt","Body Slam","Cleave"],"picked":"Barricade","floor":14},{"not_picked":["Offering","Double Tap","Reaper"],"picked":"Dark Embrace","floor":16},{"not_picked":["Perfected Strike","Wild Strike","Pommel Strike+1"],"picked":"Battle Trance","floor":18},{"not_picked":["Pummel","Infernal Blade","Thunderclap"],"picked":"Second Wind","floor":21}],"player_experience":173065,"relics_obtained":[{"floor":7,"key":"Bronze Scales"},{"floor":9,"key":"Question Card"},{"floor":10,"key":"Oddly Smooth Stone"},{"floor":12,"key":"Dream Catcher"},{"floor":14,"key":"Blood Vial"}],"event_choices":[{"cards_removed":["Strike_R"],"damage_healed":0,"gold_gain":0,"player_choice":"Card Removal","damage_taken":0,"max_hp_gain":0,"max_hp_loss":0,"event_name":"The Cleric","floor":2,"gold_loss":50},{"damage_healed":0,"gold_gain":0,"player_choice":"Ignored","damage_taken":0,"max_hp_gain":0,"max_hp_loss":0,"event_name":"Shining Light","floor":3,"gold_loss":0},{"damage_healed":0,"gold_gain":0,"player_choice":"Left Gold","damage_taken":0,"max_hp_gain":0,"max_hp_loss":0,"event_name":"World of Goop","floor":4,"gold_loss":20},{"damage_healed":0,"gold_gain":0,"player_choice":"Read","damage_taken":0,"max_hp_gain":0,"max_hp_loss":0,"event_name":"The Library","floor":19,"gold_loss":0,"cards_obtained":["Rage"]},{"damage_healed":0,"gold_gain":0,"player_choice":"Obtained Relic","damage_taken":0,"relics_obtained":["Bag of Marbles"],"max_hp_gain":0,"max_hp_loss":0,"event_name":"Addict","floor":20,"gold_loss":85}],"is_beta":false,"boss_relics":[{"not_picked":["Astrolabe","Ectoplasm","Fusion Hammer"]}],"items_purged_floors":[],"is_endless":false,"potions_floor_spawned":[1,8,18],"killed_by":"Gremlin Leader","ascension_level":3}