{"gold_per_floor":[112,37,37,48,10,39,104,104,130,163,176,211,224,224],"floor_reached":14,"playtime":509,"items_purged":[],"score":233,"play_id":"4f4b3d00-57db-4981-beb6-477972fd8382","local_time":"20190125173716","is_ascension_mode":true,"campfire_choices":[{"floor":8,"key":"REST"}],"neow_cost":"NONE","seed_source_timestamp":666789661869828,"circlet_count":0,"master_deck":["AscendersBane","Strike_R","Strike_R","Strike_R+1","Strike_R","Defend_R","Defend_R","Defend_R+1","Defend_R","Bash","Sever Soul","Sentinel","Second Wind","Dropkick","Offering","Ghostly Armor","Battle Trance"],"relics":["Burning Blood","NeowsBlessing","Boot","Kunai","Potion Belt","Oddly Smooth Stone","Frozen Egg 2"],"potions_floor_usage":[7,12],"damage_taken":[{"damage":0,"enemies":"Jaw Worm","floor":1,"turns":1},{"damage":0,"enemies":"2 Louse","floor":4,"turns":1},{"damage":0,"enemies":"Lagavulin","floor":6,"turns":1},{"damage":46,"enemies":"Gremlin Nob","floor":7,"turns":5},{"damage":28,"enemies":"Gremlin Nob","floor":10,"turns":4},{"damage":0,"enemies":"Small Slimes","floor":11,"turns":2},{"damage":12,"enemies":"3 Sentries","floor":12,"turns":14},{"damage":21,"enemies":"Gremlin Gang","floor":13,"turns":8},{"damage":33,"enemies":"Gremlin Nob","floor":14,"turns":3}],"seed_played":"-2677482027420708348","potions_obtained":[{"floor":1,"key":"Ancient Potion"},{"floor":6,"key":"Strength Potion"},{"floor":7,"key":"EssenceOfSteel"},{"floor":13,"key":"Block Potion"}],"is_trial":false,"path_per_floor":["M","?","?","M","$","E","?","R","T","E","M","E","M","E"],"character_chosen":"IRONCLAD","items_purchased":["Second Wind"],"campfire_rested":1,"item_purchase_floors":[5],"current_hp_per_floor":[74,74,51,57,57,63,23,45,45,23,29,23,8,0],"gold":224,"neow_bonus":"THREE_ENEMY_KILL","is_prod":false,"is_daily":false,"chose_seed":false,"campfire_upgraded":0,"win_rate":0,"timestamp":1548455836,"path_taken":["M","?","?","M","$","E","?","R","T","E","M","E","M","E"],"build_version":"2019-01-23","purchased_purges":0,"victory":false,"max_hp_per_floor":[75,75,75,75,75,75,75,75,75,75,75,75,75,75],"card_choices":[{"not_picked":["Rage","Seeing Red"],"picked":"Sever Soul","floor":1},{"not_picked":["Perfected Strike","Rupture"],"picked":"Sentinel","floor":4},{"not_picked":["Twin Strike","Flame Barrier","Perfected Strike"],"picked":"SKIP","floor":6},{"not_picked":["Perfected Strike","Combust"],"picked":"Dropkick","floor":7},{"not_picked":["Combust","Twin Strike"],"picked":"Offering","floor":10},{"not_picked":["Havoc","Body Slam"],"picked":"Ghostly Armor","floor":11},{"not_picked":["Pummel","Whirlwind"],"picked":"Battle Trance","floor":12},{"not_picked":["Anger","Perfected Strike","Body Slam"],"picked":"SKIP","floor":13}],"player_experience":449409,"relics_obtained":[{"floor":6,"key":"Boot"},{"floor":7,"key":"Kunai"},{"floor":9,"key":"Potion Belt"},{"floor":10,"key":"Oddly Smooth Stone"},{"floor":12,"key":"Frozen Egg 2"}],"event_choices":[{"cards_removed":["Strike_R"],"damage_healed":0,"gold_gain":0,"player_choice":"Card Removal","damage_taken":0,"max_hp_gain":0,"max_hp_loss":0,"event_name":"The Cleric","floor":2,"gold_loss":75},{"damage_healed":0,"gold_gain":0,"player_choice":"Entered Light","damage_taken":23,"max_hp_gain":0,"max_hp_loss":0,"event_name":"Shining Light","floor":3,"gold_loss":0,"cards_upgraded":["Defend_R","Strike_R"]},{"damage_healed":0,"gold_gain":0,"player_choice":"Searched \u00271\u0027 times","damage_taken":0,"max_hp_gain":0,"max_hp_loss":0,"event_name":"Dead Adventurer","floor":7,"gold_loss":0}],"is_beta":false,"boss_relics":[],"items_purged_floors":[],"is_endless":false,"potions_floor_spawned":[1,6,7,13],"killed_by":"Gremlin Nob","ascension_level":15}