{"gold_per_floor":[118,118,129,129,141,141,154,187,187,187,197,225,225,225,225,325,325,345,255,270,288,298,324,324,324,398,418,418,444,66,78,78,174,174,190,190,190,190,103,103,137,137,185,32,32,50,80,94,94,94],"floor_reached":51,"playtime":2443,"items_purged":["Strike_G","Strike_G","Defend_G"],"score":1021,"play_id":"4186f899-f1d4-41b4-aabf-ac47e85617b5","local_time":"20190304173616","is_ascension_mode":true,"campfire_choices":[{"data":"Blind","floor":6.0,"key":"SMITH"},{"data":"Catalyst","floor":10.0,"key":"SMITH"},{"data":"Bouncing Flask","floor":13.0,"key":"SMITH"},{"data":"Poisoned Stab","floor":15.0,"key":"SMITH"},{"floor":24.0,"key":"REST"},{"floor":28.0,"key":"REST"},{"floor":32.0,"key":"REST"},{"data":"Setup","floor":40.0,"key":"SMITH"},{"data":"Tactician","floor":42.0,"key":"SMITH"},{"floor":49.0,"key":"REST"}],"neow_cost":"NONE","seed_source_timestamp":21165796648003,"circlet_count":0,"master_deck":["Defend_G","Defend_G","Defend_G","Defend_G","Survivor","Neutralize+1","Blind+1","Bouncing Flask+1","Acrobatics","Poisoned Stab+1","Well Laid Plans","Catalyst+1","Dagger Spray","PiercingWail","Corpse Explosion","Poisoned Stab","Setup+1","Dodge and Roll","Backflip","Tactician+1","Night Terror","Burst","Blur","Footwork+1","Bane","Noxious Fumes+1","Parasite"],"special_seed":0,"relics":["Ring of the Snake","Darkstone Periapt","Incense Burner","Gambling Chip","Smiling Mask","Philosopher\u0027s Stone","Bag of Marbles","Frozen Egg 2","Mango","PreservedInsect","Bag of Preparation","Regal Pillow","Bronze Scales","The Courier"],"potions_floor_usage":[],"damage_taken":[{"damage":0.0,"enemies":"Small Slimes","floor":1.0,"turns":6.0},{"damage":8.0,"enemies":"2 Louse","floor":3.0,"turns":6.0},{"damage":0.0,"enemies":"Cultist","floor":5.0,"turns":4.0},{"damage":2.0,"enemies":"Exordium Thugs","floor":7.0,"turns":5.0},{"damage":6.0,"enemies":"Lagavulin","floor":8.0,"turns":6.0},{"damage":7.0,"enemies":"3 Louse","floor":11.0,"turns":4.0},{"damage":11.0,"enemies":"3 Sentries","floor":12.0,"turns":8.0},{"damage":3.0,"enemies":"Hexaghost","floor":16.0,"turns":6.0},{"damage":1.0,"enemies":"3 Byrds","floor":18.0,"turns":3.0},{"damage":0.0,"enemies":"Spheric Guardian","floor":20.0,"turns":2.0},{"damage":8.0,"enemies":"Centurion and Healer","floor":21.0,"turns":4.0},{"damage":14.0,"enemies":"Cultist and Chosen","floor":22.0,"turns":5.0},{"damage":23.0,"enemies":"Slavers","floor":23.0,"turns":4.0},{"damage":15.0,"enemies":"Sentry and Sphere","floor":27.0,"turns":4.0},{"damage":4.0,"enemies":"Gremlin Leader","floor":29.0,"turns":6.0},{"damage":18.0,"enemies":"Shelled Parasite and Fungi","floor":31.0,"turns":6.0},{"damage":5.0,"enemies":"Champ","floor":33.0,"turns":4.0},{"damage":4.0,"enemies":"Orb Walker","floor":35.0,"turns":3.0},{"damage":5.0,"enemies":"Nemesis","floor":41.0,"turns":5.0},{"damage":0.0,"enemies":"3 Darklings","floor":46.0,"turns":4.0},{"damage":16.0,"enemies":"Reptomancer","floor":47.0,"turns":4.0},{"damage":0.0,"enemies":"Writhing Mass","floor":48.0,"turns":4.0},{"damage":83,"enemies":"Donu and Deca","floor":50,"turns":8}],"seed_played":"6525574768707794298","potions_obtained":[{"floor":1.0,"key":"Weak Potion"},{"floor":3.0,"key":"GhostInAJar"},{"floor":11.0,"key":"Swift Potion"},{"floor":16.0,"key":"SpeedPotion"},{"floor":20.0,"key":"GhostInAJar"},{"floor":21.0,"key":"Strength Potion"},{"floor":23.0,"key":"Block Potion"},{"floor":29.0,"key":"Dexterity Potion"},{"floor":31.0,"key":"Swift Potion"},{"floor":46.0,"key":"Explosive Potion"},{"floor":47.0,"key":"Weak Potion"}],"is_trial":false,"path_per_floor":["M","?","M","?","M","R","M","E","T","R","M","E","R","T","R","B",null,"M","?","M","M","M","E","R","?","T","M","R","E","$","M","R","B",null,"M","?","?","?","$","R","E","R","T","$","T","M","E","M","R","B",null],"character_chosen":"THE_SILENT","items_purchased":["PreservedInsect","Tactician","Night Terror","Footwork+1","Block Potion","Bane"],"campfire_rested":4,"item_purchase_floors":[30,30,30,39,44,44],"current_hp_per_floor":[63,68,60,60,60,60,58,52,52,52,45,34,34,34,34,31,64,63,63,63,55,41,18,40,33,33,18,40,50,50,32,58,53,80,76,76,76,76,76,76,71,71,71,71,71,71,55,61,91,8],"gold":94,"neow_bonus":"RANDOM_COLORLESS","is_prod":false,"is_daily":false,"chose_seed":false,"campfire_upgraded":6,"win_rate":0,"timestamp":1551688576,"path_taken":["M","?","M","?","M","R","?","E","T","R","M","E","R","?","R","BOSS","M","?","?","M","M","E","R","?","T","M","R","E","$","?","R","BOSS","M","?","?","?","?","R","E","R","T","$","?","M","E","M","R","BOSS"],"build_version":"2019-01-23","purchased_purges":3,"victory":true,"max_hp_per_floor":[70,75,75,75,75,75,75,75,75,75,75,75,75,75,75,75,75,75,75,75,75,75,75,75,75,75,75,75,89,89,89,89,89,89,89,89,89,85,85,85,85,85,85,85,85,85,85,91,91,91],"card_choices":[{"not_picked":["Backflip","Acrobatics"],"picked":"Bouncing Flask","floor":1.0},{"not_picked":["Prepared","Calculated Gamble"],"picked":"Acrobatics","floor":3.0},{"not_picked":["Acrobatics","Sucker Punch"],"picked":"Poisoned Stab","floor":5.0},{"not_picked":["Deflect","Infinite Blades"],"picked":"Well Laid Plans","floor":7.0},{"not_picked":["Crippling Poison","Calculated Gamble"],"picked":"Catalyst","floor":8.0},{"not_picked":["Backflip","Blade Dance"],"picked":"Dagger Spray","floor":11.0},{"not_picked":["Dodge and Roll","Escape Plan"],"picked":"PiercingWail","floor":12.0},{"not_picked":["Adrenaline","Die Die Die"],"picked":"Corpse Explosion","floor":16.0},{"not_picked":["Cloak And Dagger","Slice","Sucker Punch"],"picked":"SKIP","floor":18.0},{"not_picked":["Terror","Underhanded Strike+1"],"picked":"Poisoned Stab","floor":20.0},{"not_picked":["Prepared","Infinite Blades"],"picked":"Setup","floor":21.0},{"not_picked":["Choke","Dagger Spray+1","Infinite Blades+1"],"picked":"SKIP","floor":22.0},{"not_picked":["Poisoned Stab","Dagger Spray","Grand Finale"],"picked":"SKIP","floor":23.0},{"not_picked":["Slice","Setup"],"picked":"Dodge and Roll","floor":27.0},{"not_picked":["Outmaneuver","Skewer"],"picked":"Backflip","floor":29.0},{"not_picked":["Infinite Blades+1","Riddle With Holes","Distraction+1"],"picked":"SKIP","floor":31.0},{"not_picked":["Doppelganger","Night Terror"],"picked":"Burst","floor":33.0},{"not_picked":["Quick Slash","Concentrate"],"picked":"Blur","floor":35.0},{"not_picked":["Flying Knee","Underhanded Strike","Sucker Punch"],"picked":"SKIP","floor":41.0},{"not_picked":["Bouncing Flask+1","Slice"],"picked":"Noxious Fumes+1","floor":46.0},{"not_picked":["Dash+1","Venomology","Riddle With Holes"],"picked":"SKIP","floor":47.0},{"not_picked":["Well Laid Plans+1","PiercingWail","Underhanded Strike+1"],"picked":"SKIP","floor":48.0}],"player_experience":384459,"relics_obtained":[{"floor":8.0,"key":"Darkstone Periapt"},{"floor":9.0,"key":"Incense Burner"},{"floor":12.0,"key":"Gambling Chip"},{"floor":14.0,"key":"Smiling Mask"},{"floor":23.0,"key":"Bag of Marbles"},{"floor":26.0,"key":"Frozen Egg 2"},{"floor":29.0,"key":"Mango"},{"floor":41.0,"key":"Bag of Preparation"},{"floor":43.0,"key":"Regal Pillow"},{"floor":45.0,"key":"Bronze Scales"},{"floor":47.0,"key":"The Courier"}],"event_choices":[{"damage_healed":0.0,"max_hp_gain":5.0,"max_hp_loss":0.0,"gold_gain":0.0,"event_name":"Big Fish","player_choice":"Donut","floor":2.0,"gold_loss":0.0,"damage_taken":0.0},{"cards_removed":["Strike_G"],"damage_healed":0.0,"max_hp_gain":0.0,"max_hp_loss":0.0,"gold_gain":0.0,"event_name":"Purifier","player_choice":"Purged","floor":4.0,"gold_loss":0.0,"damage_taken":0.0},{"cards_removed":["Strike_G"],"damage_healed":0.0,"max_hp_gain":0.0,"max_hp_loss":0.0,"gold_gain":0.0,"event_name":"Designer","player_choice":"Upgrade and Remove","floor":19.0,"gold_loss":90.0,"damage_taken":0.0,"cards_upgraded":["Neutralize"]},{"damage_healed":0.0,"max_hp_gain":0.0,"max_hp_loss":0.0,"gold_gain":0.0,"event_name":"Knowing Skull","player_choice":"","floor":25.0,"potions_obtained":[],"gold_loss":0.0,"damage_taken":7.0,"cards_obtained":[]},{"cards_removed":["Strike_G"],"damage_healed":0.0,"max_hp_gain":0.0,"max_hp_loss":0.0,"gold_gain":0.0,"event_name":"Falling","player_choice":"Removed Attack","floor":36.0,"gold_loss":0.0,"damage_taken":0.0},{"damage_healed":0.0,"max_hp_gain":0.0,"max_hp_loss":0.0,"gold_gain":0.0,"event_name":"Mysterious Sphere","player_choice":"Ignored","floor":37.0,"gold_loss":0.0,"damage_taken":0.0},{"damage_healed":0.0,"max_hp_gain":0.0,"max_hp_loss":4.0,"gold_gain":0.0,"event_name":"Winding Halls","player_choice":"Max HP","floor":38.0,"gold_loss":0.0,"damage_taken":0.0}],"is_beta":false,"boss_relics":[{"not_picked":["WristBlade","Tiny House"],"picked":"Philosopher\u0027s Stone"},{"not_picked":["Busted Crown","Runic Pyramid","Snecko Eye"]}],"items_purged_floors":[30,39,44],"is_endless":false,"potions_floor_spawned":[1,3,11,16,20,21,23,29,31,46,47],"ascension_level":6}