{"gold_per_floor":[214,10,85,85,5,5,17,33,80,80,100,275,302,315,315,410,410,421,96,111,111,11,46,46,65,65,65,83,83,83,102,102,197,197,217,232,246,246,265,265,281,281,281,281,281,213,224,224,224,224],"floor_reached":50,"playtime":1347,"items_purged":["Doubt","Strike_B"],"score":487,"play_id":"682fd32c-273d-44b2-a2fb-1b1cb0696da9","local_time":"20190227222410","is_ascension_mode":false,"campfire_choices":[{"data":"Darkness","floor":6,"key":"SMITH"},{"data":"Zap","floor":10,"key":"SMITH"},{"data":"Capacitor","floor":15,"key":"SMITH"},{"data":"Chaos","floor":24,"key":"SMITH"},{"data":"Capacitor","floor":27,"key":"SMITH"},{"data":"Hologram","floor":32,"key":"SMITH"},{"data":"Lockon","floor":40,"key":"SMITH"},{"data":"Discovery","floor":45,"key":"SMITH"},{"floor":49,"key":"REST"}],"neow_cost":"NONE","seed_source_timestamp":38872783679025,"circlet_count":0,"master_deck":["Strike_B","Strike_B","Defend_B","Defend_B","Defend_B","Defend_B","Zap+1","Dualcast","Capacitor+1","Coolheaded","Sweeping Beam","Darkness+1","Ball Lightning","Ball Lightning","Capacitor+1","Chaos+1","Barrage","Hologram+1","White Noise+1","Cold Snap","Reinforced Body","Rainbow","Lockon+1","Ball Lightning","Ball Lightning+1","Secret Technique","Dark Shackles","Discovery+1","Tempest"],"relics":["Cracked Core","Oddly Smooth Stone","Happy Flower","Emotion Chip","Busted Crown","Symbiotic Virus","Bag of Marbles","Pen Nib","Omamori","Cursed Key","Du-Vu Doll"],"potions_floor_usage":[13,23,23,31,33,47],"damage_taken":[{"damage":7,"enemies":"Jaw Worm","floor":1,"turns":3},{"damage":0,"enemies":"Cultist","floor":7,"turns":3},{"damage":0,"enemies":"2 Louse","floor":8,"turns":2},{"damage":0,"enemies":"Large Slime","floor":11,"turns":3},{"damage":16,"enemies":"Lagavulin","floor":13,"turns":4},{"damage":7,"enemies":"Red Slaver","floor":14,"turns":2},{"damage":19,"enemies":"The Guardian","floor":16,"turns":10},{"damage":2,"enemies":"Spheric Guardian","floor":18,"turns":3},{"damage":10,"enemies":"Shell Parasite","floor":20,"turns":3},{"damage":21,"enemies":"Slavers","floor":23,"turns":4},{"damage":4,"enemies":"Cultist and Chosen","floor":25,"turns":3},{"damage":3,"enemies":"Snake Plant","floor":28,"turns":3},{"damage":0,"enemies":"Chosen and Byrds","floor":31,"turns":4},{"damage":24,"enemies":"Collector","floor":33,"turns":8},{"damage":5,"enemies":"3 Darklings","floor":35,"turns":4},{"damage":3,"enemies":"Orb Walker","floor":36,"turns":3},{"damage":8,"enemies":"4 Shapes","floor":37,"turns":3},{"damage":5,"enemies":"Jaw Worm Horde","floor":39,"turns":4},{"damage":30,"enemies":"Maw","floor":41,"turns":6},{"damage":39,"enemies":"3 Darklings","floor":47,"turns":5},{"damage":73,"enemies":"Donu and Deca","floor":50,"turns":6}],"seed_played":"-4759449546920624256","potions_obtained":[{"floor":1,"key":"Explosive Potion"},{"floor":8,"key":"Strength Potion"},{"floor":11,"key":"Swift Potion"},{"floor":20,"key":"Ancient Potion"},{"floor":23,"key":"Weak Potion"},{"floor":25,"key":"Poison Potion"},{"floor":31,"key":"FairyPotion"},{"floor":35,"key":"Regen Potion"}],"is_trial":false,"path_per_floor":["M","$","?","?","$","R","M","M","T","R","M","?","E","M","R","B",null,"M","$","M","?","$","E","R","M","T","R","M","?","?","M","R","B",null,"M","M","M","?","M","R","M","?","T","?","R","$","M","?","R","B"],"character_chosen":"DEFECT","items_purchased":["Coolheaded","Oddly Smooth Stone","Darkness","Symbiotic Virus","Tempest"],"campfire_rested":1,"item_purchase_floors":[2,2,5,19,46],"current_hp_per_floor":[68,68,57,57,57,57,57,57,57,57,57,57,41,34,34,15,75,73,73,63,85,85,64,64,60,60,60,57,57,57,57,57,33,85,80,77,69,69,64,64,34,74,74,64,64,64,37,37,59,0],"gold":224,"neow_bonus":"HUNDRED_GOLD","is_prod":false,"is_daily":false,"chose_seed":false,"campfire_upgraded":8,"win_rate":0,"timestamp":1551327850,"path_taken":["M","$","?","?","$","R","M","?","T","R","M","?","E","M","R","BOSS","M","$","M","?","$","E","R","M","T","R","?","?","?","M","R","BOSS","M","M","M","?","M","R","M","?","T","?","R","?","?","?","R","BOSS"],"build_version":"2019-01-23","purchased_purges":2,"victory":false,"max_hp_per_floor":[75,75,75,75,75,75,75,75,75,75,75,75,75,75,75,75,75,75,75,75,85,85,85,85,85,85,85,85,85,85,85,85,85,85,85,85,85,85,85,85,85,74,74,74,74,74,74,74,74,74],"card_choices":[{"not_picked":["Genetic Algorithm","Darkness"],"picked":"Capacitor","floor":1},{"not_picked":["Redo","Streamline"],"picked":"Ball Lightning","floor":7},{"not_picked":["Steam","Double Energy"],"picked":"Ball Lightning","floor":8},{"not_picked":["Coolheaded","Redo"],"picked":"Capacitor","floor":11},{"not_picked":["Multi-Cast","Skim"],"picked":"Chaos","floor":13},{"not_picked":["Gash","Go for the Eyes"],"picked":"Barrage","floor":14},{"not_picked":["Core Surge","Reboot"],"picked":"Seek","floor":16},{"not_picked":[],"picked":"Hologram","floor":18},{"not_picked":["Sunder+1"],"picked":"SKIP","floor":20},{"not_picked":[],"picked":"White Noise+1","floor":23},{"not_picked":[],"picked":"Cold Snap","floor":25},{"not_picked":["Stack"],"picked":"SKIP","floor":28},{"not_picked":[],"picked":"Reinforced Body","floor":31},{"not_picked":[],"picked":"Rainbow","floor":33},{"not_picked":[],"picked":"Lockon","floor":35},{"not_picked":[],"picked":"Ball Lightning","floor":36},{"not_picked":["Steam+1"],"picked":"SKIP","floor":37},{"not_picked":["Steam"],"picked":"SKIP","floor":39},{"not_picked":[],"picked":"Ball Lightning+1","floor":41},{"not_picked":[],"picked":"Secret Technique","floor":44},{"not_picked":[],"picked":"Dark Shackles","floor":44},{"not_picked":[],"picked":"Discovery","floor":44},{"not_picked":["Stack+1"],"picked":"SKIP","floor":47}],"player_experience":943970,"relics_obtained":[{"floor":9,"key":"Happy Flower"},{"floor":13,"key":"Emotion Chip"},{"floor":23,"key":"Bag of Marbles"},{"floor":26,"key":"Pen Nib"},{"floor":43,"key":"Du-Vu Doll"}],"event_choices":[{"damage_healed":0,"gold_gain":75,"player_choice":"Gather Gold","damage_taken":11,"max_hp_gain":0,"max_hp_loss":0,"event_name":"World of Goop","floor":3,"gold_loss":0},{"damage_healed":0,"gold_gain":0,"cards_transformed":["Strike_B"],"player_choice":"Transformed","damage_taken":0,"max_hp_gain":0,"max_hp_loss":0,"event_name":"Transmorgrifier","floor":4,"gold_loss":0,"cards_obtained":["Sweeping Beam"]},{"damage_healed":0,"gold_gain":175,"player_choice":"AGREE","damage_taken":0,"max_hp_gain":0,"max_hp_loss":0,"event_name":"Liars Game","floor":12,"gold_loss":0,"cards_obtained":["Doubt"]},{"cards_removed":["Seek"],"damage_healed":12,"gold_gain":0,"player_choice":"Offered Rare","damage_taken":0,"max_hp_gain":10,"max_hp_loss":0,"event_name":"Bonfire Elementals","floor":21,"gold_loss":0},{"damage_healed":0,"gold_gain":0,"player_choice":"Stole Relic","damage_taken":0,"relics_obtained":["Omamori"],"max_hp_gain":0,"max_hp_loss":0,"event_name":"Addict","floor":29,"gold_loss":0,"cards_obtained":["Shame"]},{"cards_removed":["Shame"],"damage_healed":0,"gold_gain":0,"player_choice":"Removed Curses","damage_taken":0,"max_hp_gain":0,"max_hp_loss":0,"event_name":"Fountain of Cleansing","floor":30,"gold_loss":0},{"damage_healed":0,"gold_gain":0,"player_choice":"Ignored","damage_taken":0,"max_hp_gain":0,"max_hp_loss":0,"event_name":"Tomb of Lord Red Mask","floor":38,"gold_loss":0},{"damage_healed":74,"gold_gain":0,"player_choice":"Heal","damage_taken":0,"max_hp_gain":0,"max_hp_loss":11,"event_name":"The Moai Head","floor":42,"gold_loss":0},{"damage_healed":0,"gold_gain":0,"player_choice":"Memory 3","damage_taken":10,"max_hp_gain":0,"max_hp_loss":0,"event_name":"SensoryStone","floor":44,"gold_loss":0},{"damage_healed":0,"gold_gain":0,"player_choice":"Ignored","damage_taken":0,"max_hp_gain":0,"max_hp_loss":0,"event_name":"Mysterious Sphere","floor":48,"gold_loss":0}],"is_beta":false,"boss_relics":[{"not_picked":["Tiny House","Empty Cage"],"picked":"Busted Crown"},{"not_picked":["Coffee Dripper","White Beast Statue"],"picked":"Cursed Key"}],"items_purged_floors":[19,22],"is_endless":false,"potions_floor_spawned":[1,8,11,20,23,25,31,35,39,41],"killed_by":"Donu and Deca","ascension_level":0}