{"gold_per_floor":[114,164,174,224,237,237,237,237,237,237,268,11,40,58,58,131,131,143,163,182,33,33,368,368,394,394,103,123,140,166,197,209,300,312,342,372,75,126,126,161,161,187,187,187,206,206,235,254,254,254,254,254,254,9,39,39],"floor_reached":57,"playtime":7146,"items_purged":["Strike_R","Strike_R","Strike_R"],"score":2816,"play_id":"e322584d-121f-43e0-9157-f3b91e149d03","local_time":"20190305193704","is_ascension_mode":true,"campfire_choices":[{"data":"Whirlwind","floor":6.0,"key":"SMITH"},{"data":"Inflame","floor":10.0,"key":"SMITH"},{"data":"Iron Wave","floor":15.0,"key":"SMITH"},{"floor":24.0,"key":"REST"},{"data":"1","floor":32.0,"key":"LIFT"},{"data":"Limit Break","floor":41.0,"key":"SMITH"},{"data":"Demon Form","floor":44.0,"key":"SMITH"},{"floor":49.0,"key":"RECALL"},{"data":"Limit Break","floor":53.0,"key":"SMITH"}],"neow_cost":"NONE","seed_source_timestamp":0,"circlet_count":0,"master_deck":["AscendersBane","Defend_R","Defend_R","Defend_R","Defend_R","Bash","Demon Form+1","Inflame+1","Whirlwind+1","Anger","Pommel Strike","Iron Wave+1","Pummel+1","Limit Break+1","Corruption","Shrug It Off","Disarm","Limit Break+1","True Grit","Shrug It Off","Reaper","Reaper","Battle Trance","Headbutt+1","Sword Boomerang","Feed","Impervious","Clothesline","Sword Boomerang","Limit Break","Reaper"],"special_seed":0,"relics":["Burning Blood","Mercury Hourglass","Thread and Needle","Membership Card","Meat on the Bone","Sozu","Vajra","Old Coin","Girya","Bottled Lightning","Lantern","Singing Bowl","MawBank","Orrery","FossilizedHelix","Bird Faced Urn","Happy Flower","Dream Catcher","Red Skull","Frozen Eye","Whetstone","Bottled Tornado"],"potions_floor_usage":[56],"damage_taken":[{"damage":6.0,"enemies":"Jaw Worm","floor":1.0,"turns":5.0},{"damage":1.0,"enemies":"Cultist","floor":3.0,"turns":3.0},{"damage":6.0,"enemies":"2 Louse","floor":5.0,"turns":2.0},{"damage":8.0,"enemies":"Gremlin Nob","floor":11.0,"turns":3.0},{"damage":11.0,"enemies":"Lagavulin","floor":13.0,"turns":5.0},{"damage":5.0,"enemies":"Red Slaver","floor":14.0,"turns":3.0},{"damage":23.0,"enemies":"The Guardian","floor":16.0,"turns":7.0},{"damage":20.0,"enemies":"2 Thieves","floor":18.0,"turns":3.0},{"damage":23.0,"enemies":"Spheric Guardian","floor":19.0,"turns":4.0},{"damage":26.0,"enemies":"Shelled Parasite and Fungi","floor":20.0,"turns":3.0},{"damage":35.0,"enemies":"Gremlin Leader","floor":23.0,"turns":5.0},{"damage":43.0,"enemies":"Slavers","floor":25.0,"turns":4.0},{"damage":20.0,"enemies":"3 Cultists","floor":28.0,"turns":4.0},{"damage":0.0,"enemies":"Snecko","floor":29.0,"turns":2.0},{"damage":23.0,"enemies":"Book of Stabbing","floor":30.0,"turns":5.0},{"damage":0.0,"enemies":"Chosen and Byrds","floor":31.0,"turns":5.0},{"damage":16.0,"enemies":"Automaton","floor":33.0,"turns":6.0},{"damage":0.0,"enemies":"Orb Walker","floor":35.0,"turns":3.0},{"damage":2.0,"enemies":"3 Shapes","floor":36.0,"turns":6.0},{"damage":69.0,"enemies":"2 Orb Walkers","floor":38.0,"turns":6.0},{"damage":66.0,"enemies":"Reptomancer","floor":40.0,"turns":6.0},{"damage":52.0,"enemies":"Nemesis","floor":42.0,"turns":11.0},{"damage":22.0,"enemies":"Sphere and 2 Shapes","floor":45.0,"turns":5.0},{"damage":69.0,"enemies":"Giant Head","floor":47.0,"turns":7.0},{"damage":23.0,"enemies":"4 Shapes","floor":48.0,"turns":5.0},{"damage":118.0,"enemies":"Donu and Deca","floor":50.0,"turns":9.0},{"damage":85.0,"enemies":"Time Eater","floor":51.0,"turns":10.0},{"damage":132.0,"enemies":"Shield and Spear","floor":55.0,"turns":8.0},{"damage":150,"enemies":"The Heart","floor":56,"turns":8}],"seed_played":"-409876939163723378","potions_obtained":[{"floor":1.0,"key":"EssenceOfSteel"},{"floor":13.0,"key":"Weak Potion"},{"floor":16.0,"key":"SpeedPotion"}],"is_trial":false,"path_per_floor":["M","?","M","?","M","R","?","?","T","R","E","$","E","M","R","B",null,"M","M","M","$","?","E","R","E","T","$","M","M","E","M","R","B",null,"M","M","$","?","?","E","R","E","T","R","M","$","E","M","R","B","B",null,"R","$","E","B",null],"character_chosen":"IRONCLAD","items_purchased":["Membership Card","Shrug It Off","Vajra","Disarm","True Grit","Lantern","Singing Bowl","Impervious","FossilizedHelix","Limit Break","Frozen Eye","Whetstone"],"campfire_rested":1,"item_purchase_floors":[12,21,21,21,27,27,27,37,37,54,54,54],"current_hp_per_floor":[68,68,73,66,66,66,59,59,59,59,57,57,52,53,53,48,68,54,49,41,41,41,24,46,21,21,21,21,39,34,53,53,61,79,85,85,85,71,66,53,53,52,52,52,87,87,45,88,88,71,83,102,102,102,84,66],"gold":39,"neow_bonus":"ONE_RANDOM_RARE_CARD","is_prod":false,"is_daily":false,"chose_seed":false,"campfire_upgraded":6,"win_rate":0,"timestamp":1551775024,"path_taken":["M","?","?","?","?","R","?","?","T","R","E","$","E","M","R","BOSS","M","M","M","$","?","E","R","E","T","$","M","?","E","M","R","BOSS","M","?","$","?","?","E","R","E","T","R","M","$","E","M","R","BOSS","BOSS","R","$","E","BOSS"],"build_version":"2019-01-23","purchased_purges":3,"victory":true,"max_hp_per_floor":[75,75,75,75,75,75,75,75,75,75,75,75,75,75,75,75,75,75,75,75,75,75,75,75,75,75,75,77,77,77,79,79,79,83,85,85,85,88,88,90,90,95,95,95,100,100,105,108,108,108,108,108,108,108,108,108],"card_choices":[{"not_picked":["Pommel Strike","True Grit"],"picked":"Inflame","floor":1.0},{"not_picked":["Second Wind","Perfected Strike"],"picked":"Whirlwind","floor":3.0},{"not_picked":["Thunderclap","Fire Breathing"],"picked":"Anger","floor":5.0},{"not_picked":["Dropkick","Cleave"],"picked":"Pommel Strike","floor":11.0},{"not_picked":["Havoc","Rupture"],"picked":"Iron Wave","floor":13.0},{"not_picked":["Perfected Strike","Fire Breathing"],"picked":"Pummel","floor":14.0},{"not_picked":["Fiend Fire","Dark Embrace"],"picked":"Limit Break","floor":16.0},{"not_picked":["Thunderclap","Havoc"],"picked":"Corruption","floor":18.0},{"not_picked":["Body Slam","Twin Strike","Clothesline"],"picked":"SKIP","floor":19.0},{"not_picked":["Clash","Headbutt","Armaments"],"picked":"SKIP","floor":20.0},{"not_picked":["Warcry","Twin Strike","Carnage"],"picked":"SKIP","floor":23.0},{"not_picked":["Twin Strike","Searing Blow"],"picked":"Limit Break","floor":25.0},{"not_picked":["Cleave","Thunderclap","Evolve"],"picked":"Singing Bowl","floor":28.0},{"not_picked":["Ghostly Armor","Reckless Charge"],"picked":"Shrug It Off","floor":29.0},{"not_picked":["Armaments+1","Headbutt"],"picked":"Reaper","floor":30.0},{"not_picked":["Flex+1","Bloodletting","Twin Strike"],"picked":"Singing Bowl","floor":31.0},{"not_picked":["Feed","Brutality"],"picked":"Reaper","floor":33.0},{"not_picked":["Pommel Strike","Thunderclap"],"picked":"Battle Trance","floor":34.0},{"not_picked":["Perfected Strike","Iron Wave","Pommel Strike"],"picked":"Singing Bowl","floor":34.0},{"not_picked":["Armaments","Entrench"],"picked":"Headbutt","floor":34.0},{"not_picked":["Shrug It Off","Bloodletting+1","Anger"],"picked":"Singing Bowl","floor":34.0},{"not_picked":["Pommel Strike","Power Through"],"picked":"Sword Boomerang","floor":34.0},{"not_picked":["Thunderclap","Headbutt+1","Rampage"],"picked":"Singing Bowl","floor":35.0},{"not_picked":["True Grit","Pommel Strike"],"picked":"Feed","floor":36.0},{"not_picked":["Flame Barrier","Perfected Strike"],"picked":"Clothesline","floor":38.0},{"not_picked":["Evolve+1","Heavy Blade","Searing Blow"],"picked":"Singing Bowl","floor":40.0},{"not_picked":["Rampage","True Grit","Blood for Blood"],"picked":"Singing Bowl","floor":42.0},{"not_picked":["Uppercut","Inflame+1","Iron Wave"],"picked":"Singing Bowl","floor":45.0},{"not_picked":["Cleave","Anger","Dropkick"],"picked":"Singing Bowl","floor":47.0},{"not_picked":["True Grit","Evolve"],"picked":"Sword Boomerang","floor":48.0},{"not_picked":["Entrench+1","Body Slam+1"],"picked":"Reaper","floor":55.0}],"player_experience":792485,"relics_obtained":[{"floor":9.0,"key":"Mercury Hourglass"},{"floor":11.0,"key":"Thread and Needle"},{"floor":13.0,"key":"Meat on the Bone"},{"floor":23.0,"key":"Old Coin"},{"floor":25.0,"key":"Girya"},{"floor":26.0,"key":"Bottled Lightning"},{"floor":30.0,"key":"MawBank"},{"floor":38.0,"key":"Bird Faced Urn"},{"floor":40.0,"key":"Happy Flower"},{"floor":42.0,"key":"Dream Catcher"},{"floor":47.0,"key":"Red Skull"},{"floor":55.0,"key":"Bottled Tornado"}],"event_choices":[{"damage_healed":0.0,"max_hp_gain":0.0,"max_hp_loss":0.0,"gold_gain":50.0,"event_name":"Golden Shrine","player_choice":"Pray","floor":2.0,"gold_loss":0.0,"damage_taken":0.0},{"damage_healed":0.0,"max_hp_gain":0.0,"max_hp_loss":0.0,"gold_gain":50.0,"event_name":"FaceTrader","player_choice":"Touch","floor":4.0,"gold_loss":0.0,"damage_taken":7.0},{"cards_removed":["Strike_R"],"damage_healed":0.0,"max_hp_gain":0.0,"max_hp_loss":0.0,"gold_gain":0.0,"event_name":"Golden Wing","player_choice":"Card Removal","floor":7.0,"gold_loss":0.0,"damage_taken":7.0},{"damage_healed":0.0,"max_hp_gain":0.0,"max_hp_loss":0.0,"gold_gain":0.0,"event_name":"Liars Game","player_choice":"Ignored","floor":8.0,"gold_loss":0.0,"damage_taken":0.0},{"cards_removed":["Strike_R"],"damage_healed":0.0,"max_hp_gain":0.0,"max_hp_loss":0.0,"gold_gain":0.0,"event_name":"Bonfire Elementals","player_choice":"Offered Basic","floor":22.0,"gold_loss":0.0,"damage_taken":0.0},{"damage_healed":0.0,"max_hp_gain":0.0,"max_hp_loss":0.0,"gold_gain":0.0,"event_name":"Mysterious Sphere","player_choice":"Fight","floor":38.0,"gold_loss":0.0,"damage_taken":0.0},{"damage_healed":0.0,"max_hp_gain":0.0,"max_hp_loss":0.0,"gold_gain":0.0,"event_name":"The Woman in Blue","player_choice":"Bought 0 Potions","floor":39.0,"gold_loss":0.0,"damage_taken":0.0}],"is_beta":false,"boss_relics":[{"not_picked":["Black Star","Empty Cage"],"picked":"Sozu"},{"not_picked":["White Beast Statue","Black Blood"],"picked":"Orrery"}],"items_purged_floors":[12,27,37],"is_endless":false,"potions_floor_spawned":[1,13,16,20,23,29,30,38,40,45,48,55],"ascension_level":20}