{"gold_per_floor":[119,14,14,14,26,26,26,53,53,86,102,55,55,55,55,150,150,161,86,98,114,114],"floor_reached":22,"playtime":812,"items_purged":["Strike_G"],"score":271,"play_id":"fe4a6276-a045-493e-9aff-2cae1b5a7370","local_time":"20190125212516","is_ascension_mode":true,"campfire_choices":[{"data":"Neutralize","floor":6,"key":"SMITH"},{"floor":13,"key":"REST"},{"data":"After Image","floor":15,"key":"SMITH"}],"neow_cost":"NONE","seed_source_timestamp":680164995446883,"circlet_count":0,"master_deck":["Defend_G","Defend_G","Defend_G","Defend_G","Defend_G","Strike_G","Survivor","Neutralize+1","Noxious Fumes","Crippling Poison","Noxious Fumes","Backflip","Catalyst","After Image+1","Poisoned Stab+1","Corpse Explosion","Well Laid Plans"],"relics":["Ring of the Snake","NeowsBlessing","Bottled Flame","Centennial Puzzle","Molten Egg 2","Empty Cage"],"potions_floor_usage":[16],"damage_taken":[{"damage":0,"enemies":"2 Louse","floor":1,"turns":1},{"damage":0,"enemies":"Jaw Worm","floor":5,"turns":1},{"damage":0,"enemies":"3 Sentries","floor":8,"turns":2},{"damage":51,"enemies":"Gremlin Nob","floor":10,"turns":6},{"damage":0,"enemies":"Cultist","floor":11,"turns":5},{"damage":4,"enemies":"Hexaghost","floor":16,"turns":8},{"damage":0,"enemies":"3 Byrds","floor":18,"turns":5},{"damage":10,"enemies":"Chosen","floor":20,"turns":7},{"damage":29,"enemies":"Centurion and Healer","floor":21,"turns":5},{"damage":13,"enemies":"Shelled Parasite and Fungi","floor":22,"turns":2}],"seed_played":"-3450898737707760413","potions_obtained":[{"floor":10,"key":"Ancient Potion"},{"floor":11,"key":"Energy Potion"},{"floor":20,"key":"EssenceOfSteel"}],"is_trial":false,"path_per_floor":["M","$","?","?","M","R","$","E","T","E","M","$","R","$","R","B",null,"M","$","M","M","M"],"character_chosen":"THE_SILENT","items_purchased":["Crippling Poison","Noxious Fumes","Poisoned Stab+1"],"campfire_rested":1,"item_purchase_floors":[2,2,12],"current_hp_per_floor":[70,70,70,63,63,63,63,63,63,12,12,12,33,33,33,29,60,60,60,50,21,8],"gold":114,"neow_bonus":"THREE_ENEMY_KILL","is_prod":false,"is_daily":false,"chose_seed":false,"campfire_upgraded":2,"win_rate":0,"timestamp":1548469516,"path_taken":["M","$","?","?","M","R","?","E","T","E","M","$","R","?","R","BOSS","M","?","M","M","M"],"build_version":"2019-01-23","purchased_purges":1,"victory":false,"max_hp_per_floor":[70,70,70,70,70,70,70,70,70,70,70,70,70,70,70,70,70,70,70,70,70,70],"card_choices":[{"not_picked":["Sucker Punch","Outmaneuver"],"picked":"Noxious Fumes","floor":1},{"not_picked":["Deadly Poison","Deflect"],"picked":"Backflip","floor":5},{"not_picked":["Accuracy","Dodge and Roll"],"picked":"Catalyst","floor":8},{"not_picked":["Bane","Leg Sweep"],"picked":"After Image","floor":10},{"not_picked":["Distraction","Blade Dance","Dagger Throw+1"],"picked":"SKIP","floor":11},{"not_picked":["Venomology","Night Terror"],"picked":"Corpse Explosion","floor":16},{"not_picked":["Underhanded Strike+1","Setup+1","Dagger Spray+1"],"picked":"SKIP","floor":18},{"not_picked":["Prepared","Underhanded Strike+1","Terror"],"picked":"SKIP","floor":20},{"not_picked":["Cloak And Dagger","Expertise"],"picked":"Well Laid Plans","floor":21}],"player_experience":461691,"relics_obtained":[{"floor":8,"key":"Bottled Flame"},{"floor":9,"key":"Centennial Puzzle"},{"floor":10,"key":"Molten Egg 2"}],"event_choices":[{"damage_healed":0,"gold_gain":0,"player_choice":"Leave","damage_taken":0,"max_hp_gain":0,"max_hp_loss":0,"event_name":"The Cleric","floor":3,"gold_loss":0},{"cards_removed":["Strike_G"],"damage_healed":0,"gold_gain":0,"player_choice":"Card Removal","damage_taken":7,"max_hp_gain":0,"max_hp_loss":0,"event_name":"Golden Wing","floor":4,"gold_loss":0}],"is_beta":false,"boss_relics":[{"not_picked":["Lizard Tail","Runic Pyramid"],"picked":"Empty Cage"}],"items_purged_floors":[19],"is_endless":false,"potions_floor_spawned":[10,11,20],"killed_by":"Shelled Parasite and Fungi","ascension_level":5}