{"gold_per_floor":[116,116,66,66,78,107,107,139,139,139,163,88,122,132,132,231,231,156,156,156,156,156,156,156,156,156,156,156,156,156,156,156,156,156,156,156,156,156,156,156,156,87,87,87,87,87,87,87,87,87],"floor_reached":50,"playtime":5099,"items_purged":["Strike_B"],"score":636,"play_id":"06b0bd14-1909-4fad-ad22-d4074c3d6641","local_time":"20181130214555","is_ascension_mode":true,"campfire_choices":[{"data":"Redo","floor":7,"key":"SMITH"},{"data":"Zap","floor":10,"key":"SMITH"},{"data":"Dualcast","floor":15,"key":"SMITH"},{"data":"Bite","floor":23,"key":"SMITH"},{"data":"Static Discharge","floor":28,"key":"SMITH"},{"data":"Bite","floor":32,"key":"SMITH"},{"floor":41,"key":"REST"},{"data":"Biased Cognition","floor":44,"key":"SMITH"},{"data":"Capacitor","floor":49,"key":"SMITH"}],"neow_cost":"NONE","seed_source_timestamp":3424604165244,"circlet_count":0,"master_deck":["Defend_B","Defend_B","Defend_B","Zap+1","Dualcast+1","Redo+1","Leap+1","Undo+1","Hologram+1","Chaos+1","Redo+1","Conserve Battery+1","Bite","Bite","Bite+1","Bite+1","Steam+1","Static Discharge+1","Ball Lightning+1","Chill+1","Multi-Cast+1","Hologram+1","Fission+1","Tempest+1","Biased Cognition+1","Redo+1","Streamline","Barrage+1","Storm+1","Capacitor+1","Darkness+1","Lockon+1"],"relics":["Cracked Core","NeowsBlessing","DataDisk","Toxic Egg 2","Bag of Preparation","Meat on the Bone","Odd Mushroom","FossilizedHelix","Ectoplasm","CultistMask","Omamori","Mercury Hourglass","WingedGreaves","Philosopher\u0027s Stone","Du-Vu Doll","Art of War","Emotion Chip","Mango"],"potions_floor_usage":[11,24,33,35,39,39,40],"damage_taken":[{"damage":0,"enemies":"Small Slimes","floor":1,"turns":1},{"damage":0,"enemies":"2 Louse","floor":5,"turns":1},{"damage":0,"enemies":"Lagavulin","floor":6,"turns":1},{"damage":34,"enemies":"3 Sentries","floor":8,"turns":8},{"damage":12,"enemies":"The Mushroom Lair","floor":11,"turns":4},{"damage":1,"enemies":"Lagavulin","floor":13,"turns":5},{"damage":0,"enemies":"Jaw Worm","floor":14,"turns":3},{"damage":6,"enemies":"The Guardian","floor":16,"turns":8},{"damage":11,"enemies":"2 Thieves","floor":18,"turns":4},{"damage":0,"enemies":"Shell Parasite","floor":21,"turns":5},{"damage":3,"enemies":"Book of Stabbing","floor":24,"turns":6},{"damage":0,"enemies":"Shelled Parasite and Fungi","floor":25,"turns":6},{"damage":0,"enemies":"Cultist and Chosen","floor":29,"turns":6},{"damage":0,"enemies":"Centurion and Healer","floor":30,"turns":4},{"damage":0,"enemies":"Chosen and Byrds","floor":31,"turns":3},{"damage":8,"enemies":"Automaton","floor":33,"turns":11},{"damage":11,"enemies":"3 Darklings","floor":35,"turns":6},{"damage":0,"enemies":"Orb Walker","floor":36,"turns":2},{"damage":11,"enemies":"Writhing Mass","floor":37,"turns":2},{"damage":0,"enemies":"Jaw Worm Horde","floor":39,"turns":5},{"damage":45,"enemies":"Nemesis","floor":40,"turns":4},{"damage":0,"enemies":"Mind Bloom Boss Battle","floor":45,"turns":4},{"damage":0,"enemies":"3 Darklings","floor":46,"turns":2},{"damage":14,"enemies":"2 Orb Walkers","floor":48,"turns":4},{"damage":80,"enemies":"Awakened One","floor":50,"turns":7}],"seed_played":"-3864605622037814676","potions_obtained":[{"floor":5,"key":"SteroidPotion"},{"floor":8,"key":"PowerPotion"},{"floor":16,"key":"LiquidBronze"},{"floor":18,"key":"Explosive Potion"},{"floor":29,"key":"Regen Potion"},{"floor":31,"key":"SmokeBomb"},{"floor":33,"key":"SkillPotion"},{"floor":35,"key":"SteroidPotion"},{"floor":37,"key":"Fire Potion"},{"floor":39,"key":"Block Potion"}],"is_trial":false,"path_per_floor":["M","?","?","?","M","E","R","E","T","R","?","$","E","M","R","B",null,"M","?","?","M","?","R","E","M","T","?","R","M","M","M","R","B",null,"M","M","M","?","M","E","R","$","T","R","?","M","?","?","R","B"],"character_chosen":"DEFECT","items_purchased":["Capacitor"],"campfire_rested":1,"item_purchase_floors":[42],"current_hp_per_floor":[75,75,75,68,68,68,68,34,34,34,34,34,45,45,45,39,75,64,52,62,62,62,62,62,62,62,62,62,62,62,62,62,59,62,53,55,44,44,62,36,54,54,54,54,62,62,62,62,62,0],"gold":87,"neow_bonus":"THREE_ENEMY_KILL","is_prod":false,"is_daily":false,"chose_seed":false,"campfire_upgraded":8,"win_rate":0,"timestamp":1543632355,"path_taken":["M","?","?","?","M","E","R","E","T","R","?","$","E","M","R","BOSS","M","?","?","?","?","R","E","?","T","?","R","?","?","M","R","BOSS","M","?","M","?","?","E","R","$","T","R","?","M","?","?","R","BOSS"],"build_version":"2018-11-15","purchased_purges":1,"victory":false,"max_hp_per_floor":[75,75,75,75,75,75,75,75,75,75,75,75,75,75,75,75,75,75,52,62,62,62,62,62,62,62,62,62,62,62,62,62,62,62,62,62,62,62,62,62,62,62,62,62,62,62,62,76,76,76],"card_choices":[{"not_picked":["Lockon","Hologram"],"picked":"Redo","floor":1},{"not_picked":["Scrape","Stack","Turbo"],"picked":"SKIP","floor":5},{"not_picked":["Stack","Aggregate"],"picked":"Leap","floor":6},{"not_picked":["Go for the Eyes","Ball Lightning"],"picked":"Undo+1","floor":8},{"not_picked":["Barrage","Reprogram+1"],"picked":"Hologram+1","floor":11},{"not_picked":["Skim+1","Biased Cognition"],"picked":"Chaos+1","floor":13},{"not_picked":["Sunder","Hello World"],"picked":"Redo+1","floor":14},{"not_picked":["All For One","Machine Learning"],"picked":"Echo Form","floor":16},{"not_picked":["Gash+1","Sweeping Beam"],"picked":"Conserve Battery+1","floor":18},{"not_picked":["Compile Driver","Undo+1"],"picked":"Steam+1","floor":21},{"not_picked":["Double Energy+1","Beam Cell"],"picked":"Static Discharge","floor":24},{"not_picked":["Beam Cell+1","Coolheaded+1"],"picked":"Ball Lightning+1","floor":25},{"not_picked":["Sunder","Go for the Eyes+1"],"picked":"Chill+1","floor":29},{"not_picked":["Gash","Steam Power+1"],"picked":"Multi-Cast+1","floor":30},{"not_picked":["Rebound","Ball Lightning"],"picked":"Hologram+1","floor":31},{"not_picked":["Reboot+1","Meteor Strike"],"picked":"Fission+1","floor":33},{"not_picked":["Stack+1","Go for the Eyes+1"],"picked":"Tempest+1","floor":35},{"not_picked":["Gash+1","Turbo+1"],"picked":"Biased Cognition","floor":36},{"not_picked":["Conserve Battery+1","Sweeping Beam+1"],"picked":"Redo+1","floor":37},{"not_picked":["Heatsinks","Rebound"],"picked":"Barrage+1","floor":39},{"not_picked":["Stack+1","Cold Snap+1"],"picked":"Storm+1","floor":40},{"not_picked":["Undo+1","All For One"],"picked":"Darkness+1","floor":45},{"not_picked":["Heatsinks","Stack+1","Rip and Tear+1"],"picked":"SKIP","floor":46},{"not_picked":["Stack+1","Compile Driver"],"picked":"Lockon+1","floor":48}],"player_experience":267951,"relics_obtained":[{"floor":6,"key":"Toxic Egg 2"},{"floor":8,"key":"Bag of Preparation"},{"floor":9,"key":"Meat on the Bone"},{"floor":11,"key":"Odd Mushroom"},{"floor":13,"key":"FossilizedHelix"},{"floor":24,"key":"Omamori"},{"floor":26,"key":"Mercury Hourglass"},{"floor":40,"key":"Du-Vu Doll"},{"floor":43,"key":"Art of War"},{"floor":45,"key":"Emotion Chip"},{"floor":48,"key":"Mango"}],"event_choices":[{"damage_healed":0,"gold_gain":0,"player_choice":"Box","damage_taken":0,"relics_obtained":["DataDisk"],"max_hp_gain":0,"max_hp_loss":0,"event_name":"Big Fish","floor":2,"gold_loss":0,"cards_obtained":["Regret"]},{"cards_removed":["Regret"],"damage_healed":0,"gold_gain":0,"player_choice":"Card Removal","damage_taken":0,"max_hp_gain":0,"max_hp_loss":0,"event_name":"The Cleric","floor":3,"gold_loss":50},{"cards_removed":["Strike_B"],"damage_healed":0,"gold_gain":0,"player_choice":"Card Removal","damage_taken":7,"max_hp_gain":0,"max_hp_loss":0,"event_name":"Golden Wing","floor":4,"gold_loss":0},{"damage_healed":0,"gold_gain":0,"player_choice":"Fought Mushrooms","damage_taken":0,"max_hp_gain":0,"max_hp_loss":0,"event_name":"Mushrooms","floor":11,"gold_loss":0},{"damage_healed":0,"gold_gain":0,"player_choice":"Became a vampire","damage_taken":0,"max_hp_gain":0,"max_hp_loss":23,"event_name":"Vampires","floor":19,"gold_loss":0,"cards_obtained":["Bite","Bite","Bite","Bite","Bite"]},{"cards_removed":["Echo Form"],"damage_healed":0,"gold_gain":0,"player_choice":"Offered Rare","damage_taken":0,"max_hp_gain":10,"max_hp_loss":0,"event_name":"Bonfire Elementals","floor":20,"gold_loss":0},{"damage_healed":0,"gold_gain":0,"player_choice":"Trade","damage_taken":0,"relics_obtained":["CultistMask"],"max_hp_gain":0,"max_hp_loss":0,"event_name":"FaceTrader","floor":22,"gold_loss":0},{"cards_removed":["Bite"],"damage_healed":0,"gold_gain":0,"player_choice":"Gave Card","damage_taken":0,"relics_obtained":["WingedGreaves"],"max_hp_gain":0,"max_hp_loss":0,"event_name":"WeMeetAgain","floor":27,"gold_loss":0},{"damage_healed":0,"gold_gain":0,"cards_transformed":["Defend_B"],"player_choice":"Transformed","damage_taken":0,"max_hp_gain":0,"max_hp_loss":0,"event_name":"Transmorgrifier","floor":38,"gold_loss":0,"cards_obtained":["Streamline"]},{"damage_healed":0,"gold_gain":0,"player_choice":"Fight","damage_taken":0,"max_hp_gain":0,"max_hp_loss":0,"event_name":"MindBloom","floor":45,"gold_loss":0},{"damage_healed":16,"gold_gain":0,"player_choice":"Writhe","damage_taken":0,"max_hp_gain":0,"max_hp_loss":0,"event_name":"Winding Halls","floor":47,"gold_loss":0,"cards_obtained":["Writhe"]},{"damage_healed":0,"gold_gain":0,"player_choice":"Fight","damage_taken":0,"max_hp_gain":0,"max_hp_loss":0,"event_name":"Mysterious Sphere","floor":48,"gold_loss":0}],"is_beta":false,"boss_relics":[{"not_picked":["Inserter","Black Star"],"picked":"Ectoplasm"},{"not_picked":["Eternal Feather","Pandora\u0027s Box"],"picked":"Philosopher\u0027s Stone"}],"items_purged_floors":[12],"is_endless":false,"potions_floor_spawned":[5,8,16,18,29,30,31,33,35,37,39],"killed_by":"Awakened One","ascension_level":2}