{"path_per_floor":["M","?","?","?","$","E","R","?","T","R","?","?","M","$","R","B",null,"M","?"],"character_chosen":"THE_SILENT","items_purchased":["Infinite Blades","Anchor","Malaise"],"gold_per_floor":[212,162,162,337,25,51,51,51,105,105,105,85,95,20,20,122,122,62,62,62],"floor_reached":20,"campfire_rested":2,"playtime":780,"current_hp_per_floor":[70,70,70,70,70,34,55,41,41,62,62,62,62,62,62,1,70,57,57,57],"items_purged":["Doubt"],"gold":62,"score":172,"play_id":"cfdaa47b-db52-4104-b2a8-9937fc1671a2","local_time":"20180422115604","is_prod":false,"is_daily":false,"chose_seed":false,"is_ascension_mode":true,"campfire_upgraded":1,"timestamp":1524423364,"path_taken":["M","?","?","?","$","E","R","?","T","R","?","?","M","?","R","BOSS","M","?","M"],"build_version":"2018-04-19","seed_source_timestamp":993998471256153,"purchased_purges":1,"victory":false,"master_deck":["Defend_G","Defend_G","Defend_G+1","Defend_G","Strike_G","Strike_G+1","Strike_G","Survivor","Neutralize+1","Backflip","Infinite Blades","PiercingWail","Malaise","Glass Knife","Parasite","Regret","Parasite","Writhe"],"max_hp_per_floor":[70,70,70,70,70,70,70,70,70,70,70,70,70,70,70,70,70,70,70,70],"relics":["Ring of the Snake","Anchor","Juzu Bracelet","Bag of Preparation","Calling Bell","Prayer Wheel","Tough Bandages","Ginger","Regal Pillow"],"card_choices":[{"not_picked":["Skewer","PiercingWail"],"picked":"Backflip","floor":1},{"not_picked":["Setup","Crippling Poison"],"picked":"PiercingWail","floor":13},{"not_picked":["Grand Finale","After Image"],"picked":"Glass Knife","floor":16}],"player_experience":119103,"potions_floor_usage":[6,16,16],"damage_taken":[{"damage":0,"enemies":"Jaw Worm","floor":1,"turns":3},{"damage":36,"enemies":"Gremlin Nob","floor":6,"turns":6},{"damage":0,"enemies":"Small Slimes","floor":13,"turns":3},{"damage":61,"enemies":"Hexaghost","floor":16,"turns":21},{"damage":13,"enemies":"2 Thieves","floor":18,"turns":4},{"damage":0,"enemies":"Chosen","floor":20,"turns":1}],"event_choices":[{"event_name":"The Cleric","player_choice":"Card Removal","floor":2,"damage_taken":0},{"event_name":"Living Wall","player_choice":"Forget","floor":3,"damage_taken":0},{"event_name":"Liars Game","player_choice":"agreed","floor":4,"damage_taken":0},{"event_name":"Shining Light","player_choice":"Entered Light","floor":8,"damage_taken":0},{"event_name":"Purifier","player_choice":"One Purge","floor":11,"damage_taken":0},{"event_name":"The Woman in Blue","player_choice":"Bought 1 Potion","floor":12,"damage_taken":0},{"event_name":"The Mausoleum","player_choice":"Yes","floor":19,"damage_taken":0}],"boss_relics":[{"not_picked":["Ectoplasm","Eternal Feather"],"picked":"Calling Bell"}],"potions_floor_spawned":[1,6],"seed_played":"5930959113030486934","killed_by":"Chosen","ascension_level":1,"is_trial":false}