{"gold_per_floor":[109,34,34,34,51,51,63,63,63,81,81,7,29,48,48,48],"floor_reached":16,"playtime":361,"items_purged":["Strike_R"],"score":140,"play_id":"14a243b9-d68f-43ff-93c5-347e0ab32294","local_time":"20190110215235","is_ascension_mode":true,"campfire_choices":[{"data":"Bash","floor":6,"key":"SMITH"},{"data":"Dropkick","floor":8,"key":"SMITH"},{"floor":15,"key":"REST"}],"neow_cost":"NONE","seed_source_timestamp":100773909764357,"circlet_count":0,"master_deck":["AscendersBane","Strike_R","Strike_R","Strike_R","Defend_R","Defend_R","Defend_R","Bash+1","Sever Soul","Dropkick+1","Inflame","Inflame"],"relics":["Burning Blood","Champion Belt","Odd Mushroom"],"potions_floor_usage":[16],"damage_taken":[{"damage":12,"enemies":"Jaw Worm","floor":1,"turns":3},{"damage":6,"enemies":"Cultist","floor":5,"turns":3},{"damage":7,"enemies":"2 Louse","floor":7,"turns":2},{"damage":12,"enemies":"Exordium Wildlife","floor":10,"turns":3},{"damage":36,"enemies":"The Mushroom Lair","floor":13,"turns":5},{"damage":19,"enemies":"Looter","floor":14,"turns":3},{"damage":40,"enemies":"The Guardian","floor":16,"turns":6}],"seed_played":"3995152630265522694","potions_obtained":[{"floor":5,"key":"GamblersBrew"},{"floor":7,"key":"Ancient Potion"}],"is_trial":false,"path_per_floor":["M","$","?","$","M","R","M","R","T","M","$","$","?","M","R","B"],"character_chosen":"IRONCLAD","items_purchased":["Inflame"],"campfire_rested":1,"item_purchase_floors":[12],"current_hp_per_floor":[66,66,66,66,66,66,65,65,65,59,59,59,29,16,40,0],"gold":48,"neow_bonus":"REMOVE_CARD","is_prod":false,"is_daily":false,"chose_seed":false,"campfire_upgraded":2,"win_rate":0,"timestamp":1547175155,"path_taken":["M","$","?","$","?","R","M","R","T","M","?","$","?","M","R","BOSS"],"build_version":"2019-01-03v4","purchased_purges":1,"victory":false,"max_hp_per_floor":[80,80,80,80,80,80,80,80,80,80,80,80,80,80,80,80],"card_choices":[{"not_picked":["Iron Wave","True Grit","Pommel Strike"],"picked":"SKIP","floor":1},{"not_picked":["Shrug It Off","Body Slam"],"picked":"Dropkick","floor":5},{"not_picked":["Warcry","Flex","Perfected Strike"],"picked":"SKIP","floor":7},{"not_picked":["Reckless Charge","Metallicize"],"picked":"Inflame","floor":10},{"not_picked":["Pommel Strike","Flex","Headbutt"],"picked":"SKIP","floor":14}],"player_experience":365782,"relics_obtained":[{"floor":9,"key":"Champion Belt"},{"floor":13,"key":"Odd Mushroom"}],"event_choices":[{"damage_healed":0,"gold_gain":0,"cards_transformed":["Defend_R"],"player_choice":"Transformed","damage_taken":0,"max_hp_gain":0,"max_hp_loss":0,"event_name":"Transmorgrifier","floor":3,"gold_loss":0,"cards_obtained":["Sever Soul"]},{"damage_healed":0,"gold_gain":0,"player_choice":"Fought Mushrooms","damage_taken":0,"max_hp_gain":0,"max_hp_loss":0,"event_name":"Mushrooms","floor":13,"gold_loss":0}],"is_beta":false,"boss_relics":[],"items_purged_floors":[2],"is_endless":false,"potions_floor_spawned":[5,7,14],"killed_by":"The Guardian","ascension_level":11}