{"gold_per_floor":[11,11,24,48,67,67,81,81,81,101,101,116,130,130,142,154],"floor_reached":16,"playtime":405,"items_purged":[],"score":110,"play_id":"454fc6f5-7488-48df-9e38-be1a1de65a55","local_time":"20181220164226","is_ascension_mode":true,"campfire_choices":[{"floor":6,"key":"DIG"},{"floor":8,"key":"REST"},{"floor":15,"key":"DIG"}],"neow_cost":"NO_GOLD","seed_source_timestamp":183584104882674,"circlet_count":0,"master_deck":["Strike_B","Strike_B","Strike_B","Defend_B","Defend_B","Defend_B","Defend_B","Zap","Dualcast","Biased Cognition","Doom and Gloom","Genetic Algorithm+1","Auto Shields+1"],"relics":["Cracked Core","Shovel","Golden Idol","Toxic Egg 2","MawBank","DataDisk"],"potions_floor_usage":[10,13,16,16],"damage_taken":[{"damage":18,"enemies":"Jaw Worm","floor":1,"turns":4},{"damage":0,"enemies":"2 Louse","floor":3,"turns":2},{"damage":1,"enemies":"Cultist","floor":4,"turns":3},{"damage":6,"enemies":"2 Fungi Beasts","floor":5,"turns":3},{"damage":13,"enemies":"Red Slaver","floor":7,"turns":3},{"damage":0,"enemies":"3 Louse","floor":10,"turns":1},{"damage":10,"enemies":"Gremlin Gang","floor":12,"turns":3},{"damage":0,"enemies":"2 Fungi Beasts","floor":13,"turns":1},{"damage":13,"enemies":"Hexaghost","floor":16,"turns":9}],"seed_played":"-6108608703726788087","potions_obtained":[{"floor":4,"key":"AttackPotion"},{"floor":5,"key":"Explosive Potion"},{"floor":7,"key":"Energy Potion"},{"floor":12,"key":"AttackPotion"}],"is_trial":false,"path_per_floor":["M","?","M","M","M","R","M","R","T","M","?","M","M","?","R","B"],"character_chosen":"DEFECT","items_purchased":[],"campfire_rested":1,"item_purchase_floors":[],"current_hp_per_floor":[57,39,39,38,32,32,19,41,41,41,41,31,31,13,13,0],"gold":154,"neow_bonus":"ONE_RARE_RELIC","is_prod":false,"is_daily":false,"chose_seed":false,"campfire_upgraded":0,"win_rate":0,"timestamp":1545342146,"path_taken":["M","?","M","M","M","R","M","R","T","M","?","M","?","?","R","BOSS"],"build_version":"2018-12-13","purchased_purges":0,"victory":false,"max_hp_per_floor":[75,75,75,75,75,75,75,75,75,75,75,75,75,75,75,75],"card_choices":[{"not_picked":["Leap","Ball Lightning","Turbo"],"picked":"SKIP","floor":1},{"not_picked":["Static Discharge","Undo","Cold Snap"],"picked":"SKIP","floor":3},{"not_picked":["Sweeping Beam","Beam Cell"],"picked":"Biased Cognition","floor":4},{"not_picked":["Turbo","Gash","Streamline"],"picked":"SKIP","floor":5},{"not_picked":["Go for the Eyes","Streamline","Cold Snap"],"picked":"SKIP","floor":7},{"not_picked":["Core Surge","Reprogram+1"],"picked":"Doom and Gloom","floor":10},{"not_picked":["Redo+1","Stack+1"],"picked":"Genetic Algorithm+1","floor":12},{"not_picked":["Go for the Eyes","Steam+1"],"picked":"Auto Shields+1","floor":13}],"player_experience":298046,"relics_obtained":[{"floor":6,"key":"Toxic Egg 2"},{"floor":15,"key":"DataDisk"}],"event_choices":[{"damage_healed":0,"gold_gain":0,"player_choice":"Take Damage","damage_taken":18,"relics_obtained":["Golden Idol"],"max_hp_gain":0,"max_hp_loss":0,"event_name":"Golden Idol","floor":2,"gold_loss":0},{"cards_removed":["Strike_B"],"damage_healed":0,"gold_gain":0,"player_choice":"Offered Basic","damage_taken":0,"max_hp_gain":0,"max_hp_loss":0,"event_name":"Bonfire Elementals","floor":11,"gold_loss":0},{"damage_healed":0,"gold_gain":0,"player_choice":"Success","damage_taken":18,"relics_obtained":["MawBank"],"max_hp_gain":0,"max_hp_loss":0,"event_name":"Scrap Ooze","floor":14,"gold_loss":0}],"is_beta":false,"boss_relics":[],"items_purged_floors":[],"is_endless":false,"potions_floor_spawned":[4,5,7,12],"killed_by":"Hexaghost","ascension_level":3}