{"path_per_floor":["M","?","$","M","M","E","$","E","T","?","M","R","M","E","R","B",null,"M","$","?","T","?","R","$","E","T","E","R","M","R","M","R","B",null,"M","?","?","M","M","E","R","E","T","M","E","$","M","M","R","B"],"character_chosen":"DEFECT","items_purchased":["Defragment","Beam Cell","Steam","BootSequence","Hologram","Bottled Tornado","Machine Learning","Mind Blast","Mummified Hand","Static Discharge","Whetstone","Poison Potion","Panache","Rebound","Go for the Eyes","Purity","Auto Shields"],"gold_per_floor":[113,188,37,48,67,96,1,28,53,53,78,78,93,132,132,256,256,279,30,180,180,180,180,0,35,35,73,73,97,97,120,120,244,244,265,598,898,910,925,951,951,982,1005,1022,1048,17,30,50,50,50],"floor_reached":51,"campfire_rested":3,"playtime":5047,"item_purchase_floors":[],"current_hp_per_floor":[61,50,50,50,44,24,24,20,20,20,17,37,37,19,39,24,58,56,56,56,56,34,34,34,12,12,8,18,10,10,18,18,5,27,34,34,34,34,34,34,34,31,31,37,42,42,44,44,44,44],"items_purged":["Doubt"],"gold":50,"score":1590,"play_id":"085dd9c9-2c62-4cf4-a8b5-e7a98488dcc6","local_time":"20180611024311","is_prod":false,"is_daily":false,"chose_seed":false,"is_ascension_mode":true,"campfire_upgraded":5,"win_rate":0,"timestamp":1528677791,"campfire_choices":[{"floor":12.0,"key":"REST"},{"floor":15.0,"key":"REST"},{"data":"Ghostly","floor":23.0,"key":"SMITH"},{"floor":28,"key":"REST"},{"data":"Mind Blast","floor":30,"key":"SMITH"},{"data":"Defragment","floor":32,"key":"SMITH"},{"data":"Buffer","floor":41,"key":"SMITH"},{"data":"Machine Learning","floor":49,"key":"SMITH"}],"path_taken":["M","?","$","M","M","E","$","E","T","?","M","R","M","E","R","BOSS","M","$","?","?","?","R","$","E","T","E","R","M","R","M","R","BOSS","M","?","?","M","M","E","R","E","T","M","E","$","?","M","R","BOSS"],"build_version":"2018-06-07v3","seed_source_timestamp":215923253335933,"purchased_purges":1,"victory":true,"master_deck":["Strike_B","Strike_B","Strike_B","Strike_B","Defend_B","Defend_B","Defend_B","Defend_B","Zap","Dualcast","AscendersBane","Ball Lightning+1","Defragment+1","Beam Cell","Steam","Darkness","Sweeping Beam","Glacier","BootSequence","Hologram","Rainbow","Doubt","Barrage","Double Energy","Doom and Gloom","Echo Form","Hologram","Genetic Algorithm","Conserve Battery","Hologram","Stack","Melter","Writhe","Ghostly+1","Ghostly","Ghostly","Ghostly","Ghostly","Machine Learning+1","Mind Blast+1","Gash+1","Skim","Coolheaded","Coolheaded+1","Buffer+1","Leap+1","Force Field+1","Aggregate+1","Cold Snap+1","Multi-Cast","Coolheaded+1","Writhe","Reinforced Body+1","Gash","Static Discharge","Panache","Rebound","Go for the Eyes","Purity","Auto Shields","Reinforced Body+1","Reprogram"],"max_hp_per_floor":[75,75,75,75,75,75,75,75,75,69,69,69,69,69,69,69,69,69,69,69,69,34,34,34,34,34,34,34,34,34,34,34,34,34,34,34,34,34,34,34,34,44,44,44,44,44,44,44,44,44],"relics":["Cursed Key","Vajra","Pen Nib","Lantern","Gambling Chip","Orrery","Bottled Tornado","Happy Flower","Letter Opener","Bottled Flame","Bird Faced Urn","Runic Pyramid","Old Coin","Symbiotic Virus","Pear","Boot","Potion Belt","Mummified Hand","Whetstone"],"card_choices":[{"not_picked":["Turbo","Steam"],"picked":"Ball Lightning","floor":1.0},{"not_picked":["Stack","Go for the Eyes"],"picked":"Darkness","floor":4.0},{"not_picked":["Conserve Battery","Compile Driver"],"picked":"Sweeping Beam","floor":5.0},{"not_picked":["Beam Cell","Skim"],"picked":"Glacier","floor":6.0},{"not_picked":["Turbo","Coolheaded"],"picked":"Rainbow","floor":8.0},{"not_picked":["Turbo","Aggregate"],"picked":"Barrage","floor":11.0},{"not_picked":["Steam Power","Redo"],"picked":"Double Energy","floor":13.0},{"not_picked":["Lockon","Reboot"],"picked":"Doom and Gloom","floor":14.0},{"not_picked":["Multi-Cast","Machine Learning"],"picked":"Echo Form","floor":16.0},{"not_picked":["Compile Driver","Beam Cell"],"picked":"Hologram","floor":17.0},{"not_picked":["Fusion","Scrape"],"picked":"Genetic Algorithm","floor":17.0},{"not_picked":["Steam","Hologram"],"picked":"Conserve Battery","floor":17.0},{"not_picked":["Beam Cell","Ball Lightning"],"picked":"Hologram","floor":17.0},{"not_picked":["Hologram","Rebound"],"picked":"Stack","floor":17.0},{"not_picked":["Ball Lightning","Coolheaded"],"picked":"Melter","floor":18.0},{"not_picked":["Compile Driver","Leap"],"picked":"Gash","floor":25.0},{"not_picked":["Beam Cell","Conserve Battery"],"picked":"Skim","floor":27},{"not_picked":["Undo","Glacier"],"picked":"Coolheaded","floor":29},{"not_picked":["Compile Driver+1","Scrape"],"picked":"Coolheaded+1","floor":31},{"not_picked":["Amplify","Fission"],"picked":"Buffer","floor":33},{"not_picked":["Auto Shields","Compile Driver+1"],"picked":"Leap+1","floor":35},{"not_picked":["Redo+1","Darkness"],"picked":"Force Field+1","floor":37},{"not_picked":["Recycle","Streamline"],"picked":"Aggregate+1","floor":38},{"not_picked":["Redo","Ball Lightning+1"],"picked":"Cold Snap+1","floor":39},{"not_picked":["Leap","Barrage+1"],"picked":"Multi-Cast","floor":40},{"not_picked":["Stack","Hyperbeam"],"picked":"Coolheaded+1","floor":42},{"not_picked":["Skim+1","Beam Cell"],"picked":"Reinforced Body+1","floor":44},{"not_picked":["Barrage","Ball Lightning"],"picked":"Gash","floor":45},{"not_picked":["Steam","Gash"],"picked":"Reinforced Body+1","floor":47},{"not_picked":["Glacier","Melter+1"],"picked":"Reprogram","floor":48}],"player_experience":502325,"potions_floor_usage":[50,50,50,50,50],"damage_taken":[{"damage":7.0,"enemies":"2 Louse","floor":1.0,"turns":3.0},{"damage":0.0,"enemies":"Jaw Worm","floor":4.0,"turns":3.0},{"damage":6.0,"enemies":"Small Slimes","floor":5.0,"turns":3.0},{"damage":20.0,"enemies":"3 Sentries","floor":6.0,"turns":6.0},{"damage":4.0,"enemies":"Lagavulin","floor":8.0,"turns":7.0},{"damage":3.0,"enemies":"Exordium Wildlife","floor":11.0,"turns":4.0},{"damage":0.0,"enemies":"2 Fungi Beasts","floor":13.0,"turns":3.0},{"damage":18.0,"enemies":"Gremlin Nob","floor":14.0,"turns":5.0},{"damage":15.0,"enemies":"The Guardian","floor":16.0,"turns":7.0},{"damage":2.0,"enemies":"Shell Parasite","floor":18.0,"turns":5.0},{"damage":22.0,"enemies":"Gremlin Leader","floor":25.0,"turns":10.0},{"damage":4,"enemies":"Book of Stabbing","floor":27,"turns":5},{"damage":14,"enemies":"Chosen","floor":29,"turns":5},{"damage":0,"enemies":"Snecko","floor":31,"turns":5},{"damage":19,"enemies":"Automaton","floor":33,"turns":9},{"damage":0,"enemies":"3 Darklings","floor":35,"turns":5},{"damage":0,"floor":37,"turns":8},{"damage":0,"enemies":"3 Shapes","floor":38,"turns":2},{"damage":0,"enemies":"Maw","floor":39,"turns":8},{"damage":7,"enemies":"Nemesis","floor":40,"turns":9},{"damage":17,"enemies":"2 Orb Walkers","floor":42,"turns":3},{"damage":0,"enemies":"4 Shapes","floor":44,"turns":5},{"damage":7,"enemies":"Giant Head","floor":45,"turns":11},{"damage":0,"enemies":"3 Darklings","floor":47,"turns":7},{"damage":0,"enemies":"Sphere and 2 Shapes","floor":48,"turns":3},{"damage":3,"enemies":"Time Eater","floor":50,"turns":10}],"relics_obtained":[{"floor":6.0,"key":"Vajra"},{"floor":8.0,"key":"Pen Nib"},{"floor":9.0,"key":"Lantern"},{"floor":14.0,"key":"Gambling Chip"},{"floor":21.0,"key":"Happy Flower"},{"floor":25.0,"key":"Letter Opener"},{"floor":26.0,"key":"Bottled Flame"},{"floor":27,"key":"Bird Faced Urn"},{"floor":37,"key":"Old Coin"},{"floor":40,"key":"Symbiotic Virus"},{"floor":42,"key":"Pear"},{"floor":43,"key":"Boot"},{"floor":45,"key":"Potion Belt"}],"event_choices":[{"event_name":"World of Goop","player_choice":"Gather Gold","floor":2.0,"damage_taken":0.0},{"event_name":"Golden Idol","player_choice":"Lose Max HP","floor":10.0,"damage_taken":0.0},{"event_name":"Nest","player_choice":"Stole From Cult","floor":20.0,"damage_taken":0.0},{"event_name":"Ghosts","player_choice":"Became a Ghost","floor":22.0,"damage_taken":0.0},{"event_name":"The Moai Head","player_choice":"Gave Idol","floor":36,"damage_taken":0},{"event_name":"MindBloom","player_choice":"Fight","floor":37,"damage_taken":0}],"boss_relics":[{"not_picked":["Tiny House","Eternal Feather"],"picked":"Orrery"},{"not_picked":["Runic Dome","Busted Crown"],"picked":"Runic Pyramid"}],"items_purged_floors":[46],"potions_floor_spawned":[8,11,14,16,18,33,35,37,38,42,45],"seed_played":"-6383670318780754947","ascension_level":10,"potions_obtained":[{"floor":8.0,"key":"SpeedPotion"},{"floor":11.0,"key":"FocusPotion"},{"floor":14.0,"key":"SkillPotion"},{"floor":16.0,"key":"Dexterity Potion"},{"floor":18.0,"key":"Weak Potion"},{"floor":33,"key":"SmokeBomb"},{"floor":35,"key":"SkillPotion"},{"floor":37,"key":"Dexterity Potion"},{"floor":38,"key":"Weak Potion"},{"floor":45,"key":"Poison Potion"}],"is_trial":false}