{"path_per_floor":["M","M","?","?","$","E","M","R","T","$","R","E","R","M","R","B",null,"M","M","$","?","M","E","R","E","T","M","E","R","?","$","R","B",null,"M","?","?","?","M","E","?","R","T","M","R","$","?","E","R","B"],"character_chosen":"THE_SILENT","items_purchased":["Footwork","Backflip","Ninja Scroll","Infinite Blades","Singing Bowl"],"gold_per_floor":[210,224,224,299,140,165,184,184,208,108,108,136,136,153,153,256,256,275,293,39,39,53,82,82,107,107,119,147,147,147,111,111,210,210,224,0,0,0,18,43,293,293,293,303,303,33,33,97,97,97],"floor_reached":51,"campfire_rested":6,"playtime":3796,"current_hp_per_floor":[63,61,61,50,50,5,5,26,26,26,47,38,59,53,53,18,70,70,47,47,47,40,38,38,39,39,10,39,39,39,39,55,54,56,36,36,36,36,32,9,9,25,25,29,45,45,38,50,50,27],"items_purged":["Regret","Defend_G","Regret"],"gold":97,"score":803,"play_id":"8895afcd-8d38-45c0-bd74-b3628b33cb2b","local_time":"20180423100845","is_prod":false,"is_daily":false,"chose_seed":false,"is_ascension_mode":true,"campfire_upgraded":4,"timestamp":1524503325,"path_taken":["M","?","?","?","$","E","M","R","T","$","R","E","R","?","R","BOSS","M","M","$","?","M","E","R","E","T","M","E","R","?","?","R","BOSS","M","?","?","?","M","E","?","R","T","M","R","$","?","E","R","BOSS"],"build_version":"2018-04-19","seed_source_timestamp":0,"purchased_purges":4,"victory":true,"master_deck":["Survivor+1","Neutralize+1","Dagger Spray","Noxious Fumes","Footwork","Backflip","Heel Hook","Escape Plan","Bullet Time+1","Malaise+1","Bite","Bite","Bite","Bite","Bite","Blade Dance","Infinite Blades+1","Adrenaline+1","Dagger Throw","Crippling Poison","Underhanded Strike","Terror","Good Instincts","Backflip","Madness","Madness"],"max_hp_per_floor":[70,70,70,70,70,70,70,70,70,70,70,70,70,70,70,70,70,70,70,70,49,49,56,56,56,56,56,56,56,56,56,56,56,56,56,56,56,56,56,56,56,56,56,56,56,56,56,58,58,58],"relics":["Ring of the Snake","Anchor","War Paint","Vajra","Happy Flower","Black Star","Ninja Scroll","Juzu Bracelet","Strawberry","Blue Candle","Frozen Egg 2","Centennial Puzzle","Ancient Tea Set","Bag of Marbles","Pandora\u0027s Box","Red Mask","Art of War","Pen Nib","Orichalcum","Singing Bowl","Regal Pillow","Tiny Chest"],"card_choices":[{"not_picked":["Predator","Distraction"],"picked":"Dagger Spray","floor":1.0},{"not_picked":["Dagger Spray","Acrobatics"],"picked":"Noxious Fumes","floor":2.0},{"not_picked":["Deflect","Dagger Spray"],"picked":"Heel Hook","floor":7.0},{"not_picked":["Masterful Stab","Blade Dance"],"picked":"Escape Plan","floor":12.0},{"not_picked":["Masterful Stab","Backflip"],"picked":"PiercingWail","floor":14.0},{"not_picked":["Tactician","Phantasmal Killer"],"picked":"Bullet Time","floor":16.0},{"not_picked":["Flying Knee","Endless Agony"],"picked":"Malaise","floor":19.0},{"not_picked":["Poisoned Stab","Escape Plan"],"picked":"Blade Dance","floor":23.0},{"not_picked":["After Image","Venomology"],"picked":"Adrenaline","floor":33.0},{"not_picked":["Panacea","Panache"],"picked":"Good Instincts","floor":37.0},{"not_picked":["Quick Slash","Poisoned Stab"],"picked":"Backflip","floor":39.0}],"player_experience":119883,"potions_floor_usage":[50],"damage_taken":[{"damage":7.0,"enemies":"Cultist","floor":1.0,"turns":6.0},{"damage":2.0,"enemies":"Small Slimes","floor":2.0,"turns":4.0},{"damage":45.0,"enemies":"Gremlin Nob","floor":6.0,"turns":6.0},{"damage":0.0,"enemies":"Jaw Worm","floor":7.0,"turns":5.0},{"damage":21.0,"enemies":"Lagavulin","floor":12.0,"turns":8.0},{"damage":6.0,"enemies":"Lots of Slimes","floor":14.0,"turns":3.0},{"damage":35.0,"enemies":"Slime Boss","floor":16.0,"turns":13.0},{"damage":0.0,"enemies":"Shell Parasite","floor":18.0,"turns":6.0},{"damage":23.0,"enemies":"Spheric Guardian","floor":19.0,"turns":8.0},{"damage":13.0,"enemies":"Snecko","floor":22.0,"turns":7.0},{"damage":33.0,"enemies":"Book of Stabbing","floor":23.0,"turns":11.0},{"damage":11.0,"enemies":"Slavers","floor":25.0,"turns":6.0},{"damage":47.0,"enemies":"Cultist and Chosen","floor":27.0,"turns":8.0},{"damage":2.0,"enemies":"Book of Stabbing","floor":28.0,"turns":6.0},{"damage":20.0,"enemies":"Champ","floor":33.0,"turns":12.0},{"damage":22.0,"enemies":"Orb Walker","floor":35.0,"turns":4.0},{"damage":10.0,"enemies":"3 Darklings","floor":39.0,"turns":5.0},{"damage":31.0,"enemies":"2 Orb Walkers","floor":40.0,"turns":4.0},{"damage":2.0,"enemies":"4 Shapes","floor":44.0,"turns":2.0},{"damage":12.0,"enemies":"Giant Head","floor":48.0,"turns":6.0},{"damage":73,"enemies":"Awakened One","floor":50,"turns":16}],"event_choices":[{"event_name":"Big Fish","player_choice":"Box","floor":3.0,"damage_taken":0.0},{"event_name":"World of Goop","player_choice":"Gather Gold","floor":4.0,"damage_taken":0.0},{"event_name":"Vampires","player_choice":"Became a vampire","floor":21.0,"damage_taken":0.0},{"event_name":"The Lab","player_choice":"Got Potions","floor":30.0,"damage_taken":0.0},{"event_name":"Tomb of Lord Red Mask","player_choice":"Paid","floor":36.0,"damage_taken":0.0},{"event_name":"SensoryStone","player_choice":"Memory 1","floor":37.0,"damage_taken":0.0},{"event_name":"Golden Shrine","player_choice":"Desecrate","floor":41.0,"damage_taken":0.0},{"event_name":"Winding Halls","player_choice":"Embrace Madness","floor":47.0,"damage_taken":0.0}],"boss_relics":[],"potions_floor_spawned":[6,7,12,22,23,25,27,33,44,48],"seed_played":"918716955049536488","ascension_level":1,"is_trial":false}