{"gold_per_floor":[116,116,128,143,17,17,17,51,51,61,93,93,108,120,120,217,217,237,237,18,36,46,72,72,88,141,141],"floor_reached":27,"playtime":1647,"items_purged":["Strike_G","Strike_G"],"score":380,"play_id":"1072f51b-3feb-4e64-90ed-2f903b518bb3","local_time":"20190208140544","is_ascension_mode":true,"campfire_choices":[{"data":"Envenom","floor":6,"key":"SMITH"},{"floor":12,"key":"REST"},{"floor":15,"key":"REST"},{"floor":24,"key":"REST"}],"neow_cost":"CURSE","seed_source_timestamp":1862686014949643,"circlet_count":0,"master_deck":["AscendersBane","Defend_G","Defend_G","Defend_G","Defend_G","Defend_G","Survivor","Neutralize","Choke","Envenom+1","Blade Dance","Backflip","Predator","Predator","Escape Plan","Poisoned Stab","Dagger Spray","Footwork","Sucker Punch","PiercingWail","Wraith Form v2","Well Laid Plans+1","Setup","Footwork","Dodge and Roll","Crippling Poison+1","Leg Sweep","Poisoned Stab","Night Terror"],"relics":["Ring of the Snake","Ice Cream","Dodecahedron","Dream Catcher","Runic Dome","Regal Pillow","Smiling Mask"],"potions_floor_usage":[8,10,11,16,23,23],"damage_taken":[{"damage":1,"enemies":"Jaw Worm","floor":1,"turns":4},{"damage":11,"enemies":"Cultist","floor":3,"turns":4},{"damage":1,"enemies":"2 Louse","floor":4,"turns":3},{"damage":20,"enemies":"Lagavulin","floor":8,"turns":5},{"damage":12,"enemies":"Exordium Thugs","floor":10,"turns":6},{"damage":19,"enemies":"3 Sentries","floor":11,"turns":9},{"damage":15,"enemies":"Lots of Slimes","floor":13,"turns":5},{"damage":0,"enemies":"Blue Slaver","floor":14,"turns":6},{"damage":25,"enemies":"Hexaghost","floor":16,"turns":10},{"damage":6,"enemies":"Chosen","floor":18,"turns":5},{"damage":14,"enemies":"3 Byrds","floor":21,"turns":5},{"damage":10,"enemies":"Snecko","floor":22,"turns":6},{"damage":3,"enemies":"Book of Stabbing","floor":23,"turns":6},{"damage":36,"enemies":"Snake Plant","floor":25,"turns":5},{"damage":26,"enemies":"Slavers","floor":27,"turns":4}],"seed_played":"-273122209725171971","potions_obtained":[{"floor":1,"key":"Fruit Juice"},{"floor":10,"key":"Explosive Potion"},{"floor":13,"key":"Swift Potion"},{"floor":22,"key":"PowerPotion"},{"floor":25,"key":"Fire Potion"}],"is_trial":false,"path_per_floor":["M","?","M","M","$","R","$","E","T","M","E","R","M","M","R","B",null,"M","?","$","M","M","E","R","M","T","E"],"character_chosen":"THE_SILENT","items_purchased":["Strength Potion","Footwork","Explosive Potion"],"campfire_rested":3,"item_purchase_floors":[5,20,20],"current_hp_per_floor":[62,62,51,50,50,50,50,30,30,23,4,26,11,11,33,8,58,52,52,52,38,28,25,62,26,26,0],"gold":141,"neow_bonus":"TRANSFORM_TWO_CARDS","is_prod":false,"is_daily":false,"chose_seed":false,"campfire_upgraded":1,"win_rate":0,"timestamp":1549652744,"path_taken":["M","?","M","M","$","R","?","E","T","?","E","R","?","M","R","BOSS","M","?","?","?","M","E","R","M","T","E"],"build_version":"2019-01-23","purchased_purges":2,"victory":false,"max_hp_per_floor":[70,70,70,70,70,70,70,70,70,75,75,75,75,75,75,75,75,75,75,75,75,75,75,75,75,75,75],"card_choices":[{"not_picked":["Slice","PiercingWail"],"picked":"Blade Dance","floor":1},{"not_picked":["Quick Slash","Calculated Gamble"],"picked":"Backflip","floor":3},{"not_picked":["Bane","Prepared"],"picked":"Predator","floor":4},{"not_picked":["Blade Dance","Flying Knee"],"picked":"Predator","floor":8},{"not_picked":["Catalyst","Bane"],"picked":"Escape Plan","floor":10},{"not_picked":["Skewer","Acrobatics"],"picked":"Poisoned Stab","floor":11},{"not_picked":["Dagger Throw","Quick Slash"],"picked":"Dagger Spray","floor":12},{"not_picked":["Backflip","Choke"],"picked":"Footwork","floor":13},{"not_picked":["Calculated Gamble","Quick Slash"],"picked":"Sucker Punch","floor":14},{"not_picked":["Dagger Spray","Leg Sweep"],"picked":"PiercingWail","floor":15},{"not_picked":["Corpse Explosion","Doppelganger"],"picked":"Wraith Form v2","floor":16},{"not_picked":["Deadly Poison","Finisher"],"picked":"Well Laid Plans+1","floor":18},{"not_picked":["Dagger Spray+1","All Out Attack"],"picked":"Dodge and Roll","floor":21},{"not_picked":["Accuracy","Burst"],"picked":"Crippling Poison+1","floor":22},{"not_picked":["Prepared+1","Backflip+1"],"picked":"Leg Sweep","floor":23},{"not_picked":["Flying Knee","Deadly Poison"],"picked":"Poisoned Stab","floor":24},{"not_picked":["Endless Agony","Outmaneuver"],"picked":"Night Terror","floor":25}],"player_experience":705373,"relics_obtained":[{"floor":8,"key":"Ice Cream"},{"floor":9,"key":"Dodecahedron"},{"floor":11,"key":"Dream Catcher"},{"floor":23,"key":"Regal Pillow"},{"floor":26,"key":"Smiling Mask"}],"event_choices":[{"cards_removed":["Injury"],"damage_healed":0,"gold_gain":0,"player_choice":"Purged","damage_taken":0,"max_hp_gain":0,"max_hp_loss":0,"event_name":"Purifier","floor":2,"gold_loss":0},{"damage_healed":0,"gold_gain":0,"cards_transformed":["Strike_G"],"player_choice":"Transformed","damage_taken":0,"max_hp_gain":0,"max_hp_loss":0,"event_name":"Transmorgrifier","floor":19,"gold_loss":0,"cards_obtained":["Setup"]}],"is_beta":false,"boss_relics":[{"not_picked":["Velvet Choker","Black Star"],"picked":"Runic Dome"}],"items_purged_floors":[5,20],"is_endless":false,"potions_floor_spawned":[1,10,13,22,25],"killed_by":"Slavers","ascension_level":11}