{"gold_per_floor":[144,67,100,138,108,108,136,186,239,279,354,354,63,111,111,351,351,401,401,401,341],"floor_reached":21,"playtime":1516,"items_purged":["Bash"],"score":171,"play_id":"0a63c7c8-bfaa-4775-9615-18fe2bc06d28","local_time":"20181016234724","daily_mods":["Heirloom","Blue Cards","MonsterHunter"],"is_ascension_mode":false,"campfire_choices":[{"data":"Heavy Blade","floor":6,"key":"SMITH"},{"floor":12,"key":"REST"},{"floor":15,"key":"REST"}],"neow_cost":"","seed_source_timestamp":0,"circlet_count":0,"master_deck":["Strike_R","Strike_R","Strike_R","Strike_R","Strike_R","Defend_R","Defend_R","Defend_R","Defend_R","Inflame","Capacitor","Heavy Blade+1","Reinforced Body","Force Field","Whirlwind","Doom and Gloom","Entrench","Metallicize","Storm","White Noise","Fission","Buffer","Fusion"],"relics":["Burning Blood","StoneCalendar","Dream Catcher","Vajra","Snecko Eye","Singing Bowl"],"potions_floor_usage":[16,16,21],"damage_taken":[{"damage":17,"enemies":"Cultist","floor":1,"turns":5},{"damage":11,"enemies":"Jaw Worm","floor":3,"turns":5},{"damage":12,"enemies":"2 Louse","floor":4,"turns":3},{"damage":10,"enemies":"Looter","floor":5,"turns":4},{"damage":12,"enemies":"Blue Slaver","floor":7,"turns":7},{"damage":16,"enemies":"3 Louse","floor":8,"turns":3},{"damage":21,"enemies":"Large Slime","floor":10,"turns":7},{"damage":33,"enemies":"Exordium Thugs","floor":14,"turns":6},{"damage":18,"enemies":"The Guardian","floor":16,"turns":14},{"damage":6,"enemies":"Spheric Guardian","floor":18,"turns":5},{"damage":40,"enemies":"2 Thieves","floor":21,"turns":3}],"seed_played":"2847707767506316524","potions_obtained":[{"floor":3,"key":"Poison Potion"},{"floor":8,"key":"Strength Potion"},{"floor":14,"key":"Explosive Potion"},{"floor":16,"key":"Dexterity Potion"}],"is_trial":true,"path_per_floor":["M","$","M","M","M","R","M","M","T","M","?","R","$","M","R","B",null,"M","?","?"],"character_chosen":"IRONCLAD","items_purchased":["Capacitor","Vajra","Storm"],"campfire_rested":2,"item_purchase_floors":[2,13,13],"current_hp_per_floor":[69,69,64,58,54,54,48,38,38,23,12,36,36,9,33,21,80,80,80,80,40],"gold":341,"neow_bonus":"","is_prod":false,"is_daily":false,"chose_seed":false,"campfire_upgraded":1,"win_rate":0,"timestamp":1539748044,"path_taken":["M","$","M","M","M","R","M","M","T","M","?","R","$","?","R","BOSS","M","?","?","?"],"build_version":"2018-10-11","purchased_purges":1,"victory":false,"max_hp_per_floor":[80,80,80,80,80,80,80,80,80,80,80,80,80,80,80,80,80,80,80,80,80],"card_choices":[{"not_picked":["Streamline","Force Field"],"picked":"Inflame","floor":1},{"not_picked":["Recycle","Double Energy"],"picked":"Heavy Blade","floor":3},{"not_picked":["Compile Driver","Feel No Pain"],"picked":"Reinforced Body","floor":4},{"not_picked":["Clothesline","Armaments"],"picked":"Force Field","floor":5},{"not_picked":["Perfected Strike","Streamline"],"picked":"Whirlwind","floor":7},{"not_picked":["Glacier","Corruption"],"picked":"Doom and Gloom","floor":8},{"not_picked":["Sweeping Beam","Carnage"],"picked":"Entrench","floor":10},{"not_picked":["Ball Lightning","Redo"],"picked":"Metallicize","floor":12},{"not_picked":["Auto Shields","Double Energy"],"picked":"White Noise","floor":14},{"not_picked":["Flex","Leap"],"picked":"Fission","floor":15},{"not_picked":["Exhume","Fiend Fire"],"picked":"Buffer","floor":16},{"not_picked":["Body Slam+1","Power Through+1"],"picked":"Fusion","floor":18}],"player_experience":163550,"relics_obtained":[{"floor":9,"key":"Dream Catcher"}],"event_choices":[{"event_name":"World of Goop","player_choice":"Gather Gold","floor":11,"damage_taken":0},{"event_name":"The Mausoleum","player_choice":"Yes","floor":19,"damage_taken":0},{"event_name":"Fountain of Cleansing","player_choice":"Removed Curse","floor":20,"damage_taken":0}],"is_beta":false,"boss_relics":[{"not_picked":["Runic Cube","Mark of Pain"],"picked":"Snecko Eye"}],"items_purged_floors":[13],"is_endless":false,"potions_floor_spawned":[3,8,14,16],"killed_by":"2 Thieves","ascension_level":0}