{"gold_per_floor":[112,127,144,158,169,200,200,227,227,227,238,252,269,289,289,389,389,399,399,34,47,47,47,47],"floor_reached":24,"playtime":1419,"items_purged":["Storm"],"score":223,"play_id":"2dfcbac0-c717-445c-8516-f62386a5eff1","local_time":"20190105154057","is_ascension_mode":true,"campfire_choices":[{"data":"Dualcast","floor":7,"key":"SMITH"},{"floor":15,"key":"REST"},{"data":"Genetic Algorithm","floor":23,"key":"SMITH"}],"neow_cost":"NONE","seed_source_timestamp":17184528833107,"circlet_count":0,"master_deck":["Zap","Dualcast+1","Blind","Barrage","Cold Snap","Auto Shields","Hologram","Steam","Coolheaded","Capacitor","Redo","Consume","Rebound","Machine Learning","Seek","Static Discharge","Conserve Battery","Turbo","Fusion","Rebound","Echo Form","Chaos","Redo","Skim+1","Genetic Algorithm+1"],"relics":["Cracked Core","Shovel","Potion Belt","Cables","CultistMask","Nloth\u0027s Gift","Calipers"],"potions_floor_usage":[6,6,16,24],"damage_taken":[{"damage":0,"enemies":"Cultist","floor":1,"turns":4},{"damage":1,"enemies":"Jaw Worm","floor":2,"turns":3},{"damage":0,"enemies":"2 Louse","floor":3,"turns":2},{"damage":38,"enemies":"Exordium Thugs","floor":4,"turns":7},{"damage":4,"enemies":"Looter","floor":5,"turns":4},{"damage":13,"enemies":"Lagavulin","floor":6,"turns":8},{"damage":13,"enemies":"3 Sentries","floor":8,"turns":9},{"damage":0,"enemies":"3 Louse","floor":11,"turns":5},{"damage":0,"enemies":"Gremlin Gang","floor":12,"turns":6},{"damage":6,"enemies":"2 Fungi Beasts","floor":13,"turns":3},{"damage":0,"enemies":"Red Slaver","floor":14,"turns":2},{"damage":8,"enemies":"The Guardian","floor":16,"turns":12},{"damage":18,"enemies":"Shell Parasite","floor":18,"turns":8},{"damage":29,"enemies":"2 Thieves","floor":21,"turns":5},{"damage":41,"enemies":"Sentry and Sphere","floor":24,"turns":5}],"seed_played":"-6640416136051087351","potions_obtained":[{"floor":1,"key":"Regen Potion"},{"floor":3,"key":"EssenceOfSteel"},{"floor":4,"key":"FocusPotion"},{"floor":11,"key":"FearPotion"},{"floor":13,"key":"PowerPotion"},{"floor":14,"key":"LiquidBronze"},{"floor":18,"key":"Regen Potion"}],"is_trial":false,"path_per_floor":["M","M","M","M","M","E","R","E","T","?","M","M","M","M","R","B",null,"M","?","$","M","?","R","M"],"character_chosen":"DEFECT","items_purchased":["Calipers"],"campfire_rested":1,"item_purchase_floors":[20],"current_hp_per_floor":[75,74,74,36,32,34,34,21,21,21,21,21,15,15,37,29,75,57,57,57,28,28,28,0],"gold":47,"neow_bonus":"RANDOM_COLORLESS","is_prod":false,"is_daily":false,"chose_seed":false,"campfire_upgraded":2,"win_rate":0,"timestamp":1546670457,"path_taken":["M","M","M","?","M","E","R","E","T","?","M","M","M","?","R","BOSS","M","?","?","M","?","R","M"],"build_version":"2019-01-03v4","purchased_purges":1,"victory":false,"max_hp_per_floor":[75,75,75,75,75,75,75,75,75,75,75,75,75,75,75,75,75,75,75,75,75,75,75,75],"card_choices":[{"not_picked":["Turbo","Beam Cell"],"picked":"Barrage","floor":1},{"not_picked":["Stack","Coolheaded"],"picked":"Cold Snap","floor":2},{"not_picked":["Steam","Cold Snap"],"picked":"Auto Shields","floor":3},{"not_picked":["Barrage","Hello World"],"picked":"Hologram","floor":4},{"not_picked":["Barrage","Ball Lightning"],"picked":"Steam","floor":5},{"not_picked":["Hologram","Stack"],"picked":"Coolheaded","floor":6},{"not_picked":["Reboot","Hologram"],"picked":"Capacitor","floor":8},{"not_picked":["Go for the Eyes","Blizzard"],"picked":"Redo","floor":11},{"not_picked":["Sweeping Beam","Compile Driver"],"picked":"Consume","floor":12},{"not_picked":["Hologram","Ball Lightning"],"picked":"Rebound","floor":13},{"not_picked":["Go for the Eyes","Rip and Tear"],"picked":"Machine Learning","floor":14},{"not_picked":["Creative AI","Buffer"],"picked":"Seek","floor":16},{"not_picked":["Auto Shields","Static Discharge"],"picked":"Redo","floor":18},{"not_picked":["Stack","Machine Learning"],"picked":"Skim+1","floor":21}],"player_experience":112715,"relics_obtained":[{"floor":6,"key":"Shovel"},{"floor":8,"key":"Potion Belt"},{"floor":9,"key":"Cables"}],"event_choices":[{"damage_healed":0,"gold_gain":0,"player_choice":"Trade","damage_taken":0,"relics_obtained":["CultistMask"],"max_hp_gain":0,"max_hp_loss":0,"event_name":"FaceTrader","floor":10,"gold_loss":0},{"damage_healed":0,"gold_gain":0,"player_choice":"Traded Relic","damage_taken":0,"relics_obtained":["Nloth\u0027s Gift"],"max_hp_gain":0,"max_hp_loss":0,"event_name":"N\u0027loth","floor":19,"relics_lost":["Pandora\u0027s Box"],"gold_loss":0},{"damage_healed":0,"gold_gain":0,"player_choice":"Read","damage_taken":0,"max_hp_gain":0,"max_hp_loss":0,"event_name":"The Library","floor":22,"gold_loss":0,"cards_obtained":["Genetic Algorithm"]}],"is_beta":false,"boss_relics":[{"not_picked":["Busted Crown","Cursed Key"],"picked":"Pandora\u0027s Box"}],"items_purged_floors":[20],"is_endless":false,"potions_floor_spawned":[1,3,4,11,13,14,18],"killed_by":"Sentry and Sphere","ascension_level":1}