{"gold_per_floor":[366,379,63,138,150,150,183,183,231,181,181,181,43,63,63,63],"floor_reached":16,"playtime":797,"items_purged":["Doubt","Strike_G"],"score":152,"play_id":"cb11f5f0-630e-40af-ace7-427579bf83fb","local_time":"20190213180810","is_ascension_mode":true,"campfire_choices":[{"data":"Neutralize","floor":6,"key":"SMITH"},{"floor":8,"key":"REST"},{"data":"Leg Sweep","floor":12,"key":"SMITH"},{"data":"Well Laid Plans","floor":15,"key":"SMITH"}],"neow_cost":"CURSE","seed_source_timestamp":2310150838604857,"circlet_count":0,"master_deck":["AscendersBane","Defend_G","Defend_G","Defend_G","Defend_G","Defend_G","Strike_G","Strike_G","Survivor","Neutralize+1","Choke","Dagger Throw","Well Laid Plans","Dagger Spray","Leg Sweep+1","Well Laid Plans+1","Catalyst"],"relics":["Ring of the Snake","MealTicket","Art of War","Regal Pillow"],"potions_floor_usage":[16,16],"damage_taken":[{"damage":9,"enemies":"Small Slimes","floor":1,"turns":6},{"damage":0,"enemies":"2 Louse","floor":2,"turns":2},{"damage":1,"enemies":"Jaw Worm","floor":5,"turns":4},{"damage":27,"enemies":"Lagavulin","floor":7,"turns":11},{"damage":0,"enemies":"Large Slime","floor":14,"turns":7},{"damage":45,"enemies":"Slime Boss","floor":16,"turns":12}],"seed_played":"-8936822684981280154","potions_obtained":[{"floor":5,"key":"Weak Potion"},{"floor":7,"key":"EssenceOfSteel"}],"is_trial":false,"path_per_floor":["M","M","$","?","M","R","E","R","T","?","?","R","$","M","R","B"],"character_chosen":"THE_SILENT","items_purchased":["Well Laid Plans","MealTicket","Well Laid Plans"],"campfire_rested":1,"item_purchase_floors":[3,3,13],"current_hp_per_floor":[54,54,54,43,42,42,15,36,36,36,29,29,44,44,44,0],"gold":63,"neow_bonus":"TWO_FIFTY_GOLD","is_prod":false,"is_daily":false,"chose_seed":false,"campfire_upgraded":3,"win_rate":0,"timestamp":1550099290,"path_taken":["M","M","$","?","M","R","E","R","T","?","?","R","$","?","R","BOSS"],"build_version":"2019-01-23","purchased_purges":2,"victory":false,"max_hp_per_floor":[70,70,70,70,70,70,70,70,70,70,70,70,70,70,70,70],"card_choices":[{"not_picked":["Outmaneuver","Calculated Gamble"],"picked":"Choke","floor":1},{"not_picked":["Finisher","Expertise"],"picked":"Dagger Throw","floor":2},{"not_picked":["Dagger Throw","Leg Sweep"],"picked":"Dagger Spray","floor":5},{"not_picked":["Bouncing Flask","Blur"],"picked":"Leg Sweep","floor":7},{"not_picked":["Flying Knee","Distraction"],"picked":"Catalyst","floor":14}],"player_experience":758100,"relics_obtained":[{"floor":7,"key":"Art of War"},{"floor":9,"key":"Regal Pillow"}],"event_choices":[{"damage_healed":0,"gold_gain":75,"player_choice":"Gather Gold","damage_taken":11,"max_hp_gain":0,"max_hp_loss":0,"event_name":"World of Goop","floor":4,"gold_loss":0},{"cards_removed":["Strike_G"],"damage_healed":0,"gold_gain":0,"player_choice":"Card Removal","damage_taken":0,"max_hp_gain":0,"max_hp_loss":0,"event_name":"The Cleric","floor":10,"gold_loss":50},{"cards_removed":["Strike_G"],"damage_healed":0,"gold_gain":0,"player_choice":"Card Removal","damage_taken":7,"max_hp_gain":0,"max_hp_loss":0,"event_name":"Golden Wing","floor":11,"gold_loss":0}],"is_beta":false,"boss_relics":[],"items_purged_floors":[3,13],"is_endless":false,"potions_floor_spawned":[5,7],"killed_by":"Slime Boss","ascension_level":11}