{"gold_per_floor":[116,291,36,36,36,36,75,75,75,75,6,20,40,54,54,182,182,200,125,138,156,156,156,169,169,196,196],"floor_reached":27,"playtime":1303,"items_purged":["Regret"],"score":354,"play_id":"83d4f95b-c0fb-4d17-801b-494435f1f7b7","local_time":"20190215234518","is_ascension_mode":true,"campfire_choices":[{"data":"Zap","floor":6,"key":"SMITH"},{"data":"Dualcast","floor":8,"key":"SMITH"},{"data":"Defragment","floor":15,"key":"SMITH"},{"data":"Self Repair","floor":23,"key":"SMITH"}],"neow_cost":"NONE","seed_source_timestamp":185710369792802,"circlet_count":0,"master_deck":["AscendersBane","Strike_B","Strike_B+1","Defend_B","Defend_B","Defend_B","Defend_B","Zap+1","Dualcast+1","Conserve Battery","Coolheaded","Defragment+1","Glacier","Self Repair+1","Chill","Echo Form","Shame","Parasite","Capacitor","Go for the Eyes+1","Storm","Melter+1"],"relics":["Cracked Core","NeowsBlessing","Kunai","Golden Idol","Sundial","Matryoshka","Question Card","Pantograph","Calling Bell","PreservedInsect","Dodecahedron","Unceasing Top","Whetstone","Juzu Bracelet"],"potions_floor_usage":[16,20,21,24],"damage_taken":[{"damage":0,"enemies":"Jaw Worm","floor":1,"turns":1},{"damage":0,"enemies":"Gremlin Nob","floor":7,"turns":1},{"damage":0,"enemies":"2 Louse","floor":12,"turns":1},{"damage":1,"enemies":"Small Slimes","floor":13,"turns":4},{"damage":17,"enemies":"Looter","floor":14,"turns":4},{"damage":22,"enemies":"The Guardian","floor":16,"turns":16},{"damage":23,"enemies":"Chosen","floor":18,"turns":9},{"damage":24,"enemies":"Spheric Guardian","floor":20,"turns":8},{"damage":26,"enemies":"Snake Plant","floor":21,"turns":7},{"damage":13,"enemies":"Shelled Parasite and Fungi","floor":24,"turns":14},{"damage":37,"enemies":"Cultist and Chosen","floor":27,"turns":4}],"seed_played":"-7257534028892669485","potions_obtained":[{"floor":7,"key":"PowerPotion"},{"floor":14,"key":"SpeedPotion"},{"floor":16,"key":"Regen Potion"},{"floor":18,"key":"EssenceOfSteel"},{"floor":21,"key":"SpeedPotion"}],"is_trial":false,"path_per_floor":["M","?","$","?","T","R","E","R","T","?","$","M","M","M","R","B",null,"M","$","M","M","?","R","M","?","T","M"],"character_chosen":"DEFECT","items_purchased":["Kunai","Defragment"],"campfire_rested":0,"item_purchase_floors":[3,11],"current_hp_per_floor":[68,68,68,50,50,50,50,50,50,43,43,43,42,32,32,42,67,51,51,41,37,37,37,34,34,34,0],"gold":196,"neow_bonus":"THREE_ENEMY_KILL","is_prod":false,"is_daily":false,"chose_seed":false,"campfire_upgraded":4,"win_rate":0,"timestamp":1550303118,"path_taken":["M","?","$","?","?","R","E","R","T","?","?","M","M","M","R","BOSS","M","$","?","M","?","R","M","?","T","M"],"build_version":"2019-01-23","purchased_purges":1,"victory":false,"max_hp_per_floor":[75,75,75,75,75,75,75,75,75,75,75,75,75,75,75,75,75,75,75,75,75,75,75,75,75,75,75],"card_choices":[{"not_picked":["Beam Cell","Redo"],"picked":"Conserve Battery","floor":1},{"not_picked":["Ball Lightning","Redo"],"picked":"Coolheaded","floor":7},{"not_picked":["Steam","Turbo","Reprogram"],"picked":"Glacier","floor":12},{"not_picked":["Ball Lightning","White Noise","Steam"],"picked":"Self Repair","floor":13},{"not_picked":["Rebound","Scrape","Melter"],"picked":"Chill","floor":14},{"not_picked":["Multi-Cast","Core Surge","Meteor Strike"],"picked":"Echo Form","floor":16},{"not_picked":["Scrape","Sunder","Hologram"],"picked":"Capacitor","floor":18},{"not_picked":["Sweeping Beam","BootSequence","Ball Lightning"],"picked":"Go for the Eyes+1","floor":20},{"not_picked":["Compile Driver","Go for the Eyes","Self Repair","Turbo"],"picked":"SKIP","floor":21},{"not_picked":["Compile Driver","Steam+1","Static Discharge","Sweeping Beam"],"picked":"SKIP","floor":24}],"player_experience":389355,"relics_obtained":[{"floor":5,"key":"Sundial"},{"floor":7,"key":"Matryoshka"},{"floor":9,"key":"Question Card"},{"floor":9,"key":"Pantograph"},{"floor":17,"key":"PreservedInsect"},{"floor":17,"key":"Dodecahedron"},{"floor":17,"key":"Unceasing Top"},{"floor":26,"key":"Whetstone"},{"floor":26,"key":"Juzu Bracelet"}],"event_choices":[{"damage_healed":0,"gold_gain":175,"player_choice":"AGREE","damage_taken":0,"max_hp_gain":0,"max_hp_loss":0,"event_name":"Liars Game","floor":2,"gold_loss":0,"cards_obtained":["Doubt"]},{"damage_healed":0,"gold_gain":0,"player_choice":"Take Damage","damage_taken":18,"relics_obtained":["Golden Idol"],"max_hp_gain":0,"max_hp_loss":0,"event_name":"Golden Idol","floor":4,"gold_loss":0},{"cards_removed":["Doubt"],"damage_healed":0,"gold_gain":0,"player_choice":"Card Removal","damage_taken":7,"max_hp_gain":0,"max_hp_loss":0,"event_name":"Golden Wing","floor":10,"gold_loss":0},{"damage_healed":0,"gold_gain":0,"player_choice":"Ignored","damage_taken":0,"max_hp_gain":0,"max_hp_loss":0,"event_name":"Cursed Tome","floor":22,"gold_loss":0},{"damage_healed":0,"gold_gain":0,"cards_transformed":["Strike_B","Strike_B"],"player_choice":"Became Test Subject","damage_taken":0,"max_hp_gain":0,"max_hp_loss":0,"event_name":"Drug Dealer","floor":25,"gold_loss":0,"cards_obtained":["Storm","Melter"]}],"is_beta":false,"boss_relics":[{"not_picked":["Nuclear Battery","Lizard Tail"],"picked":"Calling Bell"}],"items_purged_floors":[19],"is_endless":false,"potions_floor_spawned":[7,14,16,18,21],"killed_by":"Cultist and Chosen","ascension_level":10}