{"gold_per_floor":[110,121,140,158,158,158,185,195,195,195,195,213,388,388,388,388],"floor_reached":16,"playtime":651,"items_purged":[],"score":117,"play_id":"a062d3ea-5ff8-4ae7-aa74-7ca9fe5885ab","local_time":"20181020091415","is_ascension_mode":true,"campfire_choices":[{"data":"Fire Breathing","floor":6,"key":"SMITH"},{"data":"Rupture","floor":11,"key":"SMITH"},{"data":"Metallicize","floor":15,"key":"SMITH"}],"neow_cost":"NONE","seed_source_timestamp":0,"circlet_count":0,"master_deck":["Strike_R","Strike_R","Strike_R","Strike_R","Strike_R","Defend_R","Defend_R","Defend_R","Defend_R","Bash","Blood for Blood","Fire Breathing+1","Immolate","Seeing Red","Rupture+1","Metallicize+1","Evolve","Pain"],"special_seed":0,"relics":["Burning Blood","Omamori","Regal Pillow","Orichalcum","WarpedTongs"],"potions_floor_usage":[7,16],"damage_taken":[{"damage":6,"enemies":"Cultist","floor":1,"turns":3},{"damage":8,"enemies":"2 Louse","floor":2,"turns":3},{"damage":14,"enemies":"Jaw Worm","floor":3,"turns":3},{"damage":38,"enemies":"Large Slime","floor":4,"turns":4},{"damage":21,"enemies":"3 Sentries","floor":7,"turns":4},{"damage":11,"enemies":"Looter","floor":8,"turns":2},{"damage":15,"enemies":"2 Fungi Beasts","floor":12,"turns":3},{"damage":24,"enemies":"Slime Boss","floor":16,"turns":3}],"seed_played":"-2516345578793544758","potions_obtained":[{"floor":2,"key":"Strength Potion"},{"floor":4,"key":"PowerPotion"}],"is_trial":false,"path_per_floor":["M","M","M","M","?","R","E","M","T","?","R","M","?","?","R"],"character_chosen":"IRONCLAD","items_purchased":[],"campfire_rested":0,"item_purchase_floors":[],"current_hp_per_floor":[88,86,78,46,46,46,31,26,26,26,26,17,17,17,17,0],"gold":388,"neow_bonus":"TEN_PERCENT_HP_BONUS","is_prod":false,"is_daily":false,"chose_seed":false,"campfire_upgraded":3,"win_rate":0,"timestamp":1540041255,"path_taken":["M","M","M","M","?","R","E","M","T","?","R","M","?","?","R","BOSS"],"build_version":"2018-10-18","purchased_purges":0,"victory":false,"max_hp_per_floor":[88,88,88,88,88,88,88,88,88,88,88,88,88,88,88,88],"card_choices":[{"not_picked":["Wild Strike","Shrug It Off"],"picked":"Blood for Blood","floor":1},{"not_picked":["Pommel Strike","Body Slam"],"picked":"Fire Breathing","floor":2},{"not_picked":["Headbutt","Anger"],"picked":"Immolate","floor":3},{"not_picked":["Iron Wave","Twin Strike"],"picked":"Seeing Red","floor":4},{"not_picked":["Ghostly Armor","Clothesline"],"picked":"Rupture","floor":7},{"not_picked":["Reckless Charge","Perfected Strike"],"picked":"Metallicize","floor":8},{"not_picked":["Flex","Clash"],"picked":"Evolve","floor":12}],"player_experience":194185,"relics_obtained":[{"floor":7,"key":"Regal Pillow"},{"floor":9,"key":"Orichalcum"}],"event_choices":[{"damage_healed":0,"gold_gain":0,"player_choice":"Box","damage_taken":0,"relics_obtained":["Omamori"],"max_hp_gain":0,"max_hp_loss":0,"event_name":"Big Fish","floor":5,"gold_loss":0,"cards_obtained":["Regret"]},{"damage_healed":0,"gold_gain":0,"cards_transformed":["Regret"],"player_choice":"Transformed","damage_taken":0,"max_hp_gain":0,"max_hp_loss":0,"event_name":"Transmorgrifier","floor":10,"gold_loss":0,"cards_obtained":["Shame"]},{"damage_healed":0,"gold_gain":175,"player_choice":"AGREE","damage_taken":0,"max_hp_gain":0,"max_hp_loss":0,"event_name":"Liars Game","floor":13,"gold_loss":0,"cards_obtained":["Doubt"]},{"damage_healed":0,"gold_gain":0,"player_choice":"Rummage","damage_taken":0,"relics_obtained":["WarpedTongs"],"max_hp_gain":0,"max_hp_loss":0,"event_name":"Accursed Blacksmith","floor":14,"gold_loss":0,"cards_obtained":["Pain"]}],"is_beta":false,"boss_relics":[],"items_purged_floors":[],"is_endless":false,"potions_floor_spawned":[2,4],"killed_by":"Slime Boss","ascension_level":3}