{"gold_per_floor":[110,35,55,70,89,89,103,103,103,131,131,131,131,159,159,260,260,272,292,303,316,335,335,350,350,350,361,361,361,375,395,395,491,541,557,577,592,592,692,692,692,711,711,711,728,743,756,782,782,782],"floor_reached":50,"playtime":2532,"items_purged":["Strike_R"],"score":646,"play_id":"aae06f17-0c67-4bc3-a6ef-e8b8b2ccfb6e","local_time":"20190113001733","is_ascension_mode":true,"campfire_choices":[{"data":"Searing Blow","floor":6.0,"key":"SMITH"},{"data":"Searing Blow+1","floor":8.0,"key":"SMITH"},{"data":"Searing Blow+2","floor":13.0,"key":"SMITH"},{"data":"Searing Blow+3","floor":15.0,"key":"SMITH"},{"data":"Searing Blow+4","floor":23.0,"key":"SMITH"},{"data":"Searing Blow+5","floor":25.0,"key":"SMITH"},{"data":"Searing Blow+6","floor":32.0,"key":"SMITH"},{"data":"Searing Blow+7","floor":40.0,"key":"SMITH"},{"data":"Searing Blow+8","floor":44.0,"key":"SMITH"},{"floor":49.0,"key":"REST"}],"neow_cost":"NONE","seed_source_timestamp":54207193659762,"circlet_count":0,"master_deck":["Strike_R","Strike_R","Defend_R","Defend_R+1","Defend_R","Defend_R","Bash","Whirlwind","Searing Blow+9","Battle Trance","Seeing Red","Impervious","Infernal Blade","Brutality","True Grit+1","Metallicize+1","Barricade+1","Burning Pact","Impervious"],"special_seed":0,"relics":["Burning Blood","Thread and Needle","Pantograph","Ice Cream","Nunchaku","Sozu","Frozen Egg 2","Tiny House","Gambling Chip","Dodecahedron","Calipers"],"potions_floor_usage":[],"damage_taken":[{"damage":6.0,"enemies":"Cultist","floor":1.0,"turns":3.0},{"damage":0.0,"enemies":"2 Louse","floor":3.0,"turns":1.0},{"damage":0.0,"enemies":"Small Slimes","floor":4.0,"turns":3.0},{"damage":19.0,"enemies":"Blue Slaver","floor":5.0,"turns":4.0},{"damage":8.0,"enemies":"2 Fungi Beasts","floor":7.0,"turns":3.0},{"damage":6.0,"enemies":"Gremlin Nob","floor":10.0,"turns":3.0},{"damage":11.0,"enemies":"Lagavulin","floor":14.0,"turns":5.0},{"damage":38.0,"enemies":"The Guardian","floor":16.0,"turns":12.0},{"damage":15.0,"enemies":"2 Thieves","floor":18.0,"turns":3.0},{"damage":0.0,"enemies":"3 Byrds","floor":19.0,"turns":4.0},{"damage":9.0,"enemies":"Snecko","floor":20.0,"turns":4.0},{"damage":5.0,"enemies":"Cultist and Chosen","floor":21.0,"turns":5.0},{"damage":0.0,"enemies":"Snake Plant","floor":22.0,"turns":2.0},{"damage":5.0,"enemies":"3 Cultists","floor":24.0,"turns":4.0},{"damage":26.0,"enemies":"Cultist and Chosen","floor":27.0,"turns":4.0},{"damage":2.0,"enemies":"Colosseum Slavers","floor":29.0,"turns":3.0},{"damage":3.0,"enemies":"Centurion and Healer","floor":30.0,"turns":4.0},{"damage":3.0,"enemies":"Snecko","floor":31.0,"turns":4.0},{"damage":70.0,"enemies":"Automaton","floor":33.0,"turns":9.0},{"damage":7.0,"enemies":"3 Shapes","floor":35.0,"turns":65.0},{"damage":18.0,"enemies":"3 Darklings","floor":36.0,"turns":7.0},{"damage":5.0,"enemies":"4 Shapes","floor":37.0,"turns":6.0},{"damage":0.0,"enemies":"Mind Bloom Boss Battle","floor":39.0,"turns":7.0},{"damage":0.0,"enemies":"Sphere and 2 Shapes","floor":42.0,"turns":6.0},{"damage":5.0,"enemies":"Spire Growth","floor":45.0,"turns":4.0},{"damage":2.0,"enemies":"Jaw Worm Horde","floor":46.0,"turns":6.0},{"damage":24.0,"enemies":"4 Shapes","floor":47.0,"turns":8.0},{"damage":51.0,"enemies":"Giant Head","floor":48.0,"turns":9.0},{"damage":84,"enemies":"Awakened One","floor":50,"turns":14}],"seed_played":"-182764310849003936","potions_obtained":[{"floor":1.0,"key":"Poison Potion"}],"is_trial":false,"path_per_floor":["M","$","M","M","M","R","M","R","T","E","?","?","R","E","R","B",null,"M","M","M","M","M","R","M","R","T","M","?","?","M","M","R","B",null,"M","M","M","?","?","R","?","M","T","R","M","M","M","E","R","B"],"character_chosen":"IRONCLAD","items_purchased":[],"campfire_rested":1,"item_purchase_floors":[],"current_hp_per_floor":[88,88,88,88,75,75,73,73,73,73,66,66,66,61,61,54,80,71,77,74,75,81,81,82,82,82,62,62,66,69,72,72,24,77,76,64,65,65,93,93,93,93,93,93,93,93,75,30,57,0],"gold":782,"neow_bonus":"TEN_PERCENT_HP_BONUS","is_prod":false,"is_daily":false,"chose_seed":false,"campfire_upgraded":9,"win_rate":0,"timestamp":1547306253,"path_taken":["M","$","M","M","M","R","?","R","T","E","?","?","R","E","R","BOSS","M","M","?","M","M","R","M","R","T","M","?","?","M","M","R","BOSS","M","M","M","?","?","R","?","M","T","R","M","M","?","E","R","BOSS"],"build_version":"2019-01-10","purchased_purges":1,"victory":false,"max_hp_per_floor":[88,88,88,88,88,88,88,88,88,88,88,88,88,88,88,88,88,88,88,88,88,88,88,88,88,88,88,88,88,88,88,88,88,93,93,93,93,93,93,93,93,93,93,93,93,93,93,93,93,93],"card_choices":[{"not_picked":["Anger","Havoc"],"picked":"Whirlwind","floor":1.0},{"not_picked":["Twin Strike","Pommel Strike"],"picked":"Searing Blow","floor":3.0},{"not_picked":["Wild Strike","Spot Weakness","True Grit"],"picked":"SKIP","floor":4.0},{"not_picked":["Dual Wield","Warcry"],"picked":"Battle Trance","floor":5.0},{"not_picked":["Flame Barrier","Searing Blow"],"picked":"Seeing Red","floor":7.0},{"not_picked":["Searing Blow","Corruption"],"picked":"Impervious","floor":10.0},{"not_picked":["Armaments","Intimidate","Twin Strike"],"picked":"SKIP","floor":14.0},{"not_picked":["Bludgeon","Barricade"],"picked":"Brutality","floor":16.0},{"not_picked":["Wild Strike","Pommel Strike+1"],"picked":"True Grit+1","floor":18.0},{"not_picked":["Flex","Clash","Entrench"],"picked":"SKIP","floor":19.0},{"not_picked":["Perfected Strike+1","Flex","Body Slam"],"picked":"SKIP","floor":20.0},{"not_picked":["Twin Strike","Iron Wave","Rampage"],"picked":"SKIP","floor":21.0},{"not_picked":["Whirlwind","Rampage","Cleave"],"picked":"SKIP","floor":22.0},{"not_picked":["Cleave","Intimidate+1","Sword Boomerang+1"],"picked":"SKIP","floor":24.0},{"not_picked":["Twin Strike","Wild Strike","Demon Form+1"],"picked":"SKIP","floor":27.0},{"not_picked":["True Grit","Combust+1"],"picked":"Metallicize+1","floor":30.0},{"not_picked":["Pommel Strike","Cleave","Flex+1"],"picked":"SKIP","floor":31.0},{"not_picked":["Limit Break","Brutality+1"],"picked":"Barricade+1","floor":33.0},{"not_picked":["Cleave","Hemokinesis+1"],"picked":"Burning Pact","floor":35.0},{"not_picked":["Wild Strike+1","Iron Wave","Carnage"],"picked":"SKIP","floor":36.0},{"not_picked":["Sword Boomerang+1","Hemokinesis","Spot Weakness"],"picked":"SKIP","floor":37.0},{"not_picked":["Corruption+1","Dropkick+1","Heavy Blade"],"picked":"SKIP","floor":42.0},{"not_picked":["Warcry","Whirlwind+1","Feel No Pain+1"],"picked":"SKIP","floor":45.0},{"not_picked":["Reckless Charge+1","Perfected Strike+1","Twin Strike"],"picked":"SKIP","floor":46.0},{"not_picked":["Metallicize+1","Whirlwind","Shrug It Off"],"picked":"SKIP","floor":47.0},{"not_picked":["Inflame+1","Spot Weakness"],"picked":"Impervious","floor":48.0}],"player_experience":226012,"relics_obtained":[{"floor":9.0,"key":"Thread and Needle"},{"floor":10.0,"key":"Pantograph"},{"floor":14.0,"key":"Nunchaku"},{"floor":26.0,"key":"Frozen Egg 2"},{"floor":39.0,"key":"Gambling Chip"},{"floor":43.0,"key":"Dodecahedron"},{"floor":48.0,"key":"Calipers"}],"event_choices":[{"damage_healed":0.0,"max_hp_gain":0.0,"max_hp_loss":0.0,"gold_gain":0.0,"event_name":"Scrap Ooze","player_choice":"Success","floor":11.0,"gold_loss":0.0,"damage_taken":7.0,"relics_obtained":["Ice Cream"]},{"damage_healed":0.0,"max_hp_gain":0.0,"max_hp_loss":0.0,"gold_gain":0.0,"cards_transformed":["Strike_R"],"event_name":"Transmorgrifier","player_choice":"Transformed","floor":12.0,"gold_loss":0.0,"damage_taken":0.0,"cards_obtained":["Infernal Blade"]},{"damage_healed":0.0,"max_hp_gain":0.0,"max_hp_loss":0.0,"gold_gain":0.0,"event_name":"Vampires","player_choice":"Ignored","floor":28.0,"gold_loss":0.0,"damage_taken":0.0},{"damage_healed":0.0,"max_hp_gain":0.0,"max_hp_loss":0.0,"gold_gain":0.0,"event_name":"Colosseum","player_choice":"Fight","floor":29.0,"gold_loss":0.0,"damage_taken":0.0},{"damage_healed":0.0,"max_hp_gain":0.0,"max_hp_loss":0.0,"gold_gain":0.0,"event_name":"Colosseum","player_choice":"Fled From Nobs","floor":29.0,"gold_loss":0.0,"damage_taken":0.0},{"damage_healed":0.0,"max_hp_gain":0.0,"max_hp_loss":0.0,"gold_gain":0.0,"event_name":"Mysterious Sphere","player_choice":"Ignored","floor":38.0,"gold_loss":0.0,"damage_taken":0.0},{"damage_healed":0.0,"max_hp_gain":0.0,"max_hp_loss":0.0,"gold_gain":0.0,"event_name":"MindBloom","player_choice":"Fight","floor":39.0,"gold_loss":0.0,"damage_taken":0.0},{"cards_removed":["Strike_R"],"damage_healed":0.0,"max_hp_gain":0.0,"max_hp_loss":0.0,"gold_gain":0.0,"event_name":"Falling","player_choice":"Removed Attack","floor":41.0,"gold_loss":0.0,"damage_taken":0.0}],"is_beta":false,"boss_relics":[{"not_picked":["Calling Bell","Empty Cage"],"picked":"Sozu"},{"not_picked":["Philosopher\u0027s Stone","White Beast Statue"],"picked":"Tiny House"}],"items_purged_floors":[2],"is_endless":false,"potions_floor_spawned":[1,19,22,27,30,31,37,42,45,47,48],"killed_by":"Awakened One","ascension_level":5}