{"gold_per_floor":[211,58,58,70,70,101,101,114,114,114,129,129,164,184,184,314,314,337,337,362,376,391,391,431,431,478,492,562,53,72,115,115,245,245,261,37,50,63,163,196,209,209,283,314,332,376,389,403,403,403],"floor_reached":51,"playtime":3584,"items_purged":["Strike_B+1","Injury"],"score":1410,"play_id":"015a2c7e-5576-4c43-a833-a5efb19a0a92","local_time":"20190126202052","is_ascension_mode":true,"campfire_choices":[{"data":"Dualcast","floor":7,"key":"SMITH"},{"floor":10,"key":"REST"},{"data":"Redo","floor":12,"key":"SMITH"},{"data":"Darkness","floor":15,"key":"SMITH"},{"data":"Coolheaded","floor":23,"key":"SMITH"},{"floor":25,"key":"REST"},{"floor":32,"key":"REST"},{"data":"Darkness","floor":42,"key":"SMITH"},{"floor":49,"key":"REST"}],"neow_cost":"NONE","seed_source_timestamp":0,"circlet_count":0,"master_deck":["Strike_B+1","Strike_B+1","Strike_B+1","Defend_B+1","Defend_B+1","Defend_B+1","Defend_B+1","Zap","Dualcast+1","Compile Driver","Rainbow+1","Conserve Battery","BootSequence","Core Surge","Redo+1","Ball Lightning","Darkness+1","Buffer+1","Stack","Coolheaded+1","Capacitor+1","Compile Driver","Chill+1","Blizzard","Redo","Conserve Battery","Machine Learning+1","Panache+1","Blizzard","Steam+1","Biased Cognition+1","Steam","Biased Cognition+1","Redo+1","Consume","Darkness","Steam+1","Darkness+1","Doubt","Double Energy+1","Darkness+1","Redo+1"],"special_seed":0,"relics":["Cracked Core","Golden Idol","Frozen Egg 2","Darkstone Periapt","Orichalcum","Cursed Key","Dream Catcher","PreservedInsect","Tiny Chest","Membership Card","Mummified Hand","Runic Pyramid","Strange Spoon","Bag of Preparation","Pantograph","Potion Belt"],"potions_floor_usage":[13,24,27,28,31,33,50,50],"damage_taken":[{"damage":0.0,"enemies":"2 Louse","floor":1.0,"turns":2.0},{"damage":8.0,"enemies":"Small Slimes","floor":4.0,"turns":3.0},{"damage":39.0,"enemies":"3 Sentries","floor":6.0,"turns":11.0},{"damage":0,"enemies":"Cultist","floor":8,"turns":3},{"damage":1,"enemies":"Large Slime","floor":11,"turns":6},{"damage":1,"enemies":"Lagavulin","floor":13,"turns":5},{"damage":0,"enemies":"3 Louse","floor":14,"turns":4},{"damage":28,"enemies":"The Guardian","floor":16,"turns":9},{"damage":5,"enemies":"2 Thieves","floor":18,"turns":4},{"damage":0,"enemies":"Chosen","floor":20,"turns":5},{"damage":3,"enemies":"Shelled Parasite and Fungi","floor":21,"turns":4},{"damage":0,"enemies":"Chosen and Byrds","floor":22,"turns":5},{"damage":15,"enemies":"Book of Stabbing","floor":24,"turns":5},{"damage":0,"enemies":"3 Cultists","floor":27,"turns":5},{"damage":27,"enemies":"Gremlin Leader","floor":28,"turns":9},{"damage":4,"enemies":"Sentry and Sphere","floor":30,"turns":4},{"damage":0,"enemies":"Slavers","floor":31,"turns":3},{"damage":0,"enemies":"Champ","floor":33,"turns":9},{"damage":0,"enemies":"3 Shapes","floor":35,"turns":4},{"damage":4,"enemies":"Orb Walker","floor":37,"turns":4},{"damage":0,"enemies":"3 Darklings","floor":38,"turns":5},{"damage":10,"enemies":"Nemesis","floor":40,"turns":7},{"damage":1,"enemies":"4 Shapes","floor":41,"turns":5},{"damage":2,"enemies":"Giant Head","floor":44,"turns":7},{"damage":19,"enemies":"Jaw Worm Horde","floor":45,"turns":6},{"damage":0,"enemies":"Nemesis","floor":46,"turns":5},{"damage":0,"enemies":"Writhing Mass","floor":47,"turns":4},{"damage":1,"enemies":"3 Darklings","floor":48,"turns":4},{"damage":19,"enemies":"Time Eater","floor":50,"turns":7}],"seed_played":"-7688305123258137563","potions_obtained":[{"floor":6,"key":"Energy Potion"},{"floor":11,"key":"Fire Potion"},{"floor":13,"key":"FairyPotion"},{"floor":21,"key":"GamblersBrew"},{"floor":22,"key":"Explosive Potion"},{"floor":24,"key":"Block Potion"},{"floor":31,"key":"PowerPotion"},{"floor":33,"key":"Poison Potion"},{"floor":40,"key":"FocusPotion"},{"floor":48,"key":"SteroidPotion"}],"is_trial":false,"path_per_floor":["M","$","?","M","?","E","R","M","T","R","M","R","E","M","R","B",null,"M","?","M","M","M","R","E","R","T","M","E","$","M","E","R","B",null,"M","$","M","M","?","E","M","R","T","E","M","E","M","M","R","B",null],"character_chosen":"DEFECT","items_purchased":["Rainbow","Membership Card","Redo","PowerPotion","Conserve Battery","Machine Learning+1","Panache+1","Blizzard","Strange Spoon","FocusPotion","Consume"],"campfire_rested":4,"item_purchase_floors":[2,29,29,29,29,29,29,29,36,36,36],"current_hp_per_floor":[68,68,68,60,60,21,21,21,21,41,40,40,39,39,39,11,55,50,50,50,47,47,47,32,52,58,58,31,31,27,27,49,49,69,69,69,65,65,65,55,54,54,60,58,39,39,39,38,62,62],"gold":403,"neow_bonus":"HUNDRED_GOLD","is_prod":false,"is_daily":false,"chose_seed":false,"campfire_upgraded":5,"win_rate":0,"timestamp":1548552052,"path_taken":["M","$","?","M","?","E","R","M","T","R","M","R","E","M","R","BOSS","M","?","M","M","M","R","E","R","T","M","E","$","M","E","R","BOSS","M","$","M","M","?","E","M","R","T","E","?","E","M","M","R","BOSS"],"build_version":"2019-01-23","purchased_purges":2,"victory":true,"max_hp_per_floor":[75,75,75,75,69,69,69,69,69,69,69,69,69,69,69,69,69,69,69,69,69,69,69,69,69,75,75,75,75,75,75,75,75,75,75,75,75,75,75,75,75,75,81,81,81,81,81,81,81,81],"card_choices":[{"not_picked":["Rebound","Steam Power"],"picked":"Compile Driver","floor":1.0},{"not_picked":["Melter","Redo"],"picked":"Conserve Battery","floor":4.0},{"not_picked":["Steam","Gash"],"picked":"BootSequence","floor":6},{"not_picked":["Beam Cell","Genetic Algorithm"],"picked":"Core Surge","floor":8},{"not_picked":["Gash","Rip and Tear"],"picked":"Redo","floor":11},{"not_picked":["Leap","Hologram"],"picked":"Ball Lightning","floor":13},{"not_picked":["Genetic Algorithm","Barrage"],"picked":"Darkness","floor":14},{"not_picked":["Core Surge","Rainbow"],"picked":"Buffer+1","floor":16},{"not_picked":["Gash+1","Steam"],"picked":"Stack","floor":18},{"not_picked":["Cold Snap","Heatsinks+1","Streamline"],"picked":"SKIP","floor":20},{"not_picked":["Beam Cell","Sweeping Beam","Ball Lightning"],"picked":"SKIP","floor":21},{"not_picked":["Hologram","Turbo"],"picked":"Coolheaded","floor":22},{"not_picked":["Fusion","Double Energy"],"picked":"Capacitor+1","floor":24},{"not_picked":["Turbo","Beam Cell+1"],"picked":"Compile Driver","floor":25},{"not_picked":["Beam Cell","Tempest"],"picked":"Chill+1","floor":27},{"not_picked":["Sweeping Beam","Go for the Eyes+1"],"picked":"Blizzard","floor":28},{"not_picked":["Rip and Tear","Compile Driver"],"picked":"Steam+1","floor":30},{"not_picked":["Darkness","Barrage"],"picked":"Biased Cognition+1","floor":31},{"not_picked":["Blizzard","Streamline+1"],"picked":"Steam","floor":32},{"not_picked":["Reboot","Rainbow"],"picked":"Biased Cognition+1","floor":33},{"not_picked":["Hologram+1","BootSequence+1"],"picked":"Redo+1","floor":35},{"not_picked":["Compile Driver","Auto Shields+1"],"picked":"Darkness","floor":37},{"not_picked":["Leap","Rebound+1","Stack+1"],"picked":"SKIP","floor":38},{"not_picked":["Heatsinks+1","Reprogram"],"picked":"Steam+1","floor":40},{"not_picked":["Sweeping Beam","Turbo"],"picked":"Darkness","floor":41},{"not_picked":["Thunder Strike","Reinforced Body+1","Sweeping Beam"],"picked":"SKIP","floor":44},{"not_picked":["Conserve Battery","Cold Snap","Gash+1"],"picked":"SKIP","floor":45},{"not_picked":["Genetic Algorithm+1","Rebound"],"picked":"Double Energy+1","floor":46},{"not_picked":["Cold Snap","Steam+1"],"picked":"Darkness+1","floor":47},{"not_picked":["Scrape+1","Rip and Tear+1"],"picked":"Redo+1","floor":48}],"player_experience":482958,"relics_obtained":[{"floor":6,"key":"Frozen Egg 2"},{"floor":9,"key":"Darkstone Periapt"},{"floor":13,"key":"Orichalcum"},{"floor":24,"key":"Dream Catcher"},{"floor":26,"key":"PreservedInsect"},{"floor":28,"key":"Tiny Chest"},{"floor":31,"key":"Mummified Hand"},{"floor":40,"key":"Bag of Preparation"},{"floor":44,"key":"Pantograph"},{"floor":46,"key":"Potion Belt"}],"event_choices":[{"damage_healed":0.0,"max_hp_gain":0.0,"max_hp_loss":0.0,"gold_gain":0.0,"event_name":"Living Wall","player_choice":"Grow","floor":3.0,"gold_loss":0.0,"damage_taken":0.0,"cards_upgraded":["Rainbow"]},{"damage_healed":0.0,"max_hp_gain":0.0,"max_hp_loss":6.0,"gold_gain":0.0,"event_name":"Golden Idol","player_choice":"Lose Max HP","floor":5.0,"gold_loss":0.0,"damage_taken":0.0,"relics_obtained":["Golden Idol"]},{"damage_healed":0,"gold_gain":0,"player_choice":"Simplicity","damage_taken":0,"max_hp_gain":0,"max_hp_loss":0,"event_name":"Back to Basics","floor":19,"gold_loss":0,"cards_upgraded":["Strike_B","Strike_B","Strike_B","Strike_B","Defend_B","Defend_B","Defend_B","Defend_B"]},{"damage_healed":0,"gold_gain":100,"player_choice":"Pray","damage_taken":0,"max_hp_gain":0,"max_hp_loss":0,"event_name":"Golden Shrine","floor":39,"gold_loss":0}],"is_beta":false,"boss_relics":[{"not_picked":["Velvet Choker","Ectoplasm"],"picked":"Cursed Key"},{"not_picked":["Philosopher\u0027s Stone","White Beast Statue"],"picked":"Runic Pyramid"}],"items_purged_floors":[29,36],"is_endless":false,"potions_floor_spawned":[6,11,13,21,22,24,31,33,38,40,41,45,48],"ascension_level":9}