{"gold_per_floor":[366,366,291,302,302,302,252,269,292,318,333,333,85,98,98,200,200,214,89,89,105,105,138,138,157,157,157],"floor_reached":27,"playtime":945,"items_purged":["Doubt","Strike_R","Strike_R"],"score":335,"play_id":"594b7c80-010e-45bc-a9e7-5b4c8ab3f644","local_time":"20190108134340","is_ascension_mode":true,"campfire_choices":[{"data":"Rampage","floor":6,"key":"SMITH"},{"floor":15,"key":"REST"},{"floor":24,"key":"REST"}],"neow_cost":"CURSE","seed_source_timestamp":1595603472030070,"circlet_count":0,"master_deck":["Defend_R","Defend_R","Defend_R","Bash","Rampage+1","Shrug It Off","Feed","Pommel Strike+1","Pommel Strike+1"],"relics":["Burning Blood","Pen Nib","StoneCalendar","Toxic Egg 2","Bronze Scales","Empty Cage","Nloth\u0027s Gift","Shuriken","Frozen Egg 2"],"potions_floor_usage":[16,23,23,27],"damage_taken":[{"damage":28,"enemies":"Jaw Worm","floor":1,"turns":6},{"damage":0,"enemies":"2 Louse","floor":4,"turns":4},{"damage":0,"enemies":"Cultist","floor":8,"turns":2},{"damage":36,"enemies":"3 Sentries","floor":10,"turns":10},{"damage":0,"enemies":"Blue Slaver","floor":11,"turns":7},{"damage":12,"enemies":"Large Slime","floor":14,"turns":2},{"damage":13,"enemies":"Hexaghost","floor":16,"turns":7},{"damage":12,"enemies":"2 Thieves","floor":18,"turns":3},{"damage":16,"enemies":"Spheric Guardian","floor":21,"turns":4},{"damage":51,"enemies":"Slavers","floor":23,"turns":7},{"damage":22,"enemies":"Chosen and Byrds","floor":25,"turns":4},{"damage":25,"enemies":"Snake Plant","floor":27,"turns":4}],"seed_played":"6898026645008134538","potions_obtained":[{"floor":1,"key":"FearPotion"},{"floor":8,"key":"Block Potion"},{"floor":11,"key":"Poison Potion"},{"floor":18,"key":"Dexterity Potion"},{"floor":23,"key":"Swift Potion"},{"floor":25,"key":"EssenceOfSteel"}],"is_trial":false,"path_per_floor":["M","?","$","M","?","R","?","M","T","E","M","T","$","M","R","B",null,"M","$","?","M","?","E","R","M","T","M"],"character_chosen":"IRONCLAD","items_purchased":["Bronze Scales"],"campfire_rested":2,"item_purchase_floors":[13],"current_hp_per_floor":[50,43,43,49,42,42,42,48,48,18,24,24,24,18,42,35,69,63,63,63,53,53,8,32,19,19,0],"gold":157,"neow_bonus":"TWO_FIFTY_GOLD","is_prod":false,"is_daily":false,"chose_seed":false,"campfire_upgraded":1,"win_rate":0,"timestamp":1546973020,"path_taken":["M","?","$","M","?","R","?","M","T","E","M","?","?","?","R","BOSS","M","$","?","M","?","E","R","M","T","?"],"build_version":"2019-01-03v4","purchased_purges":3,"victory":false,"max_hp_per_floor":[80,80,80,80,80,80,80,80,80,80,80,80,80,80,80,80,80,80,80,80,80,80,80,80,83,83,83],"card_choices":[{"not_picked":["Uppercut","Pummel"],"picked":"Rampage","floor":1},{"not_picked":["Hemokinesis","Armaments"],"picked":"Shrug It Off","floor":4},{"not_picked":["Wild Strike","Clash","Feel No Pain"],"picked":"SKIP","floor":8},{"not_picked":["Cleave","Fire Breathing","Rage"],"picked":"SKIP","floor":10},{"not_picked":["Perfected Strike","Sword Boomerang","Clothesline"],"picked":"SKIP","floor":11},{"not_picked":["Anger","Dark Embrace","Iron Wave"],"picked":"SKIP","floor":14},{"not_picked":["Brutality","Berserk"],"picked":"Feed","floor":16},{"not_picked":["Rupture","Warcry+1","Flame Barrier+1"],"picked":"SKIP","floor":18},{"not_picked":["Clothesline","Twin Strike+1"],"picked":"Pommel Strike+1","floor":21},{"not_picked":["Wild Strike","Anger"],"picked":"Pommel Strike+1","floor":23},{"not_picked":["Disarm+1","Perfected Strike","Limit Break+1"],"picked":"SKIP","floor":25}],"player_experience":349153,"relics_obtained":[{"floor":9,"key":"Centennial Puzzle"},{"floor":10,"key":"StoneCalendar"},{"floor":12,"key":"Toxic Egg 2"},{"floor":23,"key":"Shuriken"},{"floor":26,"key":"Frozen Egg 2"}],"event_choices":[{"damage_healed":0,"gold_gain":0,"player_choice":"Success","damage_taken":7,"relics_obtained":["Pen Nib"],"max_hp_gain":0,"max_hp_loss":0,"event_name":"Scrap Ooze","floor":2,"gold_loss":0},{"cards_removed":["Strike_R"],"damage_healed":0,"gold_gain":0,"player_choice":"Card Removal","damage_taken":7,"max_hp_gain":0,"max_hp_loss":0,"event_name":"Golden Wing","floor":5,"gold_loss":0},{"cards_removed":["Strike_R"],"damage_healed":0,"gold_gain":0,"player_choice":"Card Removal","damage_taken":0,"max_hp_gain":0,"max_hp_loss":0,"event_name":"The Cleric","floor":7,"gold_loss":50},{"damage_healed":0,"gold_gain":0,"player_choice":"Ignored","damage_taken":0,"max_hp_gain":0,"max_hp_loss":0,"event_name":"Ghosts","floor":20,"gold_loss":0},{"damage_healed":0,"gold_gain":0,"player_choice":"Traded Relic","damage_taken":0,"relics_obtained":["Nloth\u0027s Gift"],"max_hp_gain":0,"max_hp_loss":0,"event_name":"N\u0027loth","floor":22,"relics_lost":["Centennial Puzzle"],"gold_loss":0}],"is_beta":false,"boss_relics":[{"not_picked":["Astrolabe","Eternal Feather"],"picked":"Empty Cage"}],"items_purged_floors":[3,13,19],"is_endless":false,"potions_floor_spawned":[1,8,11,18,23,25],"killed_by":"Snake Plant","ascension_level":9}