{"path_per_floor":["M","?","$","M","?","E","?","$","T","E","M","M","T","?","R"],"character_chosen":"DEFECT","items_purchased":["Self Repair","Juzu Bracelet","Double Energy","Doom and Gloom","Glacier","Blizzard"],"gold_per_floor":[367,367,27,39,39,64,139,20,20,47,62,80,132,132,132,132],"floor_reached":16,"campfire_rested":1,"playtime":580,"item_purchase_floors":[],"current_hp_per_floor":[65,65,65,66,59,35,35,35,35,21,28,18,18,4,24,0],"items_purged":[],"gold":132,"score":157,"play_id":"3d98fd4b-13c5-431b-b060-058f303c1e5c","local_time":"20180608164641","is_prod":false,"is_daily":false,"chose_seed":false,"is_ascension_mode":true,"campfire_upgraded":0,"win_rate":0,"timestamp":1528469201,"campfire_choices":[{"floor":15.0,"key":"REST"}],"path_taken":["M","?","$","M","?","E","?","$","T","E","M","M","?","?","R","BOSS"],"build_version":"2018-06-07","seed_source_timestamp":0,"purchased_purges":0,"victory":false,"master_deck":["Strike_B","Strike_B","Strike_B","Strike_B","Defend_B","Defend_B","Defend_B","Defend_B","Zap+1","Dualcast","White Noise","Self Repair","Double Energy","Doom and Gloom","Hologram","Cold Snap","Glacier","Blizzard+1","Cold Snap","Streamline","Gash","BootSequence","Coolheaded"],"max_hp_per_floor":[68,68,68,68,68,68,68,68,68,68,68,68,68,68,68,68],"relics":["Cracked Core","Juzu Bracelet","Darkstone Periapt","Prayer Wheel","Bottled Tornado","Question Card","Bronze Scales"],"card_choices":[{"not_picked":["Steam Power","Rebound"],"picked":"White Noise","floor":1.0},{"not_picked":["Conserve Battery","Ball Lightning"],"picked":"Hologram","floor":4.0},{"not_picked":["Rebound","Sweeping Beam"],"picked":"Cold Snap","floor":6.0},{"not_picked":["Force Field","Multi-Cast"],"picked":"Cold Snap","floor":10.0},{"not_picked":["Hologram","Reprogram","Skim"],"picked":"Streamline","floor":11.0},{"not_picked":["Lockon","Blizzard","Redo"],"picked":"Gash","floor":11.0},{"not_picked":["Go for the Eyes","Hologram","Stack"],"picked":"BootSequence","floor":12.0},{"not_picked":["Fusion","Conserve Battery","Turbo"],"picked":"Coolheaded","floor":12.0}],"player_experience":494051,"potions_floor_usage":[],"damage_taken":[{"damage":3.0,"enemies":"2 Louse","floor":1.0,"turns":3.0},{"damage":6.0,"enemies":"Cultist","floor":4.0,"turns":4.0},{"damage":31.0,"enemies":"Lagavulin","floor":6.0,"turns":9.0},{"damage":21.0,"enemies":"Gremlin Nob","floor":10.0,"turns":6.0},{"damage":0.0,"enemies":"Small Slimes","floor":11.0,"turns":3.0},{"damage":10.0,"enemies":"Looter","floor":12.0,"turns":4.0},{"damage":36,"enemies":"The Guardian","floor":16,"turns":2}],"relics_obtained":[{"floor":6.0,"key":"Prayer Wheel"},{"floor":9.0,"key":"Bottled Tornado"},{"floor":10.0,"key":"Question Card"},{"floor":13.0,"key":"Bronze Scales"}],"event_choices":[{"event_name":"The Lab","player_choice":"Got Potions","floor":2.0,"damage_taken":0.0},{"event_name":"Scrap Ooze","player_choice":"success","floor":5.0,"damage_taken":7.0},{"event_name":"Golden Wing","player_choice":"Gained Gold","floor":7.0,"damage_taken":0.0},{"event_name":"Shining Light","player_choice":"Entered Light","floor":14.0,"damage_taken":0.0}],"boss_relics":[],"items_purged_floors":[],"potions_floor_spawned":[1,6,10,12],"seed_played":"2128331434054886364","killed_by":"The Guardian","ascension_level":9,"potions_obtained":[{"floor":1.0,"key":"EssenceOfSteel"},{"floor":2.0,"key":"Dexterity Potion"},{"floor":2.0,"key":"SpeedPotion"},{"floor":6.0,"key":"Dexterity Potion"},{"floor":10.0,"key":"Ancient Potion"},{"floor":12.0,"key":"GamblersBrew"}],"is_trial":false}