{"gold_per_floor":[115,134,152,152,77,102,102,115,140,40,40,40],"floor_reached":12,"playtime":282,"items_purged":["Strike_B","Strike_B"],"score":82,"play_id":"b06a6fb3-ec11-4f28-90e1-a704b9c66368","local_time":"20190105140718","is_ascension_mode":true,"campfire_choices":[{"floor":7,"key":"REST"}],"neow_cost":"NONE","seed_source_timestamp":12702641209463,"circlet_count":0,"master_deck":["Strike_B","Defend_B","Defend_B","Defend_B","Defend_B","Zap","Dualcast","Defragment","Double Energy","Skim","Machine Learning","Streamline"],"relics":["Cracked Core","NeowsBlessing","Anchor","Oddly Smooth Stone"],"potions_floor_usage":[],"damage_taken":[{"damage":0,"enemies":"Jaw Worm","floor":1,"turns":1},{"damage":0,"enemies":"Small Slimes","floor":2,"turns":1},{"damage":0,"enemies":"2 Louse","floor":3,"turns":1},{"damage":45,"enemies":"Lagavulin","floor":6,"turns":6},{"damage":12,"enemies":"2 Fungi Beasts","floor":8,"turns":7},{"damage":10,"enemies":"Gremlin Nob","floor":12,"turns":2}],"seed_played":"8160156666231824395","potions_obtained":[{"floor":3,"key":"LiquidBronze"},{"floor":6,"key":"Dexterity Potion"}],"is_trial":false,"path_per_floor":["M","M","M","?","$","E","R","M","T","$","?","E"],"character_chosen":"DEFECT","items_purchased":[],"campfire_rested":1,"item_purchase_floors":[],"current_hp_per_floor":[75,75,75,50,50,5,27,15,15,15,8,0],"gold":40,"neow_bonus":"THREE_ENEMY_KILL","is_prod":false,"is_daily":false,"chose_seed":false,"campfire_upgraded":0,"win_rate":0,"timestamp":1546664838,"path_taken":["M","M","M","?","$","E","R","M","T","$","?","E"],"build_version":"2019-01-03v4","purchased_purges":2,"victory":false,"max_hp_per_floor":[75,75,75,75,75,75,75,75,75,75,75,75],"card_choices":[{"not_picked":["Conserve Battery","Doom and Gloom"],"picked":"Defragment","floor":1},{"not_picked":["Blizzard","Turbo"],"picked":"Double Energy","floor":2},{"not_picked":["Storm","Beam Cell"],"picked":"Skim","floor":3},{"not_picked":["Go for the Eyes","FTL"],"picked":"Machine Learning","floor":6},{"not_picked":["Tempest","Chaos"],"picked":"Streamline","floor":8}],"player_experience":108588,"relics_obtained":[{"floor":6,"key":"Oddly Smooth Stone"}],"event_choices":[{"damage_healed":0,"gold_gain":0,"player_choice":"Success","damage_taken":25,"relics_obtained":["Anchor"],"max_hp_gain":0,"max_hp_loss":0,"event_name":"Scrap Ooze","floor":4,"gold_loss":0},{"cards_removed":["Strike_B"],"damage_healed":0,"gold_gain":0,"player_choice":"Card Removal","damage_taken":7,"max_hp_gain":0,"max_hp_loss":0,"event_name":"Golden Wing","floor":11,"gold_loss":0}],"is_beta":false,"boss_relics":[],"items_purged_floors":[5,10],"is_endless":false,"potions_floor_spawned":[3,6],"killed_by":"Gremlin Nob","ascension_level":1}