{"gold_per_floor":[211,486,505,176,192,227,131,131,199,199,3,178,188,202,202,202],"floor_reached":16,"playtime":841,"items_purged":["Regret"],"score":110,"play_id":"1d5ed3ec-e423-42e0-85ce-7dde761c67d7","local_time":"20190129234106","is_ascension_mode":true,"campfire_choices":[{"data":"Double Energy","floor":8,"key":"SMITH"},{"data":"Glacier","floor":10,"key":"SMITH"},{"floor":15,"key":"REST"}],"neow_cost":"NONE","seed_source_timestamp":1644938495357174,"circlet_count":0,"master_deck":["Strike_B","Strike_B","Strike_B","Strike_B","Defend_B","Defend_B","Defend_B","Defend_B","Zap","Dualcast","Glacier+1","Hologram","Blizzard","Sweeping Beam","Leap","Double Energy+1","Streamline","Coolheaded","Doubt","Leap"],"relics":["Cracked Core","Bag of Marbles","Bag of Preparation","Shuriken","Membership Card"],"potions_floor_usage":[16,16],"damage_taken":[{"damage":0,"enemies":"Small Slimes","floor":1,"turns":3},{"damage":8,"enemies":"Cultist","floor":3,"turns":3},{"damage":3,"enemies":"2 Louse","floor":5,"turns":3},{"damage":51,"enemies":"Gremlin Nob","floor":6,"turns":6},{"damage":6,"enemies":"Large Slime","floor":13,"turns":5},{"damage":4,"enemies":"Lots of Slimes","floor":14,"turns":4},{"damage":28,"enemies":"The Guardian","floor":16,"turns":15}],"seed_played":"-7891882089239894792","potions_obtained":[{"floor":6,"key":"SkillPotion"},{"floor":13,"key":"Dexterity Potion"},{"floor":14,"key":"SkillPotion"}],"is_trial":false,"path_per_floor":["M","?","M","$","M","E","$","R","T","R","$","?","M","M","R","B"],"character_chosen":"DEFECT","items_purchased":["Blizzard","Bag of Marbles","Sweeping Beam","Streamline","Coolheaded","Membership Card"],"campfire_rested":1,"item_purchase_floors":[4,4,4,7,7,11],"current_hp_per_floor":[75,75,67,67,64,13,13,13,13,13,13,13,7,3,25,0],"gold":202,"neow_bonus":"HUNDRED_GOLD","is_prod":false,"is_daily":false,"chose_seed":false,"campfire_upgraded":2,"win_rate":0,"timestamp":1548834066,"path_taken":["M","?","M","$","M","E","?","R","T","R","$","?","M","M","R","BOSS"],"build_version":"2019-01-23","purchased_purges":1,"victory":false,"max_hp_per_floor":[75,75,75,75,75,75,75,75,75,75,75,75,75,75,75,75],"card_choices":[{"not_picked":["Barrage","Cold Snap"],"picked":"Glacier","floor":1},{"not_picked":["Stack","Chaos"],"picked":"Hologram","floor":3},{"not_picked":["Barrage","Darkness"],"picked":"Leap","floor":5},{"not_picked":["Hologram","Tempest"],"picked":"Double Energy","floor":6},{"not_picked":["Chaos","Rip and Tear","Reinforced Body"],"picked":"SKIP","floor":13},{"not_picked":["Darkness","Sweeping Beam"],"picked":"Leap","floor":14}],"player_experience":252277,"relics_obtained":[{"floor":6,"key":"Bag of Preparation"},{"floor":9,"key":"Shuriken"}],"event_choices":[{"damage_healed":0,"gold_gain":275,"player_choice":"Desecrate","damage_taken":0,"max_hp_gain":0,"max_hp_loss":0,"event_name":"Golden Shrine","floor":2,"gold_loss":0,"cards_obtained":["Regret"]},{"damage_healed":0,"gold_gain":175,"player_choice":"AGREE","damage_taken":0,"max_hp_gain":0,"max_hp_loss":0,"event_name":"Liars Game","floor":12,"gold_loss":0,"cards_obtained":["Doubt"]}],"is_beta":false,"boss_relics":[],"items_purged_floors":[4],"is_endless":false,"potions_floor_spawned":[6,13,14],"killed_by":"The Guardian","ascension_level":2}