{"gold_per_floor":[113,123,139,26,45,45,72,72,118,134,151,151,184,199,199,199],"floor_reached":16,"playtime":749,"items_purged":[],"score":279,"play_id":"1fbb416d-27d7-46d7-a153-668028297804","local_time":"20190303185840","is_ascension_mode":true,"campfire_choices":[{"data":"Fusion","floor":6.0,"key":"SMITH"},{"floor":12,"key":"REST"},{"floor":15,"key":"REST"}],"neow_cost":"NONE","seed_source_timestamp":146496115633915,"circlet_count":0,"master_deck":["AscendersBane","Strike_B","Strike_B","Strike_B","Strike_B","Defend_B","Defend_B","Defend_B","Defend_B","Zap","Dualcast","Hologram","Fusion+1","Conserve Battery","Rip and Tear","Self Repair","Leap","Sweeping Beam","Gash","Rebound","Redo"],"special_seed":0,"relics":["White Beast Statue","Bottled Lightning","Happy Flower","DataDisk"],"potions_floor_usage":[7,10,13,13,16,16],"damage_taken":[{"damage":2.0,"enemies":"2 Louse","floor":1.0,"turns":2.0},{"damage":7.0,"enemies":"Jaw Worm","floor":2.0,"turns":5.0},{"damage":6.0,"enemies":"Cultist","floor":3.0,"turns":5.0},{"damage":2.0,"enemies":"Blue Slaver","floor":5.0,"turns":5.0},{"damage":32,"enemies":"Gremlin Nob","floor":7,"turns":4},{"damage":10,"enemies":"Looter","floor":10,"turns":5},{"damage":3,"enemies":"Red Slaver","floor":11,"turns":3},{"damage":28,"enemies":"3 Sentries","floor":13,"turns":8},{"damage":10,"enemies":"Lots of Slimes","floor":14,"turns":4},{"damage":38,"enemies":"The Guardian","floor":16,"turns":13}],"seed_played":"-7212600092069008088","potions_obtained":[{"floor":1.0,"key":"FocusPotion"},{"floor":2.0,"key":"LiquidBronze"},{"floor":3.0,"key":"Fire Potion"},{"floor":7,"key":"Ancient Potion"},{"floor":10,"key":"LiquidBronze"},{"floor":11,"key":"SkillPotion"},{"floor":13,"key":"Weak Potion"},{"floor":14,"key":"FearPotion"}],"is_trial":false,"path_per_floor":["M","M","M","$","M","R","E","?","T","M","M","R","E","M","R","B"],"character_chosen":"DEFECT","items_purchased":["Rip and Tear","Self Repair"],"campfire_rested":2,"item_purchase_floors":[4,4],"current_hp_per_floor":[62,55,49,49,47,47,15,15,15,12,16,37,16,13,34,0],"gold":199,"neow_bonus":"BOSS_RELIC","is_prod":false,"is_daily":false,"chose_seed":false,"campfire_upgraded":1,"win_rate":0,"timestamp":1551635920,"path_taken":["M","M","M","$","M","R","E","?","T","M","M","R","E","M","R","BOSS"],"build_version":"2019-01-23","purchased_purges":0,"victory":false,"max_hp_per_floor":[71,71,71,71,71,71,71,71,71,71,71,71,71,71,71,71],"card_choices":[{"not_picked":["Consume","Redo"],"picked":"Hologram","floor":1.0},{"not_picked":["Tempest","Fusion","Stack"],"picked":"SKIP","floor":2.0},{"not_picked":["Tempest","Stack"],"picked":"Fusion","floor":2.0},{"not_picked":["Static Discharge","Coolheaded"],"picked":"Conserve Battery","floor":3.0},{"not_picked":["Defragment","Cold Snap","Darkness"],"picked":"SKIP","floor":5.0},{"not_picked":["Defragment","Cold Snap","Darkness"],"picked":"SKIP","floor":5.0},{"not_picked":["White Noise","Fusion"],"picked":"Leap","floor":7},{"not_picked":["Ball Lightning","Reprogram"],"picked":"Sweeping Beam","floor":10},{"not_picked":["Hello World","Streamline"],"picked":"Gash","floor":11},{"not_picked":["Storm","Heatsinks"],"picked":"Rebound","floor":13},{"not_picked":["Sweeping Beam","Cold Snap"],"picked":"Redo","floor":14}],"player_experience":800943,"relics_obtained":[{"floor":7,"key":"Bottled Lightning"},{"floor":9,"key":"Happy Flower"},{"floor":13,"key":"DataDisk"}],"event_choices":[{"damage_healed":0,"gold_gain":0,"player_choice":"Ignored","damage_taken":0,"max_hp_gain":0,"max_hp_loss":0,"event_name":"Liars Game","floor":8,"gold_loss":0}],"is_beta":false,"boss_relics":[],"items_purged_floors":[],"is_endless":false,"potions_floor_spawned":[1,2,3,5,7,10,11,13,14],"killed_by":"The Guardian","ascension_level":14}