{"gold_per_floor":[112,112,262,7,7,47,47,67,67,67,105,123,154,172,172,267,267,286,286,286,311,54,54,85,85,110,124,24,24,37,37,37,37],"floor_reached":33,"playtime":1036,"items_purged":["Doubt","Strike_R","Strike_R"],"score":637,"play_id":"1aa61803-b420-400c-87b0-ea952749913d","local_time":"20190203115050","is_ascension_mode":true,"campfire_choices":[{"data":"Bludgeon","floor":7,"key":"SMITH"},{"data":"Hemokinesis","floor":10,"key":"SMITH"},{"data":"Intimidate","floor":15,"key":"SMITH"},{"floor":23,"key":"REST"},{"floor":25,"key":"REST"},{"floor":29,"key":"REST"},{"data":"True Grit","floor":32,"key":"SMITH"}],"neow_cost":"NONE","seed_source_timestamp":1423144887984017,"circlet_count":0,"master_deck":["AscendersBane","Strike_R","Strike_R","Strike_R","Defend_R","Defend_R","Defend_R","Defend_R","Bash","Hemokinesis+1","Bludgeon+1","Anger","Hemokinesis+1","Inflame","Rupture","Reckless Charge","Intimidate+1","Feed","True Grit+1","J.A.X.","True Grit","Blood for Blood","Intimidate+1","Armaments+1"],"relics":["Burning Blood","NeowsBlessing","Golden Idol","Calipers","Anchor","Mango","Matryoshka","Mark of Pain","Enchiridion","Red Skull","The Courier","Toxic Egg 2","Boot"],"potions_floor_usage":[11,16,21,33,33],"damage_taken":[{"damage":0,"enemies":"2 Louse","floor":1,"turns":1},{"damage":0,"enemies":"3 Sentries","floor":6,"turns":1},{"damage":1,"enemies":"Small Slimes","floor":8,"turns":2},{"damage":10,"enemies":"Gremlin Nob","floor":11,"turns":3},{"damage":9,"enemies":"Jaw Worm","floor":12,"turns":3},{"damage":19,"enemies":"3 Sentries","floor":13,"turns":5},{"damage":4,"enemies":"3 Louse","floor":14,"turns":2},{"damage":40,"enemies":"Hexaghost","floor":16,"turns":7},{"damage":13,"enemies":"2 Thieves","floor":18,"turns":4},{"damage":23,"enemies":"Spheric Guardian","floor":21,"turns":5},{"damage":49,"enemies":"Slavers","floor":24,"turns":6},{"damage":23,"enemies":"Shelled Parasite and Fungi","floor":27,"turns":4},{"damage":3,"enemies":"Snake Plant","floor":30,"turns":2},{"damage":99,"enemies":"Automaton","floor":33,"turns":6}],"seed_played":"-3742024076923475912","potions_obtained":[{"floor":1,"key":"Ancient Potion"},{"floor":6,"key":"Poison Potion"},{"floor":13,"key":"Dexterity Potion"},{"floor":14,"key":"LiquidBronze"},{"floor":16,"key":"Swift Potion"},{"floor":21,"key":"Energy Potion"},{"floor":27,"key":"Strength Potion"}],"is_trial":false,"path_per_floor":["M","?","?","$","?","E","R","M","T","R","E","M","E","M","R","B",null,"M","?","?","M","$","R","E","R","T","M","$","R","M","?","R","B"],"character_chosen":"IRONCLAD","items_purchased":["Bludgeon","Red Skull"],"campfire_rested":3,"item_purchase_floors":[4,22],"current_hp_per_floor":[74,74,74,74,48,54,54,59,59,59,69,66,53,55,55,21,72,65,44,44,30,30,57,17,45,45,31,31,60,63,63,63,0],"gold":37,"neow_bonus":"THREE_ENEMY_KILL","is_prod":false,"is_daily":false,"chose_seed":false,"campfire_upgraded":4,"win_rate":0,"timestamp":1549212650,"path_taken":["M","?","?","$","?","E","R","M","T","R","E","M","E","M","R","BOSS","M","?","?","M","$","R","E","R","T","M","$","R","M","?","R","BOSS"],"build_version":"2019-01-23","purchased_purges":3,"victory":false,"max_hp_per_floor":[75,75,75,75,75,75,75,75,75,75,89,89,89,89,89,89,89,89,89,89,92,92,92,95,95,95,98,98,98,98,98,98,98],"card_choices":[{"not_picked":["Heavy Blade","Body Slam"],"picked":"Hemokinesis","floor":1},{"not_picked":["Rampage","Warcry"],"picked":"Anger","floor":6},{"not_picked":["Sword Boomerang","Flex"],"picked":"Hemokinesis","floor":8},{"not_picked":["Wild Strike","Reckless Charge"],"picked":"Inflame","floor":11},{"not_picked":["Fire Breathing","Flex"],"picked":"Rupture","floor":12},{"not_picked":["Infernal Blade","Corruption"],"picked":"Reckless Charge","floor":13},{"not_picked":["Sword Boomerang","Iron Wave"],"picked":"Intimidate","floor":14},{"not_picked":["Dark Embrace","Exhume"],"picked":"Feed","floor":16},{"not_picked":["Anger+1","Sword Boomerang"],"picked":"True Grit","floor":18},{"not_picked":["Sword Boomerang","Entrench"],"picked":"True Grit","floor":21},{"not_picked":["Cleave","Clash"],"picked":"Blood for Blood","floor":24},{"not_picked":["Cleave","Combust"],"picked":"Intimidate+1","floor":27},{"not_picked":["Sword Boomerang","Thunderclap+1"],"picked":"Armaments+1","floor":30}],"player_experience":642879,"relics_obtained":[{"floor":6,"key":"Calipers"},{"floor":9,"key":"Anchor"},{"floor":11,"key":"Mango"},{"floor":13,"key":"Matryoshka"},{"floor":19,"key":"Enchiridion"},{"floor":24,"key":"The Courier"},{"floor":26,"key":"Toxic Egg 2"},{"floor":26,"key":"Boot"}],"event_choices":[{"damage_healed":0,"gold_gain":0,"player_choice":"Grow","damage_taken":0,"max_hp_gain":0,"max_hp_loss":0,"event_name":"Living Wall","floor":2,"gold_loss":0,"cards_upgraded":["Hemokinesis"]},{"damage_healed":0,"gold_gain":150,"player_choice":"AGREE","damage_taken":0,"max_hp_gain":0,"max_hp_loss":0,"event_name":"Liars Game","floor":3,"gold_loss":0,"cards_obtained":["Doubt"]},{"damage_healed":0,"gold_gain":0,"player_choice":"Take Damage","damage_taken":26,"relics_obtained":["Golden Idol"],"max_hp_gain":0,"max_hp_loss":0,"event_name":"Golden Idol","floor":5,"gold_loss":0},{"damage_healed":0,"gold_gain":0,"player_choice":"Obtained Book","damage_taken":21,"max_hp_gain":0,"max_hp_loss":0,"event_name":"Cursed Tome","floor":19,"gold_loss":0},{"damage_healed":0,"gold_gain":0,"player_choice":"Obtain J.A.X.","damage_taken":0,"max_hp_gain":0,"max_hp_loss":0,"event_name":"Drug Dealer","floor":20,"gold_loss":0,"cards_obtained":["J.A.X."]}],"is_beta":false,"boss_relics":[{"not_picked":["Ectoplasm","Snecko Eye"],"picked":"Mark of Pain"}],"items_purged_floors":[4,22,28],"is_endless":false,"potions_floor_spawned":[1,6,13,14,16,21,27],"killed_by":"Automaton","ascension_level":20}