{"gold_per_floor":[111,111,111,130,146,177,177,202,202,202,7,7],"floor_reached":12,"playtime":330,"items_purged":["Strike_R"],"score":151,"play_id":"3d95f5d9-db91-48ca-a057-9737d42aa638","local_time":"20190125104109","is_ascension_mode":true,"campfire_choices":[{"data":"True Grit","floor":7,"key":"SMITH"},{"data":"Demon Form","floor":10,"key":"SMITH"}],"neow_cost":"CURSE","seed_source_timestamp":642002111999409,"circlet_count":0,"master_deck":["AscendersBane","Strike_R","Strike_R","Strike_R","Defend_R","Defend_R","Defend_R","Defend_R","Bash","Demon Form+1","Sword Boomerang","True Grit+1","Havoc","Havoc","Uppercut","True Grit"],"relics":["Burning Blood","Ornamental Fan","Blue Candle","Bottled Tornado"],"potions_floor_usage":[8],"damage_taken":[{"damage":1,"enemies":"Cultist","floor":1,"turns":4},{"damage":8,"enemies":"Jaw Worm","floor":4,"turns":4},{"damage":4,"enemies":"2 Louse","floor":5,"turns":3},{"damage":34,"enemies":"Gremlin Nob","floor":6,"turns":5},{"damage":21,"enemies":"3 Sentries","floor":8,"turns":6},{"damage":36,"enemies":"The Mushroom Lair","floor":12,"turns":3}],"seed_played":"8159562120515528880","potions_obtained":[{"floor":4,"key":"Fire Potion"}],"is_trial":false,"path_per_floor":["M","?","?","M","M","E","R","E","T","R","$","?"],"character_chosen":"IRONCLAD","items_purchased":["Uppercut","True Grit"],"campfire_rested":0,"item_purchase_floors":[11,11],"current_hp_per_floor":[73,66,66,64,66,38,38,23,23,23,23,0],"gold":7,"neow_bonus":"THREE_RARE_CARDS","is_prod":false,"is_daily":false,"chose_seed":false,"campfire_upgraded":2,"win_rate":0,"timestamp":1548430869,"path_taken":["M","?","?","M","?","E","R","E","T","R","$","?"],"build_version":"2019-01-23","purchased_purges":1,"victory":false,"max_hp_per_floor":[75,75,75,75,75,75,75,75,75,75,75,75],"card_choices":[{"not_picked":["Double Tap","Barricade"],"picked":"Demon Form","floor":0},{"not_picked":["Carnage","Evolve"],"picked":"Sword Boomerang","floor":1},{"not_picked":["Clash","Body Slam"],"picked":"True Grit","floor":4},{"not_picked":["Thunderclap","Reckless Charge","Clash"],"picked":"SKIP","floor":5},{"not_picked":["Dark Embrace","Clothesline"],"picked":"Havoc","floor":6},{"not_picked":["Hemokinesis","Anger"],"picked":"Havoc","floor":8}],"player_experience":435295,"relics_obtained":[{"floor":6,"key":"Ornamental Fan"},{"floor":8,"key":"Blue Candle"},{"floor":9,"key":"Bottled Tornado"}],"event_choices":[{"cards_removed":["Writhe"],"damage_healed":0,"gold_gain":0,"player_choice":"Card Removal","damage_taken":7,"max_hp_gain":0,"max_hp_loss":0,"event_name":"Golden Wing","floor":2,"gold_loss":0},{"cards_removed":["Strike_R"],"damage_healed":0,"gold_gain":0,"player_choice":"Offered Basic","damage_taken":0,"max_hp_gain":0,"max_hp_loss":0,"event_name":"Bonfire Elementals","floor":3,"gold_loss":0},{"damage_healed":0,"gold_gain":0,"player_choice":"Fought Mushrooms","damage_taken":0,"max_hp_gain":0,"max_hp_loss":0,"event_name":"Mushrooms","floor":12,"gold_loss":0}],"is_beta":false,"boss_relics":[],"items_purged_floors":[11],"is_endless":false,"potions_floor_spawned":[4],"killed_by":"The Mushroom Lair","ascension_level":15}