{"gold_per_floor":[209,209,209,220,233,233,259,259,259,269,269,6,6,6,6,107,107,126,143,143,143,160,160,175,175,175,1,100,117,117,117,117,222,222,240,291,140,140,152,152,152,152,152,152,171,190,205,9,9,9],"floor_reached":51,"playtime":2494,"items_purged":["Strike_B"],"score":727,"play_id":"5e19b15c-4e6f-4520-878a-dd3a59c54edf","local_time":"20190130234529","is_ascension_mode":true,"campfire_choices":[{"data":"Zap","floor":6.0,"key":"SMITH"},{"data":"1","floor":11,"key":"LIFT"},{"data":"Double Energy","floor":15,"key":"SMITH"},{"data":"Echo Form","floor":23,"key":"SMITH"},{"data":"2","floor":25,"key":"LIFT"},{"floor":30,"key":"REST"},{"floor":32,"key":"REST"},{"data":"3","floor":40,"key":"LIFT"},{"data":"Chill","floor":41,"key":"SMITH"},{"data":"Coolheaded","floor":42,"key":"SMITH"},{"data":"Leap","floor":49,"key":"SMITH"}],"neow_cost":"NONE","seed_source_timestamp":0,"circlet_count":0,"master_deck":["Defend_B","Defend_B","Defend_B","Defend_B","Zap+1","Dualcast","Cold Snap","Chill+1","Chill","Blizzard+1","Double Energy+1","Echo Form+1","Cold Snap+1","Streamline+1","Necronomicurse","Skim","Coolheaded+1","Leap+1","Bite+1","Bite+1","Bite+1","Bite+1","Bite+1","Blizzard+1"],"special_seed":0,"relics":["Cracked Core","Girya","Art of War","Molten Egg 2","Boot","DataDisk","Busted Crown","Necronomicon","Dodecahedron","White Beast Statue","WingedGreaves","Strawberry","Mercury Hourglass","Blood Vial","Runic Capacitor"],"potions_floor_usage":[7,10,10,16,35,36,36,36,45,45,50,50],"damage_taken":[{"damage":3.0,"enemies":"Small Slimes","floor":1.0,"turns":4.0},{"damage":2.0,"enemies":"Jaw Worm","floor":4.0,"turns":3.0},{"damage":0.0,"enemies":"Cultist","floor":5.0,"turns":2.0},{"damage":15,"enemies":"Lagavulin","floor":7,"turns":6},{"damage":4,"enemies":"Red Slaver","floor":10,"turns":4},{"damage":10,"enemies":"The Guardian","floor":16,"turns":12},{"damage":4,"enemies":"2 Thieves","floor":18,"turns":5},{"damage":5,"enemies":"Spheric Guardian","floor":19,"turns":4},{"damage":12,"enemies":"Snecko","floor":22,"turns":5},{"damage":20,"enemies":"Centurion and Healer","floor":24,"turns":5},{"damage":3,"enemies":"Chosen and Byrds","floor":29,"turns":5},{"damage":37,"enemies":"Automaton","floor":33,"turns":7},{"damage":13,"enemies":"Orb Walker","floor":35,"turns":4},{"damage":30,"enemies":"2 Orb Walkers","floor":36,"turns":5},{"damage":15,"enemies":"3 Shapes","floor":39,"turns":2},{"damage":0,"enemies":"Transient","floor":45,"turns":5},{"damage":19,"enemies":"Jaw Worm Horde","floor":46,"turns":4},{"damage":4,"enemies":"Sphere and 2 Shapes","floor":47,"turns":4},{"damage":68,"enemies":"Time Eater","floor":50,"turns":10}],"seed_played":"6763555354296740550","potions_obtained":[{"floor":1.0,"key":"SteroidPotion"},{"floor":5.0,"key":"EntropicBrew"},{"floor":7,"key":"LiquidBronze"},{"floor":19,"key":"Fire Potion"},{"floor":35,"key":"Fire Potion"},{"floor":36,"key":"PowerPotion"},{"floor":39,"key":"EssenceOfSteel"},{"floor":45,"key":"Fire Potion"},{"floor":46,"key":"SmokeBomb"},{"floor":47,"key":"Poison Potion"}],"is_trial":false,"path_per_floor":["M","?","?","M","M","R","E","T","T","M","R","$","$","?","R","B",null,"M","M","?","?","M","R","M","R","T","$","?","M","R","?","R","B",null,"M","?","$","?","M","R","R","R","T","T","M","M","M","$","R","B",null],"character_chosen":"DEFECT","items_purchased":["DataDisk","Blizzard+1","Double Energy","Coolheaded","Leap","Strawberry","Runic Capacitor"],"campfire_rested":2,"item_purchase_floors":[12,12,12,27,27,37,48],"current_hp_per_floor":[72,65,62,60,60,60,45,45,45,41,41,41,41,41,41,31,75,71,66,50,50,38,38,18,18,18,18,18,15,37,37,52,15,52,42,21,28,69,54,54,54,54,54,54,69,59,66,66,66,34],"gold":9,"neow_bonus":"HUNDRED_GOLD","is_prod":false,"is_daily":false,"chose_seed":false,"campfire_upgraded":6,"win_rate":0,"timestamp":1548920729,"path_taken":["M","?","?","M","M","R","E","?","T","?","R","?","$","?","R","BOSS","M","M","?","?","M","R","M","R","T","$","?","M","R","?","R","BOSS","M","?","$","?","?","R","R","R","T","?","M","M","M","$","R","BOSS"],"build_version":"2019-01-23","purchased_purges":1,"victory":true,"max_hp_per_floor":[75,75,75,75,75,75,75,75,75,75,75,75,75,75,75,75,75,75,75,75,75,75,75,75,75,75,75,75,75,75,52,52,52,52,52,52,59,69,69,69,69,69,69,69,69,69,69,69,69,69],"card_choices":[{"not_picked":["Aggregate","Auto Shields","Reprogram"],"picked":"SKIP","floor":1.0},{"not_picked":["Reinforced Body","Gash"],"picked":"Cold Snap","floor":4.0},{"not_picked":["Turbo","Auto Shields","Ball Lightning"],"picked":"SKIP","floor":5.0},{"not_picked":["Gash","Turbo"],"picked":"Chill","floor":7},{"not_picked":["Hologram","Steam"],"picked":"Chill","floor":10},{"not_picked":["Buffer","Fission"],"picked":"Echo Form","floor":16},{"not_picked":[],"picked":"Cold Snap+1","floor":18},{"not_picked":[],"picked":"Streamline+1","floor":19},{"not_picked":["Reprogram"],"picked":"SKIP","floor":22},{"not_picked":[],"picked":"Skim","floor":24},{"not_picked":["Steam"],"picked":"SKIP","floor":29},{"not_picked":[],"picked":"Core Surge+1","floor":33},{"not_picked":[],"picked":"Blizzard+1","floor":35},{"not_picked":["Gash+1"],"picked":"SKIP","floor":39},{"not_picked":["Hologram"],"picked":"SKIP","floor":45},{"not_picked":["Hologram"],"picked":"SKIP","floor":45},{"not_picked":["Consume"],"picked":"SKIP","floor":46},{"not_picked":["Coolheaded+1"],"picked":"SKIP","floor":47}],"player_experience":253118,"relics_obtained":[{"floor":7,"key":"Art of War"},{"floor":8,"key":"Molten Egg 2"},{"floor":9,"key":"Boot"},{"floor":20,"key":"Necronomicon"},{"floor":26,"key":"Dodecahedron"},{"floor":36,"key":"WingedGreaves"},{"floor":43,"key":"Mercury Hourglass"},{"floor":44,"key":"Blood Vial"}],"event_choices":[{"cards_removed":["Strike_B"],"damage_healed":0.0,"max_hp_gain":0.0,"max_hp_loss":0.0,"gold_gain":0.0,"event_name":"Golden Wing","player_choice":"Card Removal","floor":2.0,"gold_loss":0.0,"damage_taken":7.0},{"damage_healed":0.0,"max_hp_gain":0.0,"max_hp_loss":0.0,"gold_gain":0.0,"event_name":"Scrap Ooze","player_choice":"Success","floor":3.0,"gold_loss":0.0,"damage_taken":3.0,"relics_obtained":["Girya"]},{"damage_healed":0,"gold_gain":0,"player_choice":"Leave","damage_taken":0,"max_hp_gain":0,"max_hp_loss":0,"event_name":"The Cleric","floor":14,"gold_loss":0},{"damage_healed":0,"gold_gain":0,"player_choice":"Obtained Book","damage_taken":16,"max_hp_gain":0,"max_hp_loss":0,"event_name":"Cursed Tome","floor":20,"gold_loss":0},{"damage_healed":0,"gold_gain":0,"player_choice":"Ignored","damage_taken":0,"max_hp_gain":0,"max_hp_loss":0,"event_name":"Ghosts","floor":21,"gold_loss":0},{"damage_healed":0,"gold_gain":99,"player_choice":"Stole From Cult","damage_taken":0,"max_hp_gain":0,"max_hp_loss":0,"event_name":"Nest","floor":28,"gold_loss":0},{"damage_healed":0,"gold_gain":0,"player_choice":"Became a vampire","damage_taken":0,"max_hp_gain":0,"max_hp_loss":23,"event_name":"Vampires","floor":31,"gold_loss":0,"cards_obtained":["Bite","Bite","Bite","Bite","Bite"]},{"damage_healed":0,"gold_gain":0,"player_choice":"Fight","damage_taken":0,"max_hp_gain":0,"max_hp_loss":0,"event_name":"Mysterious Sphere","floor":36,"gold_loss":0},{"cards_removed":["Core Surge"],"damage_healed":31,"gold_gain":0,"player_choice":"Offered Rare","damage_taken":0,"max_hp_gain":10,"max_hp_loss":0,"event_name":"Bonfire Elementals","floor":38,"gold_loss":0}],"is_beta":false,"boss_relics":[{"not_picked":["Tiny House","Lizard Tail"],"picked":"Busted Crown"},{"not_picked":["Nuclear Battery","Fusion Hammer"],"picked":"White Beast Statue"}],"items_purged_floors":[27],"is_endless":false,"potions_floor_spawned":[1,5,7,19,22,24,35,36,39,45,46,47],"ascension_level":2}