{"gold_per_floor":[112,122,137,147,166,166,196,196,249,97,62,80,98,131,131,228,228,247,162,162,172,372,372,400,400,400,434,450,127,127,30,30,130,130,144,155,155,155,155,155,172,172],"floor_reached":42,"playtime":2884,"items_purged":["Strike_G","Quick Slash"],"score":661,"play_id":"7eec9e86-9b9d-4977-98f4-c404442e487a","local_time":"20190305225114","is_ascension_mode":true,"campfire_choices":[{"data":"Neutralize","floor":6.0,"key":"SMITH"},{"data":"After Image","floor":8.0,"key":"SMITH"},{"data":"Night Terror","floor":15.0,"key":"SMITH"},{"data":"Neutralize","floor":23.0,"key":"SMITH"},{"data":"Deflect","floor":25.0,"key":"SMITH"},{"floor":30.0,"key":"REST"},{"floor":32.0,"key":"REST"},{"floor":40,"key":"REST"}],"neow_cost":"NONE","seed_source_timestamp":1505444510349,"circlet_count":0,"master_deck":["Defend_G","Defend_G","Defend_G","Defend_G","Defend_G","Strike_G","Strike_G","Strike_G","Strike_G","Survivor","Neutralize+1","Deadly Poison","Noxious Fumes","Predator","Deflect+1","Cloak And Dagger","After Image+1","Dagger Spray","Dodge and Roll","Bouncing Flask","Night Terror+1","Venomology","Deflect","Neutralize+1","Backflip","Concentrate","Noxious Fumes+1","Setup","PiercingWail+1","Blur"],"special_seed":0,"relics":["Ring of the Snake","Pocketwatch","PreservedInsect","Pear","Boot","Frozen Egg 2","Singing Bowl","The Courier","Molten Egg 2","White Beast Statue","Blue Candle","Darkstone Periapt"],"potions_floor_usage":[33,35,36,36,36,41,42,42],"damage_taken":[{"damage":0.0,"enemies":"Small Slimes","floor":1.0,"turns":5.0},{"damage":7.0,"enemies":"Jaw Worm","floor":2.0,"turns":4.0},{"damage":0.0,"enemies":"Cultist","floor":3.0,"turns":4.0},{"damage":0.0,"enemies":"2 Fungi Beasts","floor":4.0,"turns":4.0},{"damage":9.0,"enemies":"Exordium Thugs","floor":5.0,"turns":6.0},{"damage":3.0,"enemies":"3 Sentries","floor":7.0,"turns":9.0},{"damage":6.0,"enemies":"Gremlin Gang","floor":12.0,"turns":7.0},{"damage":3.0,"enemies":"3 Louse","floor":13.0,"turns":3.0},{"damage":6.0,"enemies":"Gremlin Nob","floor":14.0,"turns":3.0},{"damage":8.0,"enemies":"Slime Boss","floor":16.0,"turns":9.0},{"damage":10.0,"enemies":"Spheric Guardian","floor":18.0,"turns":6.0},{"damage":8.0,"enemies":"3 Byrds","floor":21.0,"turns":5.0},{"damage":4.0,"enemies":"Book of Stabbing","floor":24.0,"turns":6.0},{"damage":33.0,"enemies":"Slavers","floor":27.0,"turns":5.0},{"damage":13.0,"enemies":"Centurion and Healer","floor":28.0,"turns":9.0},{"damage":3,"enemies":"Champ","floor":33,"turns":10},{"damage":3,"enemies":"3 Shapes","floor":35,"turns":8},{"damage":46,"enemies":"3 Darklings","floor":36,"turns":8},{"damage":36,"enemies":"Maw","floor":41,"turns":12},{"damage":35,"enemies":"4 Shapes","floor":42,"turns":3}],"seed_played":"4823633644738549355","potions_obtained":[{"floor":1.0,"key":"PowerPotion"},{"floor":5.0,"key":"SpeedPotion"},{"floor":7.0,"key":"SmokeBomb"},{"floor":13.0,"key":"Regen Potion"},{"floor":21.0,"key":"SteroidPotion"},{"floor":24.0,"key":"PowerPotion"},{"floor":28.0,"key":"Energy Potion"},{"floor":36,"key":"GamblersBrew"},{"floor":41,"key":"Swift Potion"}],"is_trial":false,"path_per_floor":["M","M","M","M","M","R","E","R","T","$","?","M","M","E","R","B",null,"M","?","?","M","?","R","E","R","T","E","M","$","R","$","R","B",null,"M","M","T","?","T","R","M","M"],"character_chosen":"THE_SILENT","items_purchased":["Dagger Spray","Block Potion","Block Potion","Molten Egg 2","Noxious Fumes+1","Setup"],"campfire_rested":3,"item_purchase_floors":[10,10,29,29,31,31],"current_hp_per_floor":[70,63,63,63,54,54,51,51,51,51,51,45,42,58,58,50,78,68,68,68,60,60,60,56,56,56,25,12,12,38,38,64,63,84,81,35,35,37,37,64,30,0],"gold":172,"neow_bonus":"TEN_PERCENT_HP_BONUS","is_prod":false,"is_daily":false,"chose_seed":false,"campfire_upgraded":5,"win_rate":0,"timestamp":1551793874,"path_taken":["M","M","M","M","M","R","E","R","T","$","?","M","M","E","R","BOSS","M","?","?","?","?","R","E","R","T","E","M","$","R","?","R","BOSS","M","?","?","?","?","R","M","M"],"build_version":"2019-01-23","purchased_purges":2,"victory":false,"max_hp_per_floor":[77,77,77,77,77,77,77,77,77,77,77,77,77,87,87,87,87,87,87,87,87,87,87,87,87,87,89,89,89,89,89,89,91,91,91,91,91,93,93,93,95,95],"card_choices":[{"not_picked":["Crippling Poison","Prepared"],"picked":"Deadly Poison","floor":1.0},{"not_picked":["Quick Slash","Dagger Spray"],"picked":"Noxious Fumes","floor":2.0},{"not_picked":["Night Terror","Outmaneuver"],"picked":"Predator","floor":3.0},{"not_picked":["Heel Hook","Backflip"],"picked":"Deflect","floor":4.0},{"not_picked":["Prepared","Accuracy"],"picked":"Cloak And Dagger","floor":5.0},{"not_picked":["Heel Hook","Slice"],"picked":"After Image","floor":7.0},{"not_picked":["Flying Knee","Skewer"],"picked":"Dodge and Roll","floor":12.0},{"not_picked":["Cloak And Dagger","Dagger Spray"],"picked":"Bouncing Flask","floor":13.0},{"not_picked":["Terror","Acrobatics"],"picked":"Night Terror","floor":14.0},{"not_picked":["Storm of Steel","Glass Knife"],"picked":"Venomology","floor":16.0},{"not_picked":["Finisher","Flechettes"],"picked":"Deflect","floor":18.0},{"not_picked":["Bane","Flying Knee+1"],"picked":"Backflip","floor":21.0},{"not_picked":["Unload","Outmaneuver","Crippling Poison"],"picked":"SKIP","floor":24.0},{"not_picked":["Backstab","Choke","Reflex"],"picked":"Singing Bowl","floor":27.0},{"not_picked":["Underhanded Strike","Eviscerate"],"picked":"Concentrate","floor":28.0},{"not_picked":["Die Die Die+1","Phantasmal Killer","Doppelganger"],"picked":"Singing Bowl","floor":33},{"not_picked":["Dagger Spray+1","Riddle With Holes+1"],"picked":"PiercingWail+1","floor":35},{"not_picked":["Prepared+1","Quick Slash+1"],"picked":"Blur","floor":36},{"not_picked":["PanicButton","HandOfGreed+1","Panacea"],"picked":"Singing Bowl","floor":38},{"not_picked":["Backflip+1","Cloak And Dagger+1","Deadly Poison"],"picked":"Singing Bowl","floor":41}],"player_experience":389831,"relics_obtained":[{"floor":7.0,"key":"Pocketwatch"},{"floor":9.0,"key":"PreservedInsect"},{"floor":14.0,"key":"Pear"},{"floor":24.0,"key":"Frozen Egg 2"},{"floor":26.0,"key":"Singing Bowl"},{"floor":27.0,"key":"The Courier"},{"floor":37,"key":"Blue Candle"},{"floor":39,"key":"Darkstone Periapt"}],"event_choices":[{"damage_healed":0.0,"max_hp_gain":0.0,"max_hp_loss":0.0,"gold_gain":0.0,"event_name":"World of Goop","player_choice":"Left Gold","floor":11.0,"gold_loss":35.0,"damage_taken":0.0},{"damage_healed":0.0,"max_hp_gain":0.0,"max_hp_loss":0.0,"gold_gain":0.0,"event_name":"Addict","player_choice":"Obtained Relic","floor":19.0,"gold_loss":85.0,"damage_taken":0.0,"relics_obtained":["Boot"]},{"damage_healed":0.0,"max_hp_gain":0.0,"max_hp_loss":0.0,"gold_gain":0.0,"event_name":"Match and Keep!","player_choice":"2 cards matched","floor":20.0,"gold_loss":0.0,"damage_taken":0.0,"cards_obtained":["Quick Slash","Neutralize"]},{"damage_healed":0.0,"max_hp_gain":0.0,"max_hp_loss":0.0,"gold_gain":200.0,"event_name":"Wheel of Change","player_choice":"Gold","floor":22.0,"gold_loss":0.0,"damage_taken":0.0},{"damage_healed":0,"gold_gain":0,"player_choice":"Memory 1","damage_taken":0,"max_hp_gain":0,"max_hp_loss":0,"event_name":"SensoryStone","floor":38,"gold_loss":0}],"is_beta":false,"boss_relics":[{"not_picked":["Snecko Eye","Philosopher\u0027s Stone","Sozu"]},{"not_picked":["Pandora\u0027s Box","HoveringKite"],"picked":"White Beast Statue"}],"items_purged_floors":[10,29],"is_endless":false,"potions_floor_spawned":[1,5,7,13,21,24,28,33,35,36,41],"killed_by":"4 Shapes","ascension_level":7}