{"gold_per_floor":[115,115,40,60,60,60,94,94,140,150,164,183,201,113,113,186,186,198,123,45,61,87,87,87,107,107,107,127,143,143,177,177,249,249,263,263,283,333,292,292,322,322,322,335,335,18,29,29,29,29],"floor_reached":51,"playtime":2175,"items_purged":[],"score":1382,"play_id":"b0c87a7a-5992-4d95-9917-3ad909c6631a","local_time":"20190304220810","is_ascension_mode":true,"campfire_choices":[{"data":"Zap","floor":6,"key":"SMITH"},{"floor":8,"key":"REST"},{"floor":15,"key":"REST"},{"data":"Defragment","floor":23,"key":"SMITH"},{"floor":27,"key":"REST"},{"floor":30,"key":"REST"},{"data":"Defragment","floor":32,"key":"SMITH"},{"floor":40,"key":"REST"},{"data":"White Noise","floor":42,"key":"SMITH"},{"floor":45,"key":"REST"},{"data":"Loop","floor":49,"key":"SMITH"}],"neow_cost":"PERCENT_DAMAGE","seed_source_timestamp":243781622422337,"circlet_count":0,"master_deck":["AscendersBane","Strike_B","Defend_B","Defend_B","Zap+1","Dualcast","Chill","Electrodynamics","Go for the Eyes","Glacier","Capacitor","Loop+1","Glacier","Defragment+1","Chill","Defragment+1","White Noise+1","All For One+1","Sunder+1","Doom and Gloom+1","Tempest+1","FTL+1","Ball Lightning+1","Conserve Battery","Core Surge+1"],"relics":["Cracked Core","Gambling Chip","Smiling Mask","DataDisk","Sozu","Red Mask","Boot","Molten Egg 2","Astrolabe","Darkstone Periapt","StoneCalendar","Frozen Egg 2","Gremlin Horn","Runic Capacitor"],"potions_floor_usage":[38,50],"damage_taken":[{"damage":7,"enemies":"Jaw Worm","floor":1,"turns":4},{"damage":1,"enemies":"Cultist","floor":4,"turns":3},{"damage":15,"enemies":"3 Sentries","floor":7,"turns":3},{"damage":3,"enemies":"Small Slimes","floor":10,"turns":2},{"damage":0,"enemies":"2 Fungi Beasts","floor":11,"turns":2},{"damage":6,"enemies":"Exordium Thugs","floor":12,"turns":2},{"damage":0,"enemies":"Gremlin Gang","floor":13,"turns":1},{"damage":2,"enemies":"Slime Boss","floor":16,"turns":10},{"damage":6,"enemies":"Chosen","floor":18,"turns":6},{"damage":9,"enemies":"2 Thieves","floor":21,"turns":4},{"damage":6,"enemies":"Masked Bandits","floor":22,"turns":4},{"damage":4,"enemies":"Snake Plant","floor":25,"turns":4},{"damage":25,"enemies":"Shelled Parasite and Fungi","floor":28,"turns":3},{"damage":3,"enemies":"Sentry and Sphere","floor":29,"turns":5},{"damage":0,"enemies":"Book of Stabbing","floor":31,"turns":10},{"damage":0,"enemies":"Automaton","floor":33,"turns":18},{"damage":0,"enemies":"3 Shapes","floor":35,"turns":2},{"damage":13,"enemies":"Orb Walker","floor":37,"turns":4},{"damage":21,"enemies":"2 Orb Walkers","floor":38,"turns":4},{"damage":15,"enemies":"Nemesis","floor":41,"turns":7},{"damage":0,"enemies":"4 Shapes","floor":44,"turns":1},{"damage":0,"enemies":"Writhing Mass","floor":47,"turns":5},{"damage":27,"enemies":"Donu and Deca","floor":50,"turns":7}],"seed_played":"9042502227320356708","potions_obtained":[{"floor":10,"key":"Swift Potion"},{"floor":11,"key":"SteroidPotion"},{"floor":12,"key":"SkillPotion"}],"is_trial":false,"path_per_floor":["M","?","$","M","$","R","E","R","T","M","M","M","M","$","R","B",null,"M","?","$","M","?","R","?","M","T","R","M","M","R","E","R","B",null,"M","?","M","?","$","R","E","R","T","M","R","$","M","$","R","B",null],"character_chosen":"DEFECT","items_purchased":["Electrodynamics","Glacier","Defragment","FTL+1","Runic Capacitor","Core Surge+1"],"campfire_rested":6,"item_purchase_floors":[3,14,20,39,46,46],"current_hp_per_floor":[39,39,39,38,38,38,23,44,44,41,41,35,35,35,56,54,67,61,61,61,52,46,46,36,32,32,53,28,25,46,46,46,46,65,65,65,52,31,31,52,37,37,37,37,58,58,58,58,58,31],"gold":29,"neow_bonus":"ONE_RARE_RELIC","is_prod":false,"is_daily":false,"chose_seed":false,"campfire_upgraded":5,"win_rate":0,"timestamp":1551766090,"path_taken":["M","?","?","M","?","R","E","R","T","?","?","M","M","?","R","BOSS","M","?","$","M","?","R","?","M","T","R","?","M","R","E","R","BOSS","M","?","?","?","?","R","E","R","T","M","R","$","M","$","R","BOSS"],"build_version":"2019-01-23","purchased_purges":0,"victory":true,"max_hp_per_floor":[71,71,71,71,71,71,71,71,71,71,71,71,71,71,71,71,71,71,71,71,71,71,71,71,71,71,71,71,71,71,71,71,71,71,71,71,71,71,71,71,71,71,71,71,71,71,71,71,71,71],"card_choices":[{"not_picked":["Turbo","Undo"],"picked":"Chill","floor":1},{"not_picked":["Storm","White Noise"],"picked":"Go for the Eyes","floor":4},{"not_picked":["Blizzard","Rebound","Redo"],"picked":"SKIP","floor":7},{"not_picked":["Skim","Turbo"],"picked":"Glacier","floor":10},{"not_picked":["Sweeping Beam","Rebound","Hologram"],"picked":"SKIP","floor":11},{"not_picked":["Heatsinks","Auto Shields"],"picked":"Capacitor","floor":12},{"not_picked":["Storm","Stack"],"picked":"Loop","floor":13},{"not_picked":["Coolheaded","Stack","Reprogram"],"picked":"SKIP","floor":18},{"not_picked":["Capacitor","Rip and Tear"],"picked":"Chill","floor":21},{"not_picked":["Go for the Eyes+1","Ball Lightning"],"picked":"Defragment","floor":22},{"not_picked":["Recycle","Doom and Gloom","Fusion"],"picked":"SKIP","floor":25},{"not_picked":["Streamline+1","Rebound+1"],"picked":"White Noise","floor":28},{"not_picked":["Chaos","Steam","Stack"],"picked":"SKIP","floor":29},{"not_picked":["Coolheaded","Rebound","Redo"],"picked":"SKIP","floor":31},{"not_picked":["Reboot","Thunder Strike+1"],"picked":"All For One+1","floor":33},{"not_picked":["Streamline+1","Go for the Eyes+1","Coolheaded+1"],"picked":"SKIP","floor":35},{"not_picked":["Go for the Eyes+1","Capacitor+1","Lockon+1"],"picked":"SKIP","floor":37},{"not_picked":["Leap+1","Auto Shields"],"picked":"Ball Lightning+1","floor":41},{"not_picked":["Recycle","Heatsinks+1"],"picked":"Conserve Battery","floor":44},{"not_picked":["Gash+1","Electrodynamics+1","Sweeping Beam+1"],"picked":"SKIP","floor":47}],"player_experience":607093,"relics_obtained":[{"floor":7,"key":"Smiling Mask"},{"floor":9,"key":"DataDisk"},{"floor":22,"key":"Red Mask"},{"floor":26,"key":"Boot"},{"floor":31,"key":"Molten Egg 2"},{"floor":36,"key":"Darkstone Periapt"},{"floor":38,"key":"StoneCalendar"},{"floor":41,"key":"Frozen Egg 2"},{"floor":43,"key":"Gremlin Horn"}],"event_choices":[{"cards_removed":["Strike_B"],"damage_healed":0,"gold_gain":0,"player_choice":"Purged","damage_taken":0,"max_hp_gain":0,"max_hp_loss":0,"event_name":"Purifier","floor":2,"gold_loss":0},{"cards_removed":["Strike_B"],"damage_healed":0,"gold_gain":0,"player_choice":"Gave Gold","damage_taken":0,"max_hp_gain":0,"max_hp_loss":0,"event_name":"Beggar","floor":19,"gold_loss":75},{"damage_healed":0,"gold_gain":0,"player_choice":"Fought Bandits","damage_taken":0,"max_hp_gain":0,"max_hp_loss":0,"event_name":"Masked Bandits","floor":22,"gold_loss":0},{"damage_healed":0,"gold_gain":0,"player_choice":"Damaged","damage_taken":10,"max_hp_gain":0,"max_hp_loss":0,"event_name":"Wheel of Change","floor":24,"gold_loss":0},{"damage_healed":0,"gold_gain":0,"player_choice":"Relic","damage_taken":0,"max_hp_gain":0,"max_hp_loss":0,"event_name":"Wheel of Change","floor":36,"gold_loss":0},{"damage_healed":0,"gold_gain":0,"player_choice":"Fight","damage_taken":0,"max_hp_gain":0,"max_hp_loss":0,"event_name":"Mysterious Sphere","floor":38,"gold_loss":0}],"is_beta":false,"boss_relics":[{"not_picked":["Pandora\u0027s Box","Empty Cage"],"picked":"Sozu"},{"not_picked":["Calling Bell","Coffee Dripper"],"picked":"Astrolabe"}],"items_purged_floors":[],"is_endless":false,"potions_floor_spawned":[10,11,12,22,25,28,31,33,37,38,44],"ascension_level":17}