{"path_per_floor":["M","?","M","M","M","R","E","M","T"],"character_chosen":"DEFECT","items_purchased":[],"gold_per_floor":[118,148,162,173,190,190,216,236,236,236],"floor_reached":10,"campfire_rested":0,"playtime":351,"item_purchase_floors":[],"current_hp_per_floor":[67,64,61,58,54,54,20,18,18,0],"items_purged":[],"gold":236,"score":91,"play_id":"53226890-8934-4ae1-a01a-149868614241","local_time":"20180604195644","is_prod":false,"is_daily":false,"chose_seed":false,"is_ascension_mode":true,"campfire_upgraded":1,"win_rate":0,"timestamp":1528135004,"campfire_choices":[{"data":"Dualcast","floor":6.0,"key":"SMITH"}],"path_taken":["M","?","M","M","M","R","E","M","T","?"],"build_version":"2018-05-31","seed_source_timestamp":1656761760441151,"purchased_purges":0,"victory":false,"master_deck":["Strike_B","Strike_B","Strike_B","Strike_B","Defend_B","Defend_B","Defend_B","Defend_B","Zap+1","Dualcast+1","Steam Power","Beam Cell","Auto Shields","Conserve Battery","Storm","Rebound"],"max_hp_per_floor":[75,75,75,75,75,75,75,75,75,75],"relics":["Cracked Core","Tiny Chest","Mummified Hand","Pantograph","Toxic Egg 2"],"card_choices":[{"not_picked":["Sweeping Beam","Stack"],"picked":"Steam Power","floor":1.0},{"not_picked":["Streamline","Turbo"],"picked":"Beam Cell","floor":3.0},{"not_picked":["Recycle","Undo"],"picked":"Auto Shields","floor":4.0},{"not_picked":["Beam Cell","Turbo"],"picked":"Conserve Battery","floor":5.0},{"not_picked":["Barrage","Multi-Cast"],"picked":"Storm","floor":7.0},{"not_picked":["Steam","Static Discharge"],"picked":"Rebound","floor":8.0}],"player_experience":471575,"potions_floor_usage":[],"damage_taken":[{"damage":1.0,"enemies":"Cultist","floor":1.0,"turns":3.0},{"damage":3.0,"enemies":"2 Louse","floor":3.0,"turns":2.0},{"damage":3.0,"enemies":"Small Slimes","floor":4.0,"turns":2.0},{"damage":4.0,"enemies":"Red Slaver","floor":5.0,"turns":3.0},{"damage":34.0,"enemies":"Lagavulin","floor":7.0,"turns":8.0},{"damage":2.0,"enemies":"3 Louse","floor":8.0,"turns":3.0},{"damage":22,"enemies":"Lagavulin Event","floor":10,"turns":3}],"relics_obtained":[{"floor":7.0,"key":"Mummified Hand"},{"floor":9.0,"key":"Pantograph"}],"event_choices":[{"event_name":"Scrap Ooze","player_choice":"success","floor":2.0,"damage_taken":3.0},{"event_name":"Dead Adventurer","player_choice":"Searched \u00272\u0027 times","floor":10,"damage_taken":0}],"boss_relics":[],"items_purged_floors":[],"potions_floor_spawned":[5,8,10],"seed_played":"-1094994844991342246","killed_by":"Lagavulin Event","ascension_level":6,"potions_obtained":[{"floor":5.0,"key":"Strength Potion"},{"floor":8.0,"key":"SteroidPotion"}],"is_trial":false}