{"gold_per_floor":[109,109,109,122,135,135,154,154,154,174,184,184,184,200,200,272,272,284,303,303],"floor_reached":20,"playtime":815,"items_purged":[],"score":294,"play_id":"6f6bc6e0-1a93-4bb0-bd24-7a2fe8df0606","local_time":"20190226110225","is_ascension_mode":true,"campfire_choices":[{"data":"Heavy Blade","floor":6.0,"key":"SMITH"},{"data":"Armaments","floor":8.0,"key":"SMITH"},{"data":"Body Slam","floor":13.0,"key":"SMITH"},{"data":"Rage","floor":15.0,"key":"SMITH"}],"neow_cost":"NONE","seed_source_timestamp":0,"circlet_count":0,"master_deck":["AscendersBane","Strike_R","Strike_R","Strike_R","Strike_R","Defend_R","Defend_R","Defend_R","Defend_R","Bash","Demon Form","Heavy Blade+1","Armaments+1","Body Slam+1","Rage+1","Feed","Inflame"],"special_seed":0,"relics":["Burning Blood","Gambling Chip","Singing Bowl","Mark of Pain"],"potions_floor_usage":[19],"damage_taken":[{"damage":11.0,"enemies":"Small Slimes","floor":1.0,"turns":4.0},{"damage":6.0,"enemies":"2 Louse","floor":4.0,"turns":4.0},{"damage":1.0,"enemies":"Cultist","floor":5.0,"turns":4.0},{"damage":22.0,"enemies":"Large Slime","floor":7.0,"turns":7.0},{"damage":10.0,"enemies":"2 Fungi Beasts","floor":10.0,"turns":5.0},{"damage":7.0,"enemies":"Looter","floor":11.0,"turns":3.0},{"damage":3.0,"enemies":"Blue Slaver","floor":14.0,"turns":5.0},{"damage":35,"enemies":"Hexaghost","floor":16,"turns":9},{"damage":33,"enemies":"Chosen","floor":18,"turns":5},{"damage":25,"enemies":"3 Byrds","floor":19,"turns":7},{"damage":37,"enemies":"3 Cultists","floor":20,"turns":4}],"seed_played":"-2321722685831470738","potions_obtained":[{"floor":1.0,"key":"AttackPotion"},{"floor":7.0,"key":"FairyPotion"},{"floor":19,"key":"LiquidBronze"}],"is_trial":false,"path_per_floor":["M","?","?","M","M","R","M","R","T","M","M","?","R","M","R","B",null,"M","M","M"],"character_chosen":"IRONCLAD","items_purchased":[],"campfire_rested":0,"item_purchase_floors":[],"current_hp_per_floor":[63,45,75,75,75,75,59,59,59,55,56,49,49,52,52,23,64,43,27,0],"gold":303,"neow_bonus":"ONE_RANDOM_RARE_CARD","is_prod":false,"is_daily":false,"chose_seed":false,"campfire_upgraded":4,"win_rate":0,"timestamp":1551207745,"path_taken":["M","?","?","M","M","R","M","R","T","?","M","?","R","M","R","BOSS","M","M","M"],"build_version":"2019-01-23","purchased_purges":0,"victory":false,"max_hp_per_floor":[75,75,75,75,75,75,75,75,75,75,77,77,77,77,77,77,77,83,86,86],"card_choices":[{"not_picked":["Burning Pact","Reckless Charge","Searing Blow"],"picked":"SKIP","floor":1.0},{"not_picked":["Twin Strike","Pommel Strike","Flex"],"picked":"SKIP","floor":4.0},{"not_picked":["Clash","Second Wind"],"picked":"Heavy Blade","floor":5.0},{"not_picked":["Barricade","Iron Wave"],"picked":"Armaments","floor":7.0},{"not_picked":["Blood for Blood","Perfected Strike"],"picked":"Body Slam","floor":10.0},{"not_picked":["Body Slam","Anger","Hemokinesis"],"picked":"Singing Bowl","floor":11.0},{"not_picked":["Pommel Strike","Clothesline"],"picked":"Rage","floor":14.0},{"not_picked":["Berserk","Barricade"],"picked":"Feed","floor":16},{"not_picked":["Armaments","Pommel Strike","Cleave"],"picked":"Singing Bowl","floor":18},{"not_picked":["Infernal Blade","Disarm"],"picked":"Inflame","floor":19}],"player_experience":533715,"relics_obtained":[{"floor":9.0,"key":"Singing Bowl"}],"event_choices":[{"damage_healed":0.0,"max_hp_gain":0.0,"max_hp_loss":0.0,"gold_gain":0.0,"event_name":"Scrap Ooze","player_choice":"Success","floor":2.0,"gold_loss":0.0,"damage_taken":18.0,"relics_obtained":["Gambling Chip"]},{"damage_healed":30.0,"max_hp_gain":0.0,"max_hp_loss":0.0,"gold_gain":0.0,"event_name":"Wheel of Change","player_choice":"Full Heal","floor":3.0,"gold_loss":0.0,"damage_taken":0.0},{"cards_removed":["Strike_R"],"damage_healed":0.0,"max_hp_gain":0.0,"max_hp_loss":0.0,"gold_gain":0.0,"event_name":"Golden Wing","player_choice":"Card Removal","floor":12.0,"gold_loss":0.0,"damage_taken":7.0}],"is_beta":false,"boss_relics":[{"not_picked":["Coffee Dripper","Tiny House"],"picked":"Mark of Pain"}],"items_purged_floors":[],"is_endless":false,"potions_floor_spawned":[1,7,16,19],"killed_by":"3 Cultists","ascension_level":15}