{"gold_per_floor":[13,25,25,25,40,40,60,60,84,113,125,144,69,83,83,83],"floor_reached":16,"playtime":644,"items_purged":["Strike_R"],"score":104,"play_id":"196b69bd-8166-47ea-ba53-4f7210fe191f","local_time":"20190211171632","is_ascension_mode":false,"campfire_choices":[{"data":"Armaments","floor":6,"key":"SMITH"},{"data":"Defend_R","floor":8,"key":"SMITH"},{"data":"Heavy Blade","floor":15,"key":"SMITH"}],"neow_cost":"NO_GOLD","seed_source_timestamp":2134385040922413,"circlet_count":0,"master_deck":["Strike_R","Strike_R","Defend_R+1","Defend_R","Defend_R","Defend_R","Bash","Armaments+1","Heavy Blade+1"],"relics":["Burning Blood","Ancient Tea Set","Vajra","Pocketwatch"],"potions_floor_usage":[16,16],"damage_taken":[{"damage":7,"enemies":"Small Slimes","floor":1,"turns":5},{"damage":1,"enemies":"Cultist","floor":2,"turns":3},{"damage":1,"enemies":"Jaw Worm","floor":5,"turns":3},{"damage":2,"enemies":"Large Slime","floor":7,"turns":5},{"damage":24,"enemies":"3 Sentries","floor":10,"turns":13},{"damage":2,"enemies":"Blue Slaver","floor":11,"turns":3},{"damage":4,"enemies":"2 Fungi Beasts","floor":12,"turns":3},{"damage":0,"enemies":"Red Slaver","floor":14,"turns":4},{"damage":75,"enemies":"Hexaghost","floor":16,"turns":12}],"seed_played":"-8457874642635067178","potions_obtained":[{"floor":2,"key":"Dexterity Potion"},{"floor":5,"key":"Dexterity Potion"},{"floor":7,"key":"Swift Potion"}],"is_trial":false,"path_per_floor":["M","M","?","$","M","R","M","R","T","E","M","M","$","M","R","B"],"character_chosen":"IRONCLAD","items_purchased":[],"campfire_rested":0,"item_purchase_floors":[],"current_hp_per_floor":[79,80,80,80,80,80,80,80,80,62,66,68,68,74,74,0],"gold":83,"neow_bonus":"REMOVE_TWO","is_prod":false,"is_daily":false,"chose_seed":false,"campfire_upgraded":3,"win_rate":0,"timestamp":1549923392,"path_taken":["M","M","?","?","M","R","?","R","T","E","M","M","$","M","R","BOSS"],"build_version":"2019-01-23","purchased_purges":1,"victory":false,"max_hp_per_floor":[80,80,80,80,80,80,80,80,80,80,80,80,80,80,80,80],"card_choices":[{"not_picked":["Clothesline","Seeing Red","Clash"],"picked":"SKIP","floor":1},{"not_picked":["Headbutt","Clothesline","Blood for Blood"],"picked":"SKIP","floor":2},{"not_picked":["Entrench","Pummel"],"picked":"Armaments","floor":5},{"not_picked":["Battle Trance","Sword Boomerang","Combust"],"picked":"SKIP","floor":7},{"not_picked":["Clash","Wild Strike","Twin Strike"],"picked":"SKIP","floor":10},{"not_picked":["Sever Soul","Havoc"],"picked":"Heavy Blade","floor":11},{"not_picked":["Clash","Rage","Burning Pact"],"picked":"SKIP","floor":12},{"not_picked":["Bludgeon","Shrug It Off","Seeing Red"],"picked":"SKIP","floor":14}],"player_experience":742935,"relics_obtained":[{"floor":3,"key":"Ancient Tea Set"},{"floor":9,"key":"Vajra"},{"floor":10,"key":"Pocketwatch"}],"event_choices":[{"damage_healed":0,"gold_gain":0,"player_choice":"Relic","damage_taken":0,"max_hp_gain":0,"max_hp_loss":0,"event_name":"Wheel of Change","floor":3,"gold_loss":0}],"is_beta":false,"boss_relics":[],"items_purged_floors":[13],"is_endless":false,"potions_floor_spawned":[2,5,7],"killed_by":"Hexaghost","ascension_level":0}