{"gold_per_floor":[119,129,140,140,65,91,104,104,127,137,149,160,160,160,160,261,261,276,276,263,280,280,280,280],"floor_reached":24,"playtime":1221,"items_purged":["Strike_B"],"score":210,"play_id":"7ad56133-00f2-496d-a123-3527de85bca1","local_time":"20190105122908","is_ascension_mode":true,"campfire_choices":[{"data":"Fusion","floor":8,"key":"SMITH"},{"floor":13,"key":"REST"},{"data":"Redo","floor":15,"key":"SMITH"},{"floor":23,"key":"REST"}],"neow_cost":"NONE","seed_source_timestamp":5873242380180,"circlet_count":0,"master_deck":["Strike_B","Strike_B","Defend_B+1","Defend_B","Defend_B+1","Defend_B","Zap","Dualcast","Rainbow","Genetic Algorithm","Gash","Streamline","Fusion+1","Cold Snap","Skim","Redo+1","Leap","Creative AI","Self Repair","Turbo+1","Self Repair"],"relics":["FrozenCore","War Paint","Boot"],"potions_floor_usage":[6,20,20,24,24],"damage_taken":[{"damage":10,"enemies":"Jaw Worm","floor":1,"turns":4},{"damage":6,"enemies":"2 Louse","floor":2,"turns":3},{"damage":1,"enemies":"Small Slimes","floor":3,"turns":3},{"damage":20,"enemies":"3 Sentries","floor":6,"turns":8},{"damage":5,"enemies":"Blue Slaver","floor":7,"turns":4},{"damage":0,"enemies":"Red Slaver","floor":10,"turns":3},{"damage":7,"enemies":"Exordium Thugs","floor":11,"turns":5},{"damage":16,"enemies":"3 Louse","floor":12,"turns":3},{"damage":24,"enemies":"Slime Boss","floor":16,"turns":8},{"damage":29,"enemies":"Chosen","floor":18,"turns":7},{"damage":7,"enemies":"2 Thieves","floor":20,"turns":5},{"damage":13,"enemies":"Shelled Parasite and Fungi","floor":21,"turns":11},{"damage":53,"enemies":"Gremlin Leader","floor":24,"turns":4}],"seed_played":"5065189758955279506","potions_obtained":[{"floor":1,"key":"Energy Potion"},{"floor":2,"key":"AttackPotion"},{"floor":3,"key":"Fire Potion"},{"floor":7,"key":"Poison Potion"},{"floor":21,"key":"EssenceOfSteel"}],"is_trial":false,"path_per_floor":["M","M","M","?","$","E","M","R","T","M","M","M","R","?","R","B",null,"M","?","M","M","?","R","E"],"character_chosen":"DEFECT","items_purchased":[],"campfire_rested":2,"item_purchase_floors":[],"current_hp_per_floor":[65,59,58,58,58,38,33,33,33,33,26,10,32,32,32,8,75,46,30,30,24,24,46,0],"gold":280,"neow_bonus":"ONE_RANDOM_RARE_CARD","is_prod":false,"is_daily":false,"chose_seed":false,"campfire_upgraded":2,"win_rate":0,"timestamp":1546658948,"path_taken":["M","M","M","?","$","E","M","R","T","M","M","M","R","?","R","BOSS","M","?","M","M","?","R","E"],"build_version":"2019-01-03v4","purchased_purges":1,"victory":false,"max_hp_per_floor":[75,75,75,75,75,75,75,75,75,75,75,75,75,75,75,75,75,75,75,75,75,75,75,75],"card_choices":[{"not_picked":["Tempest","Chaos"],"picked":"Genetic Algorithm","floor":1},{"not_picked":["Redo","Steam"],"picked":"Gash","floor":2},{"not_picked":["Gash","Capacitor"],"picked":"Streamline","floor":3},{"not_picked":["Turbo","Skim"],"picked":"Fusion","floor":6},{"not_picked":["Turbo","Stack"],"picked":"Cold Snap","floor":7},{"not_picked":["Stack","Chill"],"picked":"Skim","floor":10},{"not_picked":["Coolheaded","Barrage"],"picked":"Redo","floor":11},{"not_picked":["Reprogram","Stack"],"picked":"Leap","floor":12},{"not_picked":["Thunder Strike","Fission"],"picked":"Creative AI","floor":16},{"not_picked":["Beam Cell","Fusion+1"],"picked":"Self Repair","floor":18},{"not_picked":["Streamline","Lockon"],"picked":"Turbo+1","floor":20},{"not_picked":["Loop","Coolheaded+1"],"picked":"Self Repair","floor":21}],"player_experience":102810,"relics_obtained":[{"floor":6,"key":"War Paint"}],"event_choices":[{"cards_removed":["Strike_B"],"damage_healed":0,"gold_gain":0,"player_choice":"Forget","damage_taken":0,"max_hp_gain":0,"max_hp_loss":0,"event_name":"Living Wall","floor":4,"gold_loss":0},{"damage_healed":0,"gold_gain":0,"player_choice":"Ignored","damage_taken":0,"max_hp_gain":0,"max_hp_loss":0,"event_name":"Golden Idol","floor":14,"gold_loss":0},{"damage_healed":0,"gold_gain":0,"player_choice":"Obtained Book","damage_taken":16,"max_hp_gain":0,"max_hp_loss":0,"event_name":"Cursed Tome","floor":19,"gold_loss":0},{"damage_healed":0,"gold_gain":0,"player_choice":"Opened","damage_taken":0,"relics_obtained":["Boot"],"max_hp_gain":0,"max_hp_loss":0,"event_name":"The Mausoleum","floor":22,"gold_loss":0}],"is_beta":false,"boss_relics":[{"not_picked":["Lizard Tail","Black Star"],"picked":"FrozenCore"}],"items_purged_floors":[5],"is_endless":false,"potions_floor_spawned":[1,2,3,7,21],"killed_by":"Gremlin Leader","ascension_level":1}