{"gold_per_floor":[109,184,359,375,395,429,429,445,490,490,503,515,515,575,575,575],"floor_reached":16,"playtime":612,"items_purged":[],"score":140,"play_id":"87721a8a-9d3c-4755-b55b-81ded8b1af67","local_time":"20190205205951","is_ascension_mode":true,"campfire_choices":[{"floor":7,"key":"REST"},{"data":"Body Slam","floor":10,"key":"SMITH"},{"data":"Shrug It Off","floor":13,"key":"SMITH"},{"floor":15,"key":"REST"}],"neow_cost":"CURSE","seed_source_timestamp":2240368525258741,"circlet_count":0,"master_deck":["Strike_R","Strike_R","Strike_R","Defend_R","Defend_R","Defend_R","Defend_R","Bash","Writhe","Heavy Blade","Sword Boomerang","Flex","Doubt","Shrug It Off+1","Body Slam+1","Heavy Blade","Shrug It Off"],"relics":["Burning Blood","Singing Bowl","PreservedInsect","Tiny Chest"],"potions_floor_usage":[6,14,16],"damage_taken":[{"damage":10,"enemies":"2 Louse","floor":1,"turns":2},{"damage":10,"enemies":"Small Slimes","floor":4,"turns":3},{"damage":14,"enemies":"Jaw Worm","floor":5,"turns":4},{"damage":63,"enemies":"3 Sentries","floor":6,"turns":11},{"damage":13,"enemies":"Blue Slaver","floor":8,"turns":4},{"damage":7,"enemies":"2 Fungi Beasts","floor":11,"turns":3},{"damage":13,"enemies":"Exordium Wildlife","floor":12,"turns":5},{"damage":9,"enemies":"Gremlin Nob","floor":14,"turns":3},{"damage":45,"enemies":"Slime Boss","floor":16,"turns":9}],"seed_played":"5333815999428844669","potions_obtained":[{"floor":4,"key":"EssenceOfSteel"},{"floor":11,"key":"PowerPotion"},{"floor":12,"key":"SmokeBomb"},{"floor":14,"key":"PowerPotion"}],"is_trial":false,"path_per_floor":["M","?","?","M","M","E","R","M","T","R","M","M","R","E","R","B"],"character_chosen":"IRONCLAD","items_purchased":[],"campfire_rested":2,"item_purchase_floors":[],"current_hp_per_floor":[76,76,76,72,64,9,33,28,28,28,27,22,22,19,44,0],"gold":575,"neow_bonus":"TRANSFORM_TWO_CARDS","is_prod":false,"is_daily":false,"chose_seed":false,"campfire_upgraded":2,"win_rate":0,"timestamp":1549429191,"path_taken":["M","?","?","M","M","E","R","M","T","R","?","M","R","E","R","BOSS"],"build_version":"2019-01-23","purchased_purges":0,"victory":false,"max_hp_per_floor":[80,80,80,80,80,82,82,84,84,84,84,86,86,86,86,86],"card_choices":[{"not_picked":["Carnage","Anger"],"picked":"Flex","floor":1},{"not_picked":["Armaments","Headbutt"],"picked":"Shrug It Off","floor":4},{"not_picked":["Clash","Carnage"],"picked":"Body Slam","floor":5},{"not_picked":["Double Tap","Sentinel","Anger"],"picked":"Singing Bowl","floor":6},{"not_picked":["Iron Wave","Clothesline","Dark Embrace"],"picked":"Singing Bowl","floor":8},{"not_picked":["Flex","Sword Boomerang"],"picked":"Heavy Blade","floor":11},{"not_picked":["Thunderclap","Clash","Anger"],"picked":"Singing Bowl","floor":12},{"not_picked":["Clash","Thunderclap"],"picked":"Shrug It Off","floor":14}],"player_experience":271562,"relics_obtained":[{"floor":6,"key":"Singing Bowl"},{"floor":9,"key":"PreservedInsect"},{"floor":14,"key":"Tiny Chest"}],"event_choices":[{"damage_healed":0,"gold_gain":75,"player_choice":"Gained Gold","damage_taken":0,"max_hp_gain":0,"max_hp_loss":0,"event_name":"Golden Wing","floor":2,"gold_loss":0},{"damage_healed":0,"gold_gain":175,"player_choice":"AGREE","damage_taken":0,"max_hp_gain":0,"max_hp_loss":0,"event_name":"Liars Game","floor":3,"gold_loss":0,"cards_obtained":["Doubt"]}],"is_beta":false,"boss_relics":[],"items_purged_floors":[],"is_endless":false,"potions_floor_spawned":[4,11,12,14],"killed_by":"Slime Boss","ascension_level":5}