{"gold_per_floor":[111,123,48,62,62,62,91,91,91,91,101,101,101,117,117,117],"floor_reached":16,"playtime":448,"items_purged":["Strike_R"],"score":100,"play_id":"cf141339-7f37-4cb2-9243-d917e90ac9a7","local_time":"20190210191104","is_ascension_mode":false,"campfire_choices":[{"data":"Uppercut","floor":6,"key":"SMITH"},{"floor":8,"key":"RECALL"},{"data":"Clothesline","floor":10,"key":"SMITH"},{"data":"Battle Trance","floor":12,"key":"SMITH"},{"data":"Bash","floor":15,"key":"SMITH"}],"neow_cost":"NONE","seed_source_timestamp":2055037394306848,"circlet_count":0,"master_deck":["Strike_R+1","Strike_R","Strike_R","Defend_R","Defend_R","Defend_R+1","Defend_R","Bash+1","Uppercut+1","Clothesline+1","Dropkick","Battle Trance+1"],"relics":["Runic Dome"],"potions_floor_usage":[],"damage_taken":[{"damage":2,"enemies":"Small Slimes","floor":1,"turns":3},{"damage":0,"enemies":"2 Louse","floor":2,"turns":3},{"damage":0,"enemies":"Jaw Worm","floor":4,"turns":3},{"damage":6,"enemies":"Lagavulin","floor":7,"turns":6},{"damage":5,"enemies":"2 Fungi Beasts","floor":11,"turns":3},{"damage":0,"enemies":"3 Louse","floor":14,"turns":3},{"damage":46,"enemies":"Slime Boss","floor":16,"turns":9}],"seed_played":"-3766438205705121687","potions_obtained":[{"floor":1,"key":"Block Potion"},{"floor":2,"key":"EssenceOfSteel"},{"floor":11,"key":"SneckoOil"}],"is_trial":false,"path_per_floor":["M","M","$","M","?","R","E","R","T","R","M","R","?","M","R","B"],"character_chosen":"IRONCLAD","items_purchased":[],"campfire_rested":0,"item_purchase_floors":[],"current_hp_per_floor":[78,78,78,78,71,71,65,65,65,65,60,60,44,44,44,0],"gold":117,"neow_bonus":"BOSS_RELIC","is_prod":false,"is_daily":false,"chose_seed":false,"campfire_upgraded":4,"win_rate":0,"timestamp":1549843864,"path_taken":["M","M","$","M","?","R","E","R","T","R","M","R","?","M","R","BOSS"],"build_version":"2019-01-23","purchased_purges":1,"victory":false,"max_hp_per_floor":[80,80,80,80,80,80,80,80,80,80,80,80,80,80,80,80],"card_choices":[{"not_picked":["Thunderclap","Inflame"],"picked":"Uppercut","floor":1},{"not_picked":["Wild Strike","Flex","Intimidate"],"picked":"SKIP","floor":2},{"not_picked":["Twin Strike","Warcry"],"picked":"Clothesline","floor":4},{"not_picked":["Rampage","Thunderclap"],"picked":"Dropkick","floor":7},{"not_picked":["Wild Strike","Spot Weakness"],"picked":"Battle Trance","floor":11},{"not_picked":["Headbutt","Clash","Wild Strike"],"picked":"SKIP","floor":14}],"player_experience":720615,"relics_obtained":[],"event_choices":[{"cards_removed":["Strike_R"],"damage_healed":0,"gold_gain":0,"player_choice":"Card Removal","damage_taken":7,"max_hp_gain":0,"max_hp_loss":0,"event_name":"Golden Wing","floor":5,"gold_loss":0},{"damage_healed":0,"gold_gain":0,"player_choice":"Entered Light","damage_taken":16,"max_hp_gain":0,"max_hp_loss":0,"event_name":"Shining Light","floor":13,"gold_loss":0,"cards_upgraded":["Strike_R","Defend_R"]}],"is_beta":false,"boss_relics":[],"items_purged_floors":[3],"is_endless":false,"potions_floor_spawned":[1,2,11],"killed_by":"Slime Boss","ascension_level":0}