{"gold_per_floor":[112,127,52,52,68,68,218,218,218,218,252,80,153,176,176,269,269,284,297,297,310,39,39,164,184,184,184,184,200,200,200,200,298,298,323,323,12,36,36,36,36,36,36,36,52,52,66,106,106,106],"floor_reached":51,"playtime":3618,"items_purged":["Doubt","Strike_G"],"score":1343,"play_id":"b5d72d22-9aef-48ff-8de0-145e7ccddb63","local_time":"20190303113258","is_ascension_mode":true,"campfire_choices":[{"data":"Neutralize","floor":8.0,"key":"SMITH"},{"data":"Dagger Throw","floor":10.0,"key":"SMITH"},{"floor":15.0,"key":"REST"},{"data":"Glass Knife","floor":23.0,"key":"SMITH"},{"data":"Tools of the Trade","floor":28.0,"key":"SMITH"},{"data":"Malaise","floor":30.0,"key":"SMITH"},{"floor":32.0,"key":"REST"},{"floor":40.0,"key":"REST"},{"data":"Mayhem","floor":44.0,"key":"SMITH"},{"data":"Underhanded Strike","floor":46,"key":"SMITH"},{"floor":49,"key":"REST"}],"neow_cost":"NONE","seed_source_timestamp":229632931002127,"circlet_count":0,"master_deck":["AscendersBane","Defend_G+1","Defend_G+1","Defend_G+1","Defend_G+1","Defend_G+1","Strike_G+1","Neutralize+1","Dagger Throw+1","Terror+1","Glass Knife+1","Finesse","Dagger Throw","Malaise+1","Underhanded Strike+1","Backstab","Backstab","Dash+1","Tools of the Trade+1","Bullet Time","Noxious Fumes+1","Poisoned Stab+1","Doppelganger+1","Madness+1","Madness","Crippling Poison","Die Die Die","Mayhem+1","Regret","Envenom"],"special_seed":0,"relics":["Runic Pyramid","Golden Idol","Omamori","Vajra","Cursed Key","Question Card","Pen Nib","FossilizedHelix","Sundial","Thread and Needle","Astrolabe","War Paint","Anchor","Orichalcum"],"potions_floor_usage":[48,50,50],"damage_taken":[{"damage":0.0,"enemies":"Small Slimes","floor":1.0,"turns":4.0},{"damage":3.0,"enemies":"2 Louse","floor":2.0,"turns":3.0},{"damage":0.0,"enemies":"Jaw Worm","floor":5.0,"turns":5.0},{"damage":7.0,"enemies":"Lagavulin","floor":11.0,"turns":6.0},{"damage":8.0,"enemies":"3 Louse","floor":14.0,"turns":4.0},{"damage":6.0,"enemies":"Hexaghost","floor":16.0,"turns":11.0},{"damage":2.0,"enemies":"Chosen","floor":18.0,"turns":5.0},{"damage":5.0,"enemies":"Shell Parasite","floor":19.0,"turns":5.0},{"damage":0.0,"enemies":"Snake Plant","floor":21.0,"turns":2.0},{"damage":5.0,"enemies":"Colosseum Slavers","floor":24.0,"turns":4.0},{"damage":5.0,"enemies":"Colosseum Nobs","floor":24.0,"turns":4.0},{"damage":0.0,"enemies":"Cultist and Chosen","floor":25.0,"turns":4.0},{"damage":0.0,"enemies":"Chosen and Byrds","floor":29.0,"turns":5.0},{"damage":0.0,"enemies":"Champ","floor":33.0,"turns":11.0},{"damage":0.0,"enemies":"Orb Walker","floor":35.0,"turns":4.0},{"damage":9.0,"enemies":"3 Darklings","floor":38.0,"turns":4.0},{"damage":0.0,"enemies":"Reptomancer","floor":41.0,"turns":1.0},{"damage":13,"enemies":"Writhing Mass","floor":45,"turns":7},{"damage":1,"enemies":"Maw","floor":47,"turns":6},{"damage":0,"enemies":"Giant Head","floor":48,"turns":7},{"damage":25,"enemies":"Awakened One","floor":50,"turns":13}],"seed_played":"-6701193163622514510","potions_obtained":[{"floor":5.0,"key":"Dexterity Potion"},{"floor":11.0,"key":"GhostInAJar"},{"floor":19.0,"key":"EntropicBrew"},{"floor":24.0,"key":"Weak Potion"},{"floor":29.0,"key":"SmokeBomb"},{"floor":45,"key":"EssenceOfSteel"},{"floor":48,"key":"Energy Potion"}],"is_trial":false,"path_per_floor":["M","M","?","?","M","?","?","R","T","R","E","$","?","M","R","B",null,"M","M","?","M","$","R","?","M","T","?","R","M","R","?","R","B",null,"M","?","$","M","?","R","E","$","T","R","M","R","M","E","R","B",null],"character_chosen":"THE_SILENT","items_purchased":["Finesse","Pen Nib","War Paint","Crippling Poison","PowerPotion"],"campfire_rested":4,"item_purchase_floors":[12,22,37,37,37],"current_hp_per_floor":[59,56,56,33,33,38,38,38,38,38,31,31,31,23,44,38,63,61,56,56,56,56,56,46,46,46,46,46,46,46,46,67,67,70,70,57,57,48,48,69,69,69,69,69,56,56,55,55,71,46],"gold":106,"neow_bonus":"BOSS_RELIC","is_prod":false,"is_daily":false,"chose_seed":false,"campfire_upgraded":7,"win_rate":0,"timestamp":1551641578,"path_taken":["M","M","?","?","M","?","?","R","T","R","E","$","?","M","R","BOSS","M","M","?","M","$","R","?","M","T","?","R","M","R","?","R","BOSS","M","?","$","M","?","R","E","?","T","R","M","R","M","E","R","BOSS"],"build_version":"2019-01-23","purchased_purges":2,"victory":true,"max_hp_per_floor":[66,66,66,66,66,71,71,71,71,71,71,71,71,71,71,71,71,71,71,71,71,71,71,71,71,71,71,71,71,71,71,71,71,71,71,71,71,71,71,71,71,71,71,71,71,71,71,71,71,71],"card_choices":[{"not_picked":["Outmaneuver","Quick Slash"],"picked":"Dagger Throw","floor":1.0},{"not_picked":["Accuracy","Sucker Punch","Eviscerate"],"picked":"SKIP","floor":2.0},{"not_picked":["Dagger Spray","Flying Knee"],"picked":"Terror","floor":5.0},{"not_picked":["Quick Slash","Dodge and Roll"],"picked":"Glass Knife","floor":11.0},{"not_picked":["Masterful Stab","Well Laid Plans"],"picked":"Dagger Throw","floor":14.0},{"not_picked":["Glass Knife","Wraith Form v2"],"picked":"Malaise","floor":16.0},{"not_picked":["Acrobatics","Sucker Punch"],"picked":"Underhanded Strike","floor":18.0},{"not_picked":["Blade Dance","Quick Slash"],"picked":"Backstab","floor":19.0},{"not_picked":["Setup+1","Underhanded Strike","Caltrops"],"picked":"Backstab","floor":21.0},{"not_picked":["Backflip","Poisoned Stab","Underhanded Strike"],"picked":"Dash+1","floor":24.0},{"not_picked":["Accuracy","Flying Knee","Choke"],"picked":"Tools of the Trade","floor":25.0},{"not_picked":["Dodge and Roll","Dagger Spray","Poisoned Stab","Distraction"],"picked":"SKIP","floor":29.0},{"not_picked":["Wraith Form v2","A Thousand Cuts","Venomology"],"picked":"Bullet Time","floor":33.0},{"not_picked":["Quick Slash","PiercingWail","Flying Knee","Dagger Throw"],"picked":"SKIP","floor":35.0},{"not_picked":["Prepared","Slice+1","Bane+1"],"picked":"Die Die Die","floor":38.0},{"not_picked":["Metamorphosis","Magnetism","Bandage Up"],"picked":"Mayhem","floor":39.0},{"not_picked":["Blade Dance+1","Finisher+1","Poisoned Stab","Caltrops"],"picked":"SKIP","floor":45},{"not_picked":["Eviscerate+1","Dagger Throw+1","Terror","Skewer"],"picked":"SKIP","floor":47},{"not_picked":["Calculated Gamble","Backstab","Deflect"],"picked":"Envenom","floor":48}],"player_experience":593224,"relics_obtained":[{"floor":9.0,"key":"Omamori"},{"floor":11.0,"key":"Vajra"},{"floor":24.0,"key":"FossilizedHelix"},{"floor":24.0,"key":"Sundial"},{"floor":26.0,"key":"Thread and Needle"},{"floor":43.0,"key":"Anchor"},{"floor":48,"key":"Orichalcum"}],"event_choices":[{"cards_removed":["Strike_G"],"damage_healed":0.0,"max_hp_gain":0.0,"max_hp_loss":0.0,"gold_gain":0.0,"event_name":"The Cleric","player_choice":"Card Removal","floor":3.0,"gold_loss":75.0,"damage_taken":0.0},{"damage_healed":0.0,"max_hp_gain":0.0,"max_hp_loss":0.0,"gold_gain":0.0,"event_name":"Golden Idol","player_choice":"Take Damage","floor":4.0,"gold_loss":0.0,"damage_taken":23.0,"relics_obtained":["Golden Idol"]},{"damage_healed":0.0,"max_hp_gain":5.0,"max_hp_loss":0.0,"gold_gain":0.0,"event_name":"Big Fish","player_choice":"Donut","floor":6.0,"gold_loss":0.0,"damage_taken":0.0},{"damage_healed":0.0,"max_hp_gain":0.0,"max_hp_loss":0.0,"gold_gain":150.0,"event_name":"Liars Game","player_choice":"AGREE","floor":7.0,"gold_loss":0.0,"damage_taken":0.0,"cards_obtained":["Doubt"]},{"damage_healed":0.0,"max_hp_gain":0.0,"max_hp_loss":0.0,"gold_gain":73.0,"event_name":"Golden Wing","player_choice":"Gained Gold","floor":13.0,"gold_loss":0.0,"damage_taken":0.0},{"damage_healed":0.0,"max_hp_gain":0.0,"max_hp_loss":0.0,"gold_gain":0.0,"event_name":"Addict","player_choice":"Stole Relic","floor":20.0,"gold_loss":0.0,"damage_taken":0.0,"relics_obtained":["Question Card"],"cards_obtained":["Shame"]},{"damage_healed":0.0,"max_hp_gain":0.0,"max_hp_loss":0.0,"gold_gain":0.0,"event_name":"Colosseum","player_choice":"Fight","floor":24.0,"gold_loss":0.0,"damage_taken":0.0},{"damage_healed":0.0,"max_hp_gain":0.0,"max_hp_loss":0.0,"gold_gain":0.0,"event_name":"Colosseum","player_choice":"Fought Nobs","floor":24.0,"gold_loss":0.0,"damage_taken":0.0},{"damage_healed":0.0,"max_hp_gain":0.0,"max_hp_loss":0.0,"gold_gain":0.0,"event_name":"Back to Basics","player_choice":"Simplicity","floor":27.0,"gold_loss":0.0,"damage_taken":0.0,"cards_upgraded":["Defend_G","Defend_G","Defend_G","Defend_G","Defend_G","Strike_G","Strike_G","Strike_G"]},{"damage_healed":0.0,"max_hp_gain":0.0,"max_hp_loss":0.0,"gold_gain":0.0,"event_name":"Ghosts","player_choice":"Ignored","floor":31.0,"gold_loss":0.0,"damage_taken":0.0},{"damage_healed":0.0,"max_hp_gain":0.0,"max_hp_loss":0.0,"gold_gain":0.0,"event_name":"Winding Halls","player_choice":"Embrace Madness","floor":36.0,"gold_loss":0.0,"damage_taken":13.0,"cards_obtained":["Madness","Madness"]},{"damage_healed":0.0,"max_hp_gain":0.0,"max_hp_loss":0.0,"gold_gain":0.0,"event_name":"SensoryStone","player_choice":"Memory 1","floor":39.0,"gold_loss":0.0,"damage_taken":0.0}],"is_beta":false,"boss_relics":[{"not_picked":["Runic Dome","Fusion Hammer"],"picked":"Cursed Key"},{"not_picked":["White Beast Statue","Calling Bell"],"picked":"Astrolabe"}],"items_purged_floors":[12,22],"is_endless":false,"potions_floor_spawned":[5,11,14,19,24,24,29,45,48],"ascension_level":17}