{"gold_per_floor":[109,23,42,56,68,68,88,88,113,141,141,141,141],"floor_reached":13,"playtime":550,"items_purged":[],"score":136,"play_id":"6fdef9fe-d2e5-41fe-b47f-e9895b577bc2","local_time":"20190130141127","is_ascension_mode":true,"campfire_choices":[{"data":"Chill","floor":6,"key":"SMITH"},{"data":"Hologram","floor":8,"key":"SMITH"},{"floor":11,"key":"REST"}],"neow_cost":"PERCENT_DAMAGE","seed_source_timestamp":1086462727750534,"circlet_count":0,"master_deck":["AscendersBane","Strike_B","Strike_B","Strike_B","Defend_B","Defend_B","Defend_B","Defend_B","Zap","Dualcast","Seek","Chill+1","Panacea","Recycle","Hologram+1","Capacitor"],"relics":["Cracked Core","Smiling Mask","Centennial Puzzle"],"potions_floor_usage":[10,13],"damage_taken":[{"damage":6,"enemies":"2 Louse","floor":1,"turns":3},{"damage":4,"enemies":"Small Slimes","floor":3,"turns":4},{"damage":4,"enemies":"Cultist","floor":4,"turns":3},{"damage":0,"enemies":"2 Fungi Beasts","floor":5,"turns":5},{"damage":1,"enemies":"Large Slime","floor":7,"turns":7},{"damage":23,"enemies":"Lagavulin","floor":10,"turns":8},{"damage":27,"enemies":"Gremlin Nob","floor":13,"turns":3}],"seed_played":"7066655882508885994","potions_obtained":[{"floor":3,"key":"Poison Potion"},{"floor":4,"key":"SpeedPotion"},{"floor":10,"key":"Poison Potion"}],"is_trial":false,"path_per_floor":["M","$","M","M","M","R","M","R","T","E","R","?","E"],"character_chosen":"DEFECT","items_purchased":["Panacea"],"campfire_rested":1,"item_purchase_floors":[2],"current_hp_per_floor":[44,44,40,36,36,36,35,35,35,12,34,27,0],"gold":141,"neow_bonus":"THREE_RARE_CARDS","is_prod":false,"is_daily":false,"chose_seed":false,"campfire_upgraded":2,"win_rate":0,"timestamp":1548875487,"path_taken":["M","$","M","M","M","R","M","R","T","E","R","?","E"],"build_version":"2019-01-23","purchased_purges":0,"victory":false,"max_hp_per_floor":[75,75,75,75,75,75,75,75,75,75,75,75,75],"card_choices":[{"not_picked":["Meteor Strike","Creative AI"],"picked":"Seek","floor":0},{"not_picked":["Turbo","Steam"],"picked":"Chill","floor":1},{"not_picked":["Turbo","Redo","Compile Driver"],"picked":"SKIP","floor":3},{"not_picked":["Lockon","Stack"],"picked":"Recycle","floor":4},{"not_picked":["Go for the Eyes","Ball Lightning"],"picked":"Hologram","floor":5},{"not_picked":["Heatsinks","Leap","Compile Driver"],"picked":"SKIP","floor":7},{"not_picked":["Melter","Hello World"],"picked":"Capacitor","floor":10}],"player_experience":574547,"relics_obtained":[{"floor":9,"key":"Smiling Mask"},{"floor":10,"key":"Centennial Puzzle"}],"event_choices":[{"cards_removed":["Strike_B"],"damage_healed":0,"gold_gain":0,"player_choice":"Card Removal","damage_taken":7,"max_hp_gain":0,"max_hp_loss":0,"event_name":"Golden Wing","floor":12,"gold_loss":0}],"is_beta":false,"boss_relics":[],"items_purged_floors":[],"is_endless":false,"potions_floor_spawned":[3,4,10],"killed_by":"Gremlin Nob","ascension_level":12}