{"gold_per_floor":[214,226,241,251,261,261,277,287,312,332,342,354,354,374,374,473,473,489,499,499],"floor_reached":20,"playtime":861,"items_purged":[],"score":220,"play_id":"f08d3f41-b9c1-4471-b8b2-cf412e0fdffb","local_time":"20190112213754","is_ascension_mode":true,"campfire_choices":[{"data":"Whirlwind","floor":6.0,"key":"SMITH"},{"data":"Body Slam","floor":13,"key":"SMITH"},{"data":"Juggernaut","floor":15,"key":"SMITH"}],"neow_cost":"NONE","seed_source_timestamp":46659360832892,"circlet_count":0,"master_deck":["Strike_R","Strike_R","Strike_R","Strike_R","Strike_R","Defend_R","Defend_R","Defend_R","Defend_R","Bash","Whirlwind+1","Thunderclap","Second Wind","Body Slam+1","Exhume","Wild Strike","Juggernaut+1","Headbutt","Metallicize","Impervious","Havoc+1","Uppercut"],"special_seed":0,"relics":["Burning Blood"],"potions_floor_usage":[],"damage_taken":[{"damage":11.0,"enemies":"Jaw Worm","floor":1.0,"turns":4.0},{"damage":10.0,"enemies":"Small Slimes","floor":2.0,"turns":2.0},{"damage":1.0,"enemies":"Cultist","floor":3.0,"turns":3.0},{"damage":11.0,"enemies":"Exordium Thugs","floor":4.0,"turns":4.0},{"damage":21.0,"enemies":"Exordium Wildlife","floor":5.0,"turns":4.0},{"damage":16.0,"enemies":"Looter","floor":7.0,"turns":4.0},{"damage":2.0,"enemies":"Lots of Slimes","floor":8.0,"turns":3.0},{"damage":0.0,"enemies":"3 Louse","floor":10.0,"turns":4.0},{"damage":5.0,"enemies":"Large Slime","floor":11.0,"turns":6.0},{"damage":11.0,"enemies":"Blue Slaver","floor":12.0,"turns":3.0},{"damage":0,"enemies":"Gremlin Gang","floor":14,"turns":3},{"damage":33,"enemies":"Hexaghost","floor":16,"turns":9},{"damage":35,"enemies":"Chosen","floor":18,"turns":6},{"damage":31,"enemies":"Shell Parasite","floor":19,"turns":7},{"damage":15,"enemies":"Centurion and Healer","floor":20,"turns":3}],"seed_played":"-597337746187018238","potions_obtained":[{"floor":4.0,"key":"Swift Potion"},{"floor":5.0,"key":"Block Potion"},{"floor":8.0,"key":"SkillPotion"},{"floor":10.0,"key":"Swift Potion"},{"floor":14,"key":"GamblersBrew"},{"floor":18,"key":"Explosive Potion"}],"is_trial":false,"path_per_floor":["M","M","M","M","M","R","M","M","T","M","M","M","R","M","R","B",null,"M","M","M"],"character_chosen":"IRONCLAD","items_purchased":[],"campfire_rested":0,"item_purchase_floors":[],"current_hp_per_floor":[75,71,76,71,56,56,46,50,50,56,57,52,52,58,58,31,68,39,14,0],"gold":499,"neow_bonus":"HUNDRED_GOLD","is_prod":false,"is_daily":false,"chose_seed":false,"campfire_upgraded":3,"win_rate":0,"timestamp":1547296674,"path_taken":["M","M","M","M","M","R","M","M","T","M","M","M","R","M","R","BOSS","M","M","M"],"build_version":"2019-01-10","purchased_purges":0,"victory":false,"max_hp_per_floor":[80,80,80,80,80,80,80,80,80,80,80,80,80,80,80,80,80,80,80,80],"card_choices":[{"not_picked":["Iron Wave","Armaments"],"picked":"Whirlwind","floor":1.0},{"not_picked":["Anger","Armaments","Clothesline"],"picked":"SKIP","floor":2.0},{"not_picked":["Iron Wave","Bloodletting"],"picked":"Thunderclap","floor":3.0},{"not_picked":["Pommel Strike","Sever Soul"],"picked":"Second Wind","floor":4.0},{"not_picked":["Shrug It Off","Clothesline"],"picked":"Body Slam","floor":5.0},{"not_picked":["Armaments","Body Slam"],"picked":"Exhume","floor":7.0},{"not_picked":["Havoc","Sword Boomerang"],"picked":"Wild Strike","floor":8.0},{"not_picked":["Body Slam","Armaments"],"picked":"Juggernaut","floor":10.0},{"not_picked":["Armaments","Heavy Blade"],"picked":"Headbutt","floor":11.0},{"not_picked":["Wild Strike","Reckless Charge"],"picked":"Metallicize","floor":12.0},{"not_picked":["Anger","Sword Boomerang","Clothesline"],"picked":"SKIP","floor":14},{"not_picked":["Demon Form","Dark Embrace"],"picked":"Impervious","floor":16},{"not_picked":["Thunderclap","Infernal Blade"],"picked":"Havoc+1","floor":18},{"not_picked":["Disarm","True Grit+1"],"picked":"Uppercut","floor":19}],"player_experience":221052,"relics_obtained":[],"event_choices":[],"is_beta":false,"boss_relics":[{"not_picked":["Ectoplasm","Velvet Choker","Fusion Hammer"]}],"items_purged_floors":[],"is_endless":false,"potions_floor_spawned":[4,5,8,10,14,18],"killed_by":"Centurion and Healer","ascension_level":5}