{"gold_per_floor":[112,112,126,142,159,192,192,212,285,285,360,64,84,84,84,84],"floor_reached":16,"playtime":278,"items_purged":[],"score":100,"play_id":"416b319f-9bb8-4f04-9b7c-26304140f45e","local_time":"20190210124420","is_ascension_mode":false,"campfire_choices":[{"floor":7,"key":"REST"},{"data":"Hemokinesis","floor":10,"key":"SMITH"},{"floor":15,"key":"REST"}],"neow_cost":"NONE","seed_source_timestamp":2031989005424755,"circlet_count":0,"master_deck":["Strike_R","Strike_R","Strike_R","Strike_R","Defend_R","Defend_R","Defend_R","Defend_R","Bash","Sword Boomerang","Hemokinesis","Double Tap","Wild Strike","Seeing Red","Hemokinesis+1","Exhume"],"relics":["Eternal Feather","Mango","Odd Mushroom","Bottled Flame","Magic Flower"],"potions_floor_usage":[6],"damage_taken":[{"damage":10,"enemies":"Cultist","floor":1,"turns":4},{"damage":5,"enemies":"Small Slimes","floor":3,"turns":4},{"damage":3,"enemies":"2 Louse","floor":4,"turns":2},{"damage":19,"enemies":"Exordium Thugs","floor":5,"turns":4},{"damage":39,"enemies":"Lagavulin","floor":6,"turns":6},{"damage":38,"enemies":"The Mushroom Lair","floor":8,"turns":4},{"damage":7,"enemies":"Blue Slaver","floor":13,"turns":3},{"damage":0,"enemies":"The Guardian","floor":16,"turns":1}],"seed_played":"-4166312538737509186","potions_obtained":[{"floor":1,"key":"Poison Potion"},{"floor":5,"key":"Swift Potion"},{"floor":6,"key":"Ancient Potion"}],"is_trial":false,"path_per_floor":["M","?","M","M","M","E","R","?","T","R","?","$","M","$","R","B"],"character_chosen":"IRONCLAD","items_purchased":["Magic Flower"],"campfire_rested":2,"item_purchase_floors":[12],"current_hp_per_floor":[70,70,65,62,43,18,52,14,14,23,14,14,7,7,44,44],"gold":84,"neow_bonus":"BOSS_RELIC","is_prod":false,"is_daily":false,"chose_seed":false,"campfire_upgraded":1,"win_rate":0,"timestamp":1549820660,"path_taken":["M","?","M","M","?","E","R","?","T","R","?","$","M","$","R","BOSS"],"build_version":"2019-01-23","purchased_purges":0,"victory":false,"max_hp_per_floor":[80,80,80,80,80,94,94,94,94,94,94,94,94,94,94,94],"card_choices":[{"not_picked":["Rampage","Clash"],"picked":"Sword Boomerang","floor":1},{"not_picked":["Battle Trance","Perfected Strike"],"picked":"Hemokinesis","floor":3},{"not_picked":["Iron Wave","Warcry"],"picked":"Double Tap","floor":4},{"not_picked":["Feel No Pain","Iron Wave"],"picked":"Wild Strike","floor":5},{"not_picked":["Sentinel","Anger"],"picked":"Seeing Red","floor":6},{"not_picked":["Clash","Cleave"],"picked":"Hemokinesis","floor":8},{"not_picked":["Sword Boomerang","Dropkick"],"picked":"Exhume","floor":13}],"player_experience":714750,"relics_obtained":[{"floor":6,"key":"Mango"},{"floor":8,"key":"Odd Mushroom"},{"floor":9,"key":"Bottled Flame"}],"event_choices":[{"cards_removed":["Strike_R"],"damage_healed":0,"gold_gain":0,"player_choice":"Card Removal","damage_taken":0,"max_hp_gain":0,"max_hp_loss":0,"event_name":"Wheel of Change","floor":2,"gold_loss":0},{"damage_healed":0,"gold_gain":0,"player_choice":"Fought Mushrooms","damage_taken":0,"max_hp_gain":0,"max_hp_loss":0,"event_name":"Mushrooms","floor":8,"gold_loss":0},{"damage_healed":0,"gold_gain":75,"player_choice":"Touch","damage_taken":9,"max_hp_gain":0,"max_hp_loss":0,"event_name":"FaceTrader","floor":11,"gold_loss":0}],"is_beta":false,"boss_relics":[],"items_purged_floors":[],"is_endless":false,"potions_floor_spawned":[1,5,6],"killed_by":"The Guardian","ascension_level":0}