{"gold_per_floor":[112,112,112,62,137,137,166,185,255,265,265,235,235,247,247,343,393,408,421,436,436,452,452],"floor_reached":23,"playtime":1072,"items_purged":[],"score":281,"play_id":"1f8af0ce-7d8e-4756-823a-0ed48a6ef8dd","local_time":"20190209181341","is_ascension_mode":true,"campfire_choices":[{"data":"True Grit","floor":6,"key":"SMITH"},{"data":"Metallicize","floor":11,"key":"SMITH"},{"data":"Inflame","floor":13,"key":"SMITH"},{"data":"Pummel","floor":15,"key":"SMITH"}],"neow_cost":"NONE","seed_source_timestamp":40315270207876,"circlet_count":0,"master_deck":["Strike_R","Strike_R","Strike_R","Strike_R","Defend_R","Defend_R","Defend_R","Defend_R","Bash+1","Evolve","True Grit+1","Metallicize+1","Inflame+1","Pummel+1","Flame Barrier","Offering","Heavy Blade","Ghostly Armor","Seeing Red","Disarm","Shrug It Off"],"relics":["Burning Blood","NeowsBlessing","Bronze Scales","Dodecahedron","Question Card","Tiny House"],"potions_floor_usage":[16,18,20,20,22,23],"damage_taken":[{"damage":0,"enemies":"Small Slimes","floor":1,"turns":1},{"damage":0,"enemies":"Lagavulin","floor":7,"turns":1},{"damage":0,"enemies":"2 Louse","floor":8,"turns":1},{"damage":4,"enemies":"Jaw Worm","floor":10,"turns":4},{"damage":13,"enemies":"Looter","floor":12,"turns":4},{"damage":8,"enemies":"Blue Slaver","floor":14,"turns":4},{"damage":4,"enemies":"The Guardian","floor":16,"turns":15},{"damage":11,"enemies":"Shell Parasite","floor":18,"turns":3},{"damage":20,"enemies":"Chosen","floor":19,"turns":5},{"damage":14,"enemies":"Centurion and Healer","floor":20,"turns":8},{"damage":42,"enemies":"Sentry and Sphere","floor":22,"turns":7},{"damage":22,"enemies":"Slavers","floor":23,"turns":2}],"seed_played":"9156006725854937373","potions_obtained":[{"floor":7,"key":"Ancient Potion"},{"floor":14,"key":"Poison Potion"},{"floor":16,"key":"Fire Potion"},{"floor":17,"key":"PowerPotion"},{"floor":19,"key":"AttackPotion"},{"floor":22,"key":"AttackPotion"}],"is_trial":false,"path_per_floor":["M","?","?","$","?","R","E","M","T","M","R","M","R","M","R","B",null,"M","M","M","?","M","E"],"character_chosen":"IRONCLAD","items_purchased":["True Grit"],"campfire_rested":0,"item_purchase_floors":[4],"current_hp_per_floor":[78,60,60,60,49,49,55,61,61,63,63,56,56,54,54,56,79,74,60,52,52,16,0],"gold":452,"neow_bonus":"THREE_ENEMY_KILL","is_prod":false,"is_daily":false,"chose_seed":false,"campfire_upgraded":4,"win_rate":0,"timestamp":1549764821,"path_taken":["M","?","?","$","?","R","E","M","T","M","R","M","R","M","R","BOSS","M","M","M","?","M","E"],"build_version":"2019-01-23","purchased_purges":0,"victory":false,"max_hp_per_floor":[80,80,80,80,80,80,80,80,80,80,80,80,80,80,80,80,85,85,85,85,85,85,85],"card_choices":[{"not_picked":["Headbutt","Carnage","Dropkick"],"picked":"SKIP","floor":1},{"not_picked":["Pommel Strike","Evolve","Anger"],"picked":"SKIP","floor":7},{"not_picked":["Ghostly Armor","Headbutt"],"picked":"Metallicize","floor":8},{"not_picked":["Metallicize","Shrug It Off","Wild Strike"],"picked":"Inflame","floor":10},{"not_picked":["Combust","Sentinel","Blood for Blood"],"picked":"Pummel","floor":12},{"not_picked":["Hemokinesis","Iron Wave","Heavy Blade"],"picked":"Flame Barrier","floor":14},{"not_picked":["Limit Break","Juggernaut","Reaper"],"picked":"Offering","floor":16},{"not_picked":["Warcry","Dual Wield","Havoc"],"picked":"Heavy Blade","floor":17},{"not_picked":["Twin Strike","True Grit","Warcry"],"picked":"Ghostly Armor","floor":18},{"not_picked":["Cleave+1","Wild Strike","Disarm"],"picked":"Seeing Red","floor":19},{"not_picked":["Clash","Feel No Pain+1","Evolve","Anger"],"picked":"SKIP","floor":20},{"not_picked":["Pommel Strike+1","Clothesline","Havoc"],"picked":"Shrug It Off","floor":22}],"player_experience":316439,"relics_obtained":[{"floor":7,"key":"Dodecahedron"},{"floor":9,"key":"Question Card"}],"event_choices":[{"damage_healed":0,"gold_gain":0,"player_choice":"Success","damage_taken":18,"relics_obtained":["Bronze Scales"],"max_hp_gain":0,"max_hp_loss":0,"event_name":"Scrap Ooze","floor":2,"gold_loss":0},{"damage_healed":0,"gold_gain":0,"cards_transformed":["Strike_R"],"player_choice":"Change","damage_taken":0,"max_hp_gain":0,"max_hp_loss":0,"event_name":"Living Wall","floor":3,"gold_loss":0,"cards_obtained":["Evolve"]},{"damage_healed":0,"gold_gain":75,"player_choice":"Gather Gold","damage_taken":11,"max_hp_gain":0,"max_hp_loss":0,"event_name":"World of Goop","floor":5,"gold_loss":0},{"damage_healed":0,"gold_gain":0,"player_choice":"Read","damage_taken":0,"max_hp_gain":0,"max_hp_loss":0,"event_name":"The Library","floor":21,"gold_loss":0,"cards_obtained":["Disarm"]}],"is_beta":false,"boss_relics":[{"not_picked":["Black Blood","Astrolabe"],"picked":"Tiny House"}],"items_purged_floors":[],"is_endless":false,"potions_floor_spawned":[7,14,16,19,22],"killed_by":"Slavers","ascension_level":6}