{"gold_per_floor":[113,123,198,53,65,65,90,105,153,34,67,17,17,32,32,135,185,202,202,219,219,219,219,252,252,305,305],"floor_reached":27,"playtime":1061,"items_purged":["Strike_B","Strike_B"],"score":419,"play_id":"5246ca40-a819-4c86-b470-2db3f2d951e8","local_time":"20190126184305","is_ascension_mode":true,"campfire_choices":[{"data":"Darkness","floor":6,"key":"SMITH"},{"floor":13,"key":"REST"},{"data":"Hologram","floor":15,"key":"SMITH"},{"data":"Echo Form","floor":23,"key":"SMITH"},{"data":"Dualcast","floor":25,"key":"SMITH"}],"neow_cost":"PERCENT_DAMAGE","seed_source_timestamp":756597468218543,"circlet_count":0,"master_deck":["Defend_B+1","Defend_B","Defend_B+1","Zap","Dualcast+1","White Noise","Conserve Battery","Darkness+1","Conserve Battery","Doom and Gloom+1","Hologram+1","Conserve Battery","Lockon+1","Electrodynamics","Defragment+1","Echo Form+1","Lockon","Glacier","Stack+1","BootSequence"],"relics":["Cracked Core","Ornamental Fan","Smiling Mask","Whetstone","Tiny House","Turnip","War Paint"],"potions_floor_usage":[7,7,7,16,16,17,24,27,27],"damage_taken":[{"damage":1,"enemies":"Cultist","floor":1,"turns":3},{"damage":0,"enemies":"2 Louse","floor":2,"turns":3},{"damage":0,"enemies":"Jaw Worm","floor":5,"turns":3},{"damage":13,"enemies":"3 Sentries","floor":7,"turns":3},{"damage":1,"enemies":"2 Fungi Beasts","floor":8,"turns":3},{"damage":12,"enemies":"Gremlin Nob","floor":11,"turns":3},{"damage":6,"enemies":"Looter","floor":14,"turns":3},{"damage":0,"enemies":"Hexaghost","floor":16,"turns":6},{"damage":33,"enemies":"Chosen","floor":18,"turns":5},{"damage":21,"enemies":"Spheric Guardian","floor":20,"turns":6},{"damage":15,"enemies":"Gremlin Leader","floor":24,"turns":6},{"damage":51,"enemies":"Slavers","floor":27,"turns":5}],"seed_played":"2286205507882539060","potions_obtained":[{"floor":5,"key":"EntropicBrew"},{"floor":7,"key":"Fire Potion"},{"floor":11,"key":"SpeedPotion"},{"floor":16,"key":"Fruit Juice"},{"floor":17,"key":"FairyPotion"},{"floor":24,"key":"EntropicBrew"}],"is_trial":false,"path_per_floor":["M","M","?","$","M","R","E","M","T","$","E","?","R","M","R","B",null,"M","?","M","?","?","R","E","R","T","E"],"character_chosen":"DEFECT","items_purchased":["Doom and Gloom","Lockon"],"campfire_rested":1,"item_purchase_floors":[4,10],"current_hp_per_floor":[49,49,38,38,38,38,25,24,24,24,12,12,34,28,28,28,73,40,40,19,19,47,47,32,32,32,0],"gold":305,"neow_bonus":"TRANSFORM_TWO_CARDS","is_prod":false,"is_daily":false,"chose_seed":false,"campfire_upgraded":4,"win_rate":0,"timestamp":1548546185,"path_taken":["M","M","?","$","M","R","E","M","T","$","E","?","R","M","R","BOSS","M","?","M","?","?","R","E","R","T","E"],"build_version":"2019-01-23","purchased_purges":2,"victory":false,"max_hp_per_floor":[75,75,75,75,75,75,75,75,75,75,75,75,75,75,75,75,85,85,85,85,85,85,85,85,85,85,85],"card_choices":[{"not_picked":["Rebound","Melter"],"picked":"Darkness","floor":1},{"not_picked":["Rebound","Cold Snap"],"picked":"Conserve Battery","floor":2},{"not_picked":["Ball Lightning","Cold Snap"],"picked":"Hologram","floor":5},{"not_picked":["Lockon","Steam Power"],"picked":"Conserve Battery","floor":7},{"not_picked":["Rip and Tear","Go for the Eyes","Rebound"],"picked":"SKIP","floor":8},{"not_picked":["Cold Snap","Barrage"],"picked":"Electrodynamics","floor":11},{"not_picked":["Turbo","Doom and Gloom"],"picked":"Defragment","floor":14},{"not_picked":["Core Surge","Hyperbeam"],"picked":"Echo Form","floor":16},{"not_picked":["Sunder","Steam"],"picked":"Lockon","floor":17},{"not_picked":["Turbo","Barrage"],"picked":"Glacier","floor":18},{"not_picked":["Auto Shields","Leap"],"picked":"Stack+1","floor":20},{"not_picked":["Lockon","Leap"],"picked":"BootSequence","floor":24}],"player_experience":479805,"relics_obtained":[{"floor":7,"key":"Ornamental Fan"},{"floor":9,"key":"Smiling Mask"},{"floor":11,"key":"Whetstone"},{"floor":24,"key":"Turnip"},{"floor":26,"key":"War Paint"}],"event_choices":[{"damage_healed":0,"gold_gain":75,"player_choice":"Gather Gold","damage_taken":11,"max_hp_gain":0,"max_hp_loss":0,"event_name":"World of Goop","floor":3,"gold_loss":0},{"cards_removed":["Defend_B"],"damage_healed":0,"gold_gain":0,"player_choice":"Card Removal","damage_taken":0,"max_hp_gain":0,"max_hp_loss":0,"event_name":"The Cleric","floor":12,"gold_loss":50},{"damage_healed":0,"gold_gain":0,"player_choice":"Ignored","damage_taken":0,"max_hp_gain":0,"max_hp_loss":0,"event_name":"Vampires","floor":19,"gold_loss":0},{"damage_healed":0,"gold_gain":0,"player_choice":"Ignored","damage_taken":0,"max_hp_gain":0,"max_hp_loss":0,"event_name":"The Mausoleum","floor":21,"gold_loss":0},{"damage_healed":28,"gold_gain":0,"player_choice":"Heal","damage_taken":0,"max_hp_gain":0,"max_hp_loss":0,"event_name":"The Library","floor":22,"gold_loss":0}],"is_beta":false,"boss_relics":[{"not_picked":["Eternal Feather","Orrery"],"picked":"Tiny House"}],"items_purged_floors":[4,10],"is_endless":false,"potions_floor_spawned":[5,7,11,14,16,24],"killed_by":"Slavers","ascension_level":9}