{"gold_per_floor":[113,263,263,263,263,263,298,320,320,354,366,393,408,333,333,406,406,424,424,424,31,0,28,28,55,55,55,55,55,75,88,88,164,194,194],"floor_reached":35,"playtime":4659,"items_purged":[],"score":781,"play_id":"b7190e73-b7aa-4c27-a0d8-b0976dcab43d","local_time":"20190127132454","is_ascension_mode":true,"campfire_choices":[{"data":"Zap","floor":6.0,"key":"SMITH"},{"data":"Hologram","floor":15.0,"key":"SMITH"},{"data":"Glacier","floor":29.0,"key":"SMITH"},{"data":"Defragment","floor":32.0,"key":"SMITH"}],"neow_cost":"NONE","seed_source_timestamp":0,"circlet_count":0,"master_deck":["AscendersBane","Defend_B","Defend_B","Defend_B","Defend_B","Zap+1","Dualcast","Double Energy","Defragment+1","Hologram+1","Gash","Gash","Loop","Sweeping Beam","Echo Form","Recycle","Bite","Bite","Bite","Bite","Bite","Scrape","Gash","Capacitor","Glacier+1","RitualDagger","Conserve Battery","Skim","Amplify","Decay","Pain","Injury"],"special_seed":0,"relics":["Cracked Core","NeowsBlessing","Emotion Chip","Incense Burner","Pantograph","Odd Mushroom","Meat on the Bone","Ornamental Fan","Omamori","Nuclear Battery","Art of War","Pen Nib","Blood Vial","Ancient Tea Set","Lantern","Matryoshka","Smiling Mask","Calling Bell","Tiny Chest","Symbiotic Virus","Gambling Chip"],"potions_floor_usage":[],"damage_taken":[{"damage":0.0,"enemies":"2 Louse","floor":1.0,"turns":1.0},{"damage":0.0,"enemies":"3 Sentries","floor":7.0,"turns":1.0},{"damage":0.0,"enemies":"The Mushroom Lair","floor":8.0,"turns":1.0},{"damage":15.0,"enemies":"Lagavulin","floor":10.0,"turns":7.0},{"damage":7.0,"enemies":"Jaw Worm","floor":11.0,"turns":2.0},{"damage":23.0,"enemies":"3 Sentries","floor":12.0,"turns":7.0},{"damage":1.0,"enemies":"Small Slimes","floor":13.0,"turns":2.0},{"damage":15.0,"enemies":"The Guardian","floor":16.0,"turns":11.0},{"damage":43.0,"enemies":"2 Thieves","floor":18.0,"turns":4.0},{"damage":5.0,"enemies":"Gremlin Leader","floor":23.0,"turns":7.0},{"damage":34.0,"enemies":"Slavers","floor":25.0,"turns":3.0},{"damage":13.0,"enemies":"Chosen","floor":30.0,"turns":7.0},{"damage":28.0,"enemies":"Snake Plant","floor":31.0,"turns":6.0},{"damage":38.0,"enemies":"Collector","floor":33.0,"turns":12.0},{"damage":65,"enemies":"3 Darklings","floor":35,"turns":10}],"seed_played":"8330385943027739915","potions_obtained":[{"floor":1.0,"key":"Swift Potion"},{"floor":10.0,"key":"Block Potion"},{"floor":18.0,"key":"SteroidPotion"},{"floor":33.0,"key":"Poison Potion"}],"is_trial":false,"path_per_floor":["M","?","?","?","T","R","E","?","T","E","M","E","M","?","R","B",null,"M","?","?","$","?","E","?","E","T","?","?","R","M","M","R","B",null,"M"],"character_chosen":"DEFECT","items_purchased":["Pen Nib","Scrape","Blood Vial","Gash"],"campfire_rested":0,"item_purchase_floors":[21,21,21,21],"current_hp_per_floor":[64,64,53,53,53,53,53,53,53,38,43,32,43,43,43,53,67,36,36,36,36,36,49,49,35,35,29,29,29,26,24,24,45,48,0],"gold":194,"neow_bonus":"THREE_ENEMY_KILL","is_prod":false,"is_daily":false,"chose_seed":false,"campfire_upgraded":4,"win_rate":0,"timestamp":1548591894,"path_taken":["M","?","?","?","?","R","E","?","T","E","M","E","M","?","R","BOSS","M","?","?","$","?","E","?","E","T","?","?","R","?","M","R","BOSS","M"],"build_version":"2019-01-23","purchased_purges":0,"victory":false,"max_hp_per_floor":[71,71,71,71,71,71,71,71,71,71,71,71,71,71,71,71,71,71,49,49,49,49,49,49,49,49,49,49,49,49,49,49,49,49,49],"card_choices":[{"not_picked":["Conserve Battery","Redo"],"picked":"Double Energy","floor":1.0},{"not_picked":["Leap","Heatsinks"],"picked":"Defragment","floor":7.0},{"not_picked":["Barrage","Rip and Tear"],"picked":"Hologram","floor":8.0},{"not_picked":["Seek","Hologram"],"picked":"Gash","floor":10.0},{"not_picked":["Redo","Turbo"],"picked":"Gash","floor":11.0},{"not_picked":["Scrape","Skim"],"picked":"Loop","floor":12.0},{"not_picked":["Steam","Go for the Eyes"],"picked":"Sweeping Beam","floor":13.0},{"not_picked":["Buffer","Rainbow"],"picked":"Echo Form","floor":16.0},{"not_picked":["Static Discharge","Steam Power"],"picked":"Recycle","floor":18.0},{"not_picked":["Double Energy+1","Ball Lightning"],"picked":"Capacitor","floor":23.0},{"not_picked":["Amplify","Fusion"],"picked":"Glacier","floor":25.0},{"not_picked":["Sweeping Beam","Chaos"],"picked":"Conserve Battery","floor":30.0},{"not_picked":["Turbo","Compile Driver"],"picked":"Skim","floor":31.0},{"not_picked":["Echo Form","Reboot"],"picked":"Amplify","floor":33.0}],"player_experience":596960,"relics_obtained":[{"floor":5.0,"key":"Incense Burner"},{"floor":7.0,"key":"Pantograph"},{"floor":8.0,"key":"Odd Mushroom"},{"floor":9.0,"key":"Meat on the Bone"},{"floor":10.0,"key":"Ornamental Fan"},{"floor":12.0,"key":"Omamori"},{"floor":23.0,"key":"Ancient Tea Set"},{"floor":25.0,"key":"Lantern"},{"floor":26.0,"key":"Matryoshka"},{"floor":34.0,"key":"Tiny Chest"},{"floor":34.0,"key":"Symbiotic Virus"},{"floor":34.0,"key":"Gambling Chip"}],"event_choices":[{"damage_healed":0.0,"max_hp_gain":0.0,"max_hp_loss":0.0,"gold_gain":150.0,"event_name":"Liars Game","player_choice":"AGREE","floor":2.0,"gold_loss":0.0,"damage_taken":0.0,"cards_obtained":["Doubt"]},{"damage_healed":0.0,"max_hp_gain":0.0,"max_hp_loss":0.0,"gold_gain":0.0,"event_name":"Scrap Ooze","player_choice":"Success","floor":3.0,"gold_loss":0.0,"damage_taken":11.0,"relics_obtained":["Emotion Chip"]},{"cards_removed":["Doubt"],"damage_healed":0.0,"max_hp_gain":0.0,"max_hp_loss":0.0,"gold_gain":0.0,"event_name":"Living Wall","player_choice":"Forget","floor":4.0,"gold_loss":0.0,"damage_taken":0.0},{"damage_healed":0.0,"max_hp_gain":0.0,"max_hp_loss":0.0,"gold_gain":0.0,"event_name":"Mushrooms","player_choice":"Fought Mushrooms","floor":8.0,"gold_loss":0.0,"damage_taken":0.0},{"cards_removed":["Strike_B"],"damage_healed":0.0,"max_hp_gain":0.0,"max_hp_loss":0.0,"gold_gain":0.0,"event_name":"The Cleric","player_choice":"Card Removal","floor":14.0,"gold_loss":75.0,"damage_taken":0.0},{"damage_healed":0.0,"max_hp_gain":0.0,"max_hp_loss":22.0,"gold_gain":0.0,"event_name":"Vampires","player_choice":"Became a vampire","floor":19.0,"gold_loss":0.0,"damage_taken":0.0,"cards_obtained":["Bite","Bite","Bite","Bite","Bite"]},{"damage_healed":0.0,"max_hp_gain":0.0,"max_hp_loss":0.0,"gold_gain":0.0,"event_name":"The Mausoleum","player_choice":"Opened","floor":20.0,"gold_loss":0.0,"damage_taken":0.0,"relics_obtained":["Art of War"],"cards_obtained":["Writhe"]},{"damage_healed":0.0,"max_hp_gain":0.0,"max_hp_loss":0.0,"gold_gain":0.0,"event_name":"Masked Bandits","player_choice":"Paid Fearfully","floor":22.0,"gold_loss":31.0,"damage_taken":0.0},{"damage_healed":0.0,"max_hp_gain":0.0,"max_hp_loss":0.0,"gold_gain":0.0,"event_name":"Beggar","player_choice":"Ignored","floor":24.0,"gold_loss":0.0,"damage_taken":0.0},{"damage_healed":0.0,"max_hp_gain":0.0,"max_hp_loss":0.0,"gold_gain":0.0,"event_name":"Nest","player_choice":"Joined the Cult","floor":27.0,"gold_loss":0.0,"damage_taken":6.0,"cards_obtained":["RitualDagger"]},{"damage_healed":0.0,"max_hp_gain":0.0,"max_hp_loss":0.0,"gold_gain":0.0,"event_name":"Addict","player_choice":"Stole Relic","floor":28.0,"gold_loss":0.0,"damage_taken":0.0,"relics_obtained":["Smiling Mask"],"cards_obtained":["Shame"]}],"is_beta":false,"boss_relics":[{"not_picked":["Runic Dome","Fusion Hammer"],"picked":"Nuclear Battery"},{"not_picked":["Orrery","Snecko Eye"],"picked":"Calling Bell"}],"items_purged_floors":[],"is_endless":false,"potions_floor_spawned":[1,10,11,12,18,33],"killed_by":"3 Darklings","ascension_level":15}