{"gold_per_floor":[12,25,41,61,61,95,115,115,115,115,33,48,64,78,78,78],"floor_reached":16,"playtime":602,"items_purged":[],"score":158,"play_id":"f93b89e8-ef1f-497e-8c0a-07ef65df5ba3","local_time":"20190112170900","is_ascension_mode":true,"campfire_choices":[{"data":"Whirlwind","floor":8,"key":"SMITH"},{"data":"Flame Barrier","floor":10,"key":"SMITH"},{"data":"Body Slam","floor":15,"key":"SMITH"}],"neow_cost":"NO_GOLD","seed_source_timestamp":30802970397613,"circlet_count":0,"master_deck":["Strike_R","Strike_R","Strike_R","Strike_R","Strike_R","Defend_R","Defend_R","Defend_R","Defend_R","Bash","Cleave","Whirlwind+1","Shrug It Off","Clash","Decay","Flame Barrier+1","Body Slam+1","Rage","Feel No Pain"],"relics":["Burning Blood"],"potions_floor_usage":[6,16],"damage_taken":[{"damage":5,"enemies":"Small Slimes","floor":1,"turns":3},{"damage":6,"enemies":"Cultist","floor":2,"turns":3},{"damage":7,"enemies":"Jaw Worm","floor":3,"turns":3},{"damage":11,"enemies":"Looter","floor":4,"turns":2},{"damage":21,"enemies":"3 Sentries","floor":6,"turns":7},{"damage":20,"enemies":"Large Slime","floor":7,"turns":7},{"damage":4,"enemies":"3 Louse","floor":12,"turns":4},{"damage":2,"enemies":"Looter","floor":13,"turns":3},{"damage":0,"enemies":"Gremlin Gang","floor":14,"turns":3},{"damage":74,"enemies":"Hexaghost","floor":16,"turns":11}],"seed_played":"-9020501339385912742","potions_obtained":[{"floor":1,"key":"Swift Potion"},{"floor":3,"key":"Dexterity Potion"},{"floor":7,"key":"Poison Potion"},{"floor":12,"key":"Strength Potion"}],"is_trial":false,"path_per_floor":["M","M","M","M","?","E","M","R","T","R","$","M","M","M","R","B"],"character_chosen":"IRONCLAD","items_purchased":["Body Slam","Rage"],"campfire_rested":0,"item_purchase_floors":[11,11],"current_hp_per_floor":[96,96,95,90,90,75,61,61,61,61,61,63,67,73,73,0],"gold":78,"neow_bonus":"TWENTY_PERCENT_HP_BONUS","is_prod":false,"is_daily":false,"chose_seed":false,"campfire_upgraded":3,"win_rate":0,"timestamp":1547280540,"path_taken":["M","M","M","M","?","E","M","R","T","R","?","M","M","M","R","BOSS"],"build_version":"2019-01-10","purchased_purges":0,"victory":false,"max_hp_per_floor":[96,96,96,96,96,96,96,96,96,96,96,96,96,96,96,96],"card_choices":[{"not_picked":["Combust","Disarm"],"picked":"Cleave","floor":1},{"not_picked":["Cleave","Armaments"],"picked":"Whirlwind","floor":2},{"not_picked":["Second Wind","Anger"],"picked":"Shrug It Off","floor":3},{"not_picked":["Pommel Strike","Immolate"],"picked":"Clash","floor":4},{"not_picked":["Havoc","Pummel","Clothesline"],"picked":"SKIP","floor":6},{"not_picked":["Headbutt","Warcry"],"picked":"Flame Barrier","floor":7},{"not_picked":["Combust","Flame Barrier","Reckless Charge"],"picked":"SKIP","floor":12},{"not_picked":["Carnage","Clothesline","Twin Strike"],"picked":"SKIP","floor":13},{"not_picked":["Disarm","Ghostly Armor"],"picked":"Feel No Pain","floor":14}],"player_experience":218953,"relics_obtained":[],"event_choices":[{"damage_healed":0,"gold_gain":0,"player_choice":"Cursed","damage_taken":0,"max_hp_gain":0,"max_hp_loss":0,"event_name":"Wheel of Change","floor":5,"gold_loss":0,"cards_obtained":["Decay"]}],"is_beta":false,"boss_relics":[],"items_purged_floors":[],"is_endless":false,"potions_floor_spawned":[1,3,7,12],"killed_by":"Hexaghost","ascension_level":5}