{"gold_per_floor":[361,311,311,39,55,55,55,68,68,82,82,101,133,146,146,248,248,268,287,287,304,77,111,111,121,147,147,147,194,206,237,249,366,378,406,418,440,469,499,511,67,96,121,121,139,159,159,174,174,174],"floor_reached":50,"playtime":4735,"items_purged":["Strike_B"],"score":598,"play_id":"0bf03527-c5c5-458e-a4ce-216cfc1a9526","local_time":"20180818165259","is_ascension_mode":true,"campfire_choices":[{"data":"Double Energy","floor":6,"key":"SMITH"},{"data":"Zap","floor":11,"key":"SMITH"},{"data":"Redo","floor":15,"key":"SMITH"},{"data":"Dualcast","floor":24,"key":"SMITH"},{"data":"Recycle","floor":28,"key":"SMITH"},{"data":"Tempest","floor":30,"key":"SMITH"},{"floor":32,"key":"REST"},{"floor":40,"key":"REST"},{"data":"Creative AI","floor":44,"key":"SMITH"},{"floor":49,"key":"REST"}],"neow_cost":"PERCENT_DAMAGE","seed_source_timestamp":93631442498554,"circlet_count":0,"master_deck":["Strike_B+1","Strike_B+1","Defend_B+1","Defend_B+1","Defend_B+1","Defend_B+1","Zap+1","Dualcast+1","Hello World","Double Energy+1","Redo+1","Glacier","Conserve Battery","Tempest+1","Static Discharge","Capacitor","Recycle+1","Skim","Creative AI+1","Streamline","Double Energy+1","Enlightenment"],"relics":["Cracked Core","Bag of Marbles","Meat on the Bone","Whetstone","Nuclear Battery","Omamori","Blood Vial","Happy Flower","Cables","MawBank","Cursed Key","Nunchaku","Bottled Lightning","Medical Kit","Juzu Bracelet","Art of War"],"potions_floor_usage":[13,31,42,42,48,50,50],"damage_taken":[{"damage":0,"enemies":"Small Slimes","floor":1,"turns":3},{"damage":3,"enemies":"Jaw Worm","floor":5,"turns":4},{"damage":0,"enemies":"Cultist","floor":8,"turns":3},{"damage":7,"enemies":"Exordium Wildlife","floor":10,"turns":4},{"damage":11,"enemies":"Looter","floor":12,"turns":2},{"damage":0,"enemies":"3 Sentries","floor":13,"turns":9},{"damage":0,"enemies":"2 Fungi Beasts","floor":14,"turns":3},{"damage":38,"enemies":"The Guardian","floor":16,"turns":11},{"damage":14,"enemies":"2 Thieves","floor":18,"turns":4},{"damage":1,"enemies":"Spheric Guardian","floor":19,"turns":4},{"damage":28,"enemies":"Shelled Parasite and Fungi","floor":21,"turns":6},{"damage":21,"enemies":"Book of Stabbing","floor":23,"turns":6},{"damage":5,"enemies":"Centurion and Healer","floor":25,"turns":11},{"damage":17,"enemies":"Snake Plant","floor":31,"turns":4},{"damage":33,"enemies":"Champ","floor":33,"turns":13},{"damage":32,"enemies":"3 Darklings","floor":35,"turns":9},{"damage":19,"floor":36,"turns":9},{"damage":0,"enemies":"3 Shapes","floor":37,"turns":4},{"damage":31,"enemies":"Sphere and 2 Shapes","floor":38,"turns":8},{"damage":3,"enemies":"4 Shapes","floor":39,"turns":5},{"damage":17,"enemies":"2 Orb Walkers","floor":42,"turns":3},{"damage":40,"enemies":"Maw","floor":45,"turns":8},{"damage":0,"enemies":"Spire Growth","floor":46,"turns":4},{"damage":34,"enemies":"3 Darklings","floor":48,"turns":5},{"damage":60,"enemies":"Donu and Deca","floor":50,"turns":7}],"seed_played":"8203820763509227087","potions_obtained":[{"floor":10,"key":"Swift Potion"},{"floor":12,"key":"Energy Potion"},{"floor":13,"key":"PowerPotion"},{"floor":16,"key":"SteroidPotion"},{"floor":33,"key":"Explosive Potion"},{"floor":37,"key":"SkillPotion"},{"floor":42,"key":"PowerPotion"},{"floor":48,"key":"Regen Potion"}],"is_trial":false,"path_per_floor":["M","?","?","$","M","R","$","M","T","M","R","M","E","M","R","B",null,"M","M","?","M","$","E","R","M","T","?","R","T","R","M","R","B",null,"M","?","M","M","M","R","$","E","T","R","M","M","?","M","R"],"character_chosen":"DEFECT","items_purchased":["Bag of Marbles","Hello World","Omamori","Capacitor","Bottled Lightning","Medical Kit"],"campfire_rested":3,"item_purchase_floors":[4,4,22,22,41,41],"current_hp_per_floor":[54,54,59,59,56,56,56,56,56,49,49,50,50,50,50,24,80,66,65,65,49,49,40,40,49,49,49,49,49,49,46,70,51,80,48,43,45,28,39,63,63,48,48,48,22,36,36,16,40,0],"gold":174,"neow_bonus":"TWO_FIFTY_GOLD","is_prod":false,"is_daily":false,"chose_seed":false,"campfire_upgraded":7,"win_rate":0,"timestamp":1534636379,"path_taken":["M","?","?","$","M","R","?","M","T","M","R","M","E","M","R","BOSS","M","M","?","M","$","E","R","M","T","?","R","?","R","M","R","BOSS","M","?","M","M","M","R","?","E","T","R","M","M","?","M","R","BOSS"],"build_version":"2018-08-16","purchased_purges":1,"victory":false,"max_hp_per_floor":[75,75,80,80,80,80,80,80,80,80,80,80,80,80,80,80,80,80,80,80,80,80,80,80,80,80,80,80,80,80,80,80,80,80,80,80,80,80,80,80,80,80,80,80,80,80,80,80,80,80],"card_choices":[{"not_picked":["Stack","FTL","Compile Driver"],"picked":"SKIP","floor":1},{"not_picked":["Compile Driver","Redo"],"picked":"Double Energy","floor":5},{"not_picked":["Compile Driver","Barrage"],"picked":"Redo","floor":8},{"not_picked":["Barrage","Leap"],"picked":"Glacier","floor":10},{"not_picked":["Hologram","Cold Snap"],"picked":"Conserve Battery","floor":12},{"not_picked":["Chill","Redo"],"picked":"Tempest","floor":13},{"not_picked":["Genetic Algorithm","Steam","Conserve Battery"],"picked":"SKIP","floor":14},{"not_picked":["Blizzard","Consume"],"picked":"Static Discharge","floor":18},{"not_picked":["Aggregate","Heatsinks","Stack"],"picked":"SKIP","floor":19},{"not_picked":["Cold Snap+1","Rip and Tear","Consume+1"],"picked":"SKIP","floor":21},{"not_picked":["Steam+1","Ball Lightning","Glacier+1"],"picked":"SKIP","floor":23},{"not_picked":["BootSequence","Sweeping Beam"],"picked":"Recycle","floor":25},{"not_picked":["Rip and Tear","Coolheaded+1"],"picked":"Skim","floor":31},{"not_picked":["Hyperbeam","Multi-Cast"],"picked":"Creative AI","floor":33},{"not_picked":["Chill+1","Skim+1","Sweeping Beam"],"picked":"SKIP","floor":35},{"not_picked":["Melter+1","Leap"],"picked":"Streamline","floor":37},{"not_picked":["Conserve Battery+1","Doom and Gloom","Barrage"],"picked":"SKIP","floor":38},{"not_picked":["Steam+1","Stack"],"picked":"Double Energy+1","floor":39},{"not_picked":["Barrage+1","Stack","Gash+1"],"picked":"SKIP","floor":42},{"not_picked":["Biased Cognition","Compile Driver+1","Loop+1"],"picked":"SKIP","floor":45},{"not_picked":["Turbo","Steam+1","Reprogram+1"],"picked":"SKIP","floor":46},{"not_picked":["Good Instincts","Bandage Up"],"picked":"Enlightenment","floor":47},{"not_picked":["Chill+1","Rebound","Undo"],"picked":"SKIP","floor":48}],"player_experience":215572,"relics_obtained":[{"floor":9,"key":"Meat on the Bone"},{"floor":13,"key":"Whetstone"},{"floor":23,"key":"Blood Vial"},{"floor":26,"key":"Happy Flower"},{"floor":29,"key":"MawBank"},{"floor":36,"key":"Nunchaku"},{"floor":42,"key":"Juzu Bracelet"},{"floor":43,"key":"Art of War"}],"event_choices":[{"event_name":"The Cleric","player_choice":"Card Removal","floor":2,"damage_taken":0},{"event_name":"Big Fish","player_choice":"Donut","floor":3,"damage_taken":0},{"event_name":"Back to Basics","player_choice":"Simplicity","floor":20,"damage_taken":0},{"event_name":"The Mausoleum","player_choice":"Yes","floor":27,"damage_taken":0},{"event_name":"MindBloom","player_choice":"Fight","floor":36,"damage_taken":0},{"event_name":"SensoryStone","player_choice":"Memory 1","floor":47,"damage_taken":0}],"is_beta":false,"boss_relics":[{"not_picked":["Pandora\u0027s Box","Runic Dome"],"picked":"Nuclear Battery"},{"not_picked":["White Beast Statue","Snecko Eye"],"picked":"Cursed Key"}],"items_purged_floors":[4],"is_endless":false,"potions_floor_spawned":[10,12,13,16,18,19,33,37,39,42,48],"killed_by":"Donu and Deca","ascension_level":2}