{"gold_per_floor":[119,119,119,135,145,172,347,347,347,347,12,44,57,92,92,194,194,206,222,422,432,54,86,86,118,118,118],"floor_reached":27,"playtime":1455,"items_purged":["Doubt","Strike_G"],"score":390,"play_id":"c28421e9-092f-4fad-80e5-74a2236936df","local_time":"20190203160328","is_ascension_mode":true,"campfire_choices":[{"data":"Sucker Punch","floor":8,"key":"SMITH"},{"floor":10,"key":"REST"},{"data":"PiercingWail","floor":15,"key":"SMITH"},{"data":"Adrenaline","floor":24,"key":"SMITH"}],"neow_cost":"PERCENT_DAMAGE","seed_source_timestamp":1437914563790194,"circlet_count":0,"master_deck":["Defend_G","Defend_G","Defend_G","Defend_G+1","Defend_G","Strike_G","Strike_G","Strike_G","Strike_G","Survivor","Neutralize+1","Venomology+1","Backstab","Noxious Fumes","Noxious Fumes","Sucker Punch+1","Malaise","PiercingWail+1","Dodge and Roll","Adrenaline+1","Dagger Throw","Prepared","Infinite Blades","Backflip","Infinite Blades","Well Laid Plans+1"],"relics":["Ring of the Snake","Gremlin Horn","Happy Flower","Ninja Scroll","Art of War","Tingsha","Black Star","OrangePellets","Potion Belt","Shuriken","Strawberry","Orichalcum","PreservedInsect"],"potions_floor_usage":[4,5,6,6,12,12,13,14,16,16,16,16,21,23,23,25,25,27,27],"damage_taken":[{"damage":1,"enemies":"2 Louse","floor":1,"turns":4},{"damage":0,"enemies":"Small Slimes","floor":4,"turns":3},{"damage":0,"enemies":"Jaw Worm","floor":5,"turns":3},{"damage":3,"enemies":"Lagavulin","floor":6,"turns":7},{"damage":6,"enemies":"Gremlin Nob","floor":12,"turns":4},{"damage":0,"enemies":"Exordium Wildlife","floor":13,"turns":5},{"damage":12,"enemies":"3 Sentries","floor":14,"turns":7},{"damage":18,"enemies":"Slime Boss","floor":16,"turns":11},{"damage":6,"enemies":"Shell Parasite","floor":18,"turns":7},{"damage":15,"enemies":"Spheric Guardian","floor":19,"turns":5},{"damage":5,"enemies":"Snake Plant","floor":21,"turns":5},{"damage":8,"enemies":"Slavers","floor":23,"turns":7},{"damage":18,"enemies":"Gremlin Leader","floor":25,"turns":6},{"damage":13,"enemies":"Book of Stabbing","floor":27,"turns":3}],"seed_played":"-4537025415702351735","potions_obtained":[{"floor":1,"key":"Dexterity Potion"},{"floor":5,"key":"LiquidBronze"},{"floor":13,"key":"Weak Potion"},{"floor":14,"key":"GhostInAJar"},{"floor":21,"key":"Block Potion"}],"is_trial":false,"path_per_floor":["M","?","?","M","M","E","?","R","T","R","$","E","M","E","R","B",null,"M","M","?","M","$","E","R","E","T","E"],"character_chosen":"THE_SILENT","items_purchased":["Ninja Scroll","OrangePellets","Infinite Blades","Backflip"],"campfire_rested":1,"item_purchase_floors":[11,22,22,22],"current_hp_per_floor":[44,30,30,30,30,27,27,27,27,48,48,42,42,30,30,12,56,50,35,35,30,30,22,22,11,11,0],"gold":118,"neow_bonus":"THREE_RARE_CARDS","is_prod":false,"is_daily":false,"chose_seed":false,"campfire_upgraded":3,"win_rate":0,"timestamp":1549227808,"path_taken":["M","?","?","M","M","E","?","R","T","R","?","E","M","E","R","BOSS","M","M","?","M","?","E","R","E","T","E"],"build_version":"2019-01-23","purchased_purges":2,"victory":false,"max_hp_per_floor":[70,70,70,70,70,70,70,70,70,70,70,70,70,70,70,70,70,70,70,70,70,70,70,70,77,77,77],"card_choices":[{"not_picked":["Envenom","Bullet Time"],"picked":"Venomology","floor":0},{"not_picked":["Accuracy","Bouncing Flask"],"picked":"Backstab","floor":1},{"not_picked":["Bane","Acrobatics"],"picked":"Noxious Fumes","floor":4},{"not_picked":["Dagger Spray","Dagger Throw"],"picked":"Noxious Fumes","floor":5},{"not_picked":["Setup","Dagger Spray"],"picked":"Sucker Punch","floor":6},{"not_picked":["Finisher","Dagger Throw"],"picked":"Malaise","floor":12},{"not_picked":["Calculated Gamble","Dodge and Roll"],"picked":"PiercingWail","floor":13},{"not_picked":["Underhanded Strike","Quick Slash"],"picked":"Dodge and Roll","floor":14},{"not_picked":["Die Die Die","Unload"],"picked":"Adrenaline","floor":16},{"not_picked":["Concentrate","Bane"],"picked":"Dagger Throw","floor":18},{"not_picked":["Poisoned Stab","Bane","Flying Knee"],"picked":"SKIP","floor":19},{"not_picked":["Deflect","Dodge and Roll"],"picked":"Prepared","floor":21},{"not_picked":["Dagger Spray","Backflip"],"picked":"Infinite Blades","floor":23},{"not_picked":["Bane","Phantasmal Killer"],"picked":"Well Laid Plans+1","floor":25}],"player_experience":648868,"relics_obtained":[{"floor":6,"key":"Gremlin Horn"},{"floor":9,"key":"Happy Flower"},{"floor":12,"key":"Art of War"},{"floor":14,"key":"Tingsha"},{"floor":23,"key":"Potion Belt"},{"floor":23,"key":"Shuriken"},{"floor":25,"key":"Strawberry"},{"floor":25,"key":"Orichalcum"},{"floor":26,"key":"PreservedInsect"}],"event_choices":[{"damage_healed":0,"gold_gain":0,"player_choice":"Entered Light","damage_taken":14,"max_hp_gain":0,"max_hp_loss":0,"event_name":"Shining Light","floor":2,"gold_loss":0,"cards_upgraded":["Neutralize","Defend_G"]},{"damage_healed":0,"gold_gain":0,"player_choice":"Grow","damage_taken":0,"max_hp_gain":0,"max_hp_loss":0,"event_name":"Living Wall","floor":3,"gold_loss":0,"cards_upgraded":["Venomology"]},{"damage_healed":0,"gold_gain":175,"player_choice":"AGREE","damage_taken":0,"max_hp_gain":0,"max_hp_loss":0,"event_name":"Liars Game","floor":7,"gold_loss":0,"cards_obtained":["Doubt"]},{"damage_healed":0,"gold_gain":250,"player_choice":"Bet on Owner","damage_taken":0,"max_hp_gain":0,"max_hp_loss":0,"event_name":"The Joust","floor":20,"gold_loss":50}],"is_beta":false,"boss_relics":[{"not_picked":["Runic Dome","Coffee Dripper"],"picked":"Black Star"}],"items_purged_floors":[11,22],"is_endless":false,"potions_floor_spawned":[1,5,13,14,21],"killed_by":"Book of Stabbing","ascension_level":9}