{"gold_per_floor":[110,110,35,35,47,47,60,60,60,74,74,88,88,104,104,104],"floor_reached":16,"playtime":565,"items_purged":["Pain"],"score":175,"play_id":"fb6f3742-2d97-4fff-ab3a-0e9203f60546","local_time":"20190304230152","is_ascension_mode":true,"campfire_choices":[{"data":"Neutralize","floor":6,"key":"SMITH"},{"data":"Leg Sweep","floor":11,"key":"SMITH"},{"floor":13,"key":"REST"},{"floor":15,"key":"REST"}],"neow_cost":"NONE","seed_source_timestamp":246306691336258,"circlet_count":0,"master_deck":["AscendersBane","Defend_G","Defend_G","Defend_G","Defend_G","Strike_G","Strike_G","Strike_G","Survivor+1","Neutralize+1","Eviscerate+1","Infinite Blades+1","Burst+1","Leg Sweep+1","Underhanded Strike","Bullet Time"],"relics":["Astrolabe","WarpedTongs","Dead Branch"],"potions_floor_usage":[],"damage_taken":[{"damage":0,"enemies":"2 Louse","floor":1,"turns":5},{"damage":0,"enemies":"Cultist","floor":5,"turns":6},{"damage":0,"enemies":"Jaw Worm","floor":7,"turns":6},{"damage":29,"enemies":"Lots of Slimes","floor":10,"turns":5},{"damage":4,"enemies":"2 Fungi Beasts","floor":12,"turns":4},{"damage":28,"enemies":"Gremlin Gang","floor":14,"turns":5},{"damage":0,"enemies":"Slime Boss","floor":16,"turns":1}],"seed_played":"5452419666999572231","potions_obtained":[{"floor":1,"key":"SteroidPotion"},{"floor":5,"key":"Swift Potion"},{"floor":12,"key":"Poison Potion"}],"is_trial":false,"path_per_floor":["M","?","$","$","M","R","M","?","T","M","R","M","R","M","R","B"],"character_chosen":"THE_SILENT","items_purchased":[],"campfire_rested":2,"item_purchase_floors":[],"current_hp_per_floor":[59,59,59,59,59,59,59,59,59,30,30,26,45,17,36,36],"gold":104,"neow_bonus":"BOSS_RELIC","is_prod":false,"is_daily":false,"chose_seed":false,"campfire_upgraded":2,"win_rate":0,"timestamp":1551769312,"path_taken":["M","?","?","$","M","R","?","?","T","M","R","M","R","?","R","BOSS"],"build_version":"2019-01-23","purchased_purges":1,"victory":false,"max_hp_per_floor":[66,66,66,66,66,66,66,66,66,66,66,66,66,66,66,66],"card_choices":[{"not_picked":["Catalyst","Poisoned Stab","Blade Dance"],"picked":"SKIP","floor":1},{"not_picked":["Tactician","Sucker Punch","Poisoned Stab"],"picked":"SKIP","floor":5},{"not_picked":["Expertise","Outmaneuver","Deflect"],"picked":"SKIP","floor":7},{"not_picked":["Prepared","Well Laid Plans"],"picked":"Leg Sweep","floor":10},{"not_picked":["Sucker Punch","Blur"],"picked":"Underhanded Strike","floor":12},{"not_picked":["Underhanded Strike","Deflect"],"picked":"Bullet Time","floor":14}],"player_experience":609268,"relics_obtained":[{"floor":9,"key":"Dead Branch"}],"event_choices":[{"damage_healed":0,"gold_gain":0,"player_choice":"Rummage","damage_taken":0,"relics_obtained":["WarpedTongs"],"max_hp_gain":0,"max_hp_loss":0,"event_name":"Accursed Blacksmith","floor":2,"gold_loss":0,"cards_obtained":["Pain"]},{"damage_healed":0,"gold_gain":0,"player_choice":"Upgraded","damage_taken":0,"max_hp_gain":0,"max_hp_loss":0,"event_name":"Upgrade Shrine","floor":8,"gold_loss":0,"cards_upgraded":["Survivor"]}],"is_beta":false,"boss_relics":[],"items_purged_floors":[3],"is_endless":false,"potions_floor_spawned":[1,5,12],"killed_by":"Slime Boss","ascension_level":18}