{"gold_per_floor":[118,133,133,133,58,93,93,119,195,195,221,238,225,244,244,244],"floor_reached":16,"playtime":557,"items_purged":["Strike_B"],"score":192,"play_id":"2c9020a8-5e01-4dd9-87f5-2a5ea4bc50ed","local_time":"20190129223410","is_ascension_mode":true,"campfire_choices":[{"data":"Echo Form","floor":7,"key":"SMITH"},{"data":"Buffer","floor":10,"key":"SMITH"},{"floor":15,"key":"REST"}],"neow_cost":"PERCENT_DAMAGE","seed_source_timestamp":1030209554247155,"circlet_count":0,"master_deck":["AscendersBane","Strike_B","Strike_B","Strike_B","Defend_B","Defend_B+1","Defend_B","Defend_B","Zap","Dualcast","Echo Form+1","Steam+1","Loop","Fusion","Buffer+1","Consume","Redo","Coolheaded","Undo"],"relics":["Cracked Core","Blood Vial","Potion Belt","Ginger"],"potions_floor_usage":[8,11,13],"damage_taken":[{"damage":0,"enemies":"Cultist","floor":1,"turns":3},{"damage":0,"enemies":"Small Slimes","floor":2,"turns":3},{"damage":7,"enemies":"Lagavulin","floor":6,"turns":9},{"damage":20,"enemies":"Gremlin Nob","floor":8,"turns":5},{"damage":20,"enemies":"3 Sentries","floor":11,"turns":12},{"damage":1,"enemies":"2 Louse","floor":12,"turns":4},{"damage":9,"enemies":"Exordium Thugs","floor":13,"turns":4},{"damage":5,"enemies":"Looter","floor":14,"turns":4},{"damage":36,"enemies":"The Guardian","floor":16,"turns":2}],"seed_played":"1208879371883311020","potions_obtained":[{"floor":2,"key":"Dexterity Potion"},{"floor":6,"key":"Swift Potion"},{"floor":12,"key":"Explosive Potion"},{"floor":14,"key":"Energy Potion"}],"is_trial":false,"path_per_floor":["M","M","?","?","$","E","R","E","T","R","E","M","M","M","R","B"],"character_chosen":"DEFECT","items_purchased":[],"campfire_rested":1,"item_purchase_floors":[],"current_hp_per_floor":[50,50,35,60,60,53,53,35,35,35,17,18,11,8,30,0],"gold":244,"neow_bonus":"THREE_RARE_CARDS","is_prod":false,"is_daily":false,"chose_seed":false,"campfire_upgraded":2,"win_rate":0,"timestamp":1548819250,"path_taken":["M","?","?","?","$","E","R","E","T","R","E","?","M","M","R","BOSS"],"build_version":"2019-01-23","purchased_purges":1,"victory":false,"max_hp_per_floor":[75,75,75,75,75,75,75,75,75,75,75,75,75,75,75,75],"card_choices":[{"not_picked":["Buffer","Meteor Strike"],"picked":"Echo Form","floor":0},{"not_picked":["Sweeping Beam","Aggregate"],"picked":"Steam","floor":1},{"not_picked":["Lockon","Heatsinks"],"picked":"Loop","floor":2},{"not_picked":["Melter","Chill"],"picked":"Fusion","floor":6},{"not_picked":["Steam Power","Melter"],"picked":"Buffer","floor":8},{"not_picked":["Beam Cell","Barrage"],"picked":"Consume","floor":11},{"not_picked":["Barrage","Compile Driver"],"picked":"Redo","floor":12},{"not_picked":["Compile Driver","Doom and Gloom"],"picked":"Coolheaded","floor":13},{"not_picked":["White Noise","Steam"],"picked":"Undo","floor":14}],"player_experience":548667,"relics_obtained":[{"floor":6,"key":"Blood Vial"},{"floor":8,"key":"Potion Belt"},{"floor":11,"key":"Ginger"}],"event_choices":[{"damage_healed":0,"gold_gain":0,"player_choice":"Entered Light","damage_taken":15,"max_hp_gain":0,"max_hp_loss":0,"event_name":"Shining Light","floor":3,"gold_loss":0,"cards_upgraded":["Steam","Defend_B"]},{"damage_healed":25,"gold_gain":0,"player_choice":"Banana","damage_taken":0,"max_hp_gain":0,"max_hp_loss":0,"event_name":"Big Fish","floor":4,"gold_loss":0}],"is_beta":false,"boss_relics":[],"items_purged_floors":[5],"is_endless":false,"potions_floor_spawned":[2,6,12,14],"killed_by":"The Guardian","ascension_level":12}