{"gold_per_floor":[118,118,137,156,156,156,5,5,5,5,5,5,5,18,18,120,120,140,140,90,105,115,131,131,131],"floor_reached":25,"playtime":602,"items_purged":["Strike_R"],"score":191,"play_id":"3e434c24-dc4a-4327-8fee-25e816b8804e","local_time":"20190228180148","is_ascension_mode":false,"campfire_choices":[{"data":"Disarm","floor":6,"key":"SMITH"},{"data":"Searing Blow","floor":8,"key":"SMITH"},{"data":"Searing Blow+1","floor":10,"key":"SMITH"},{"data":"Inflame","floor":15,"key":"SMITH"},{"floor":24,"key":"REST"}],"neow_cost":"NONE","seed_source_timestamp":803905081351660,"circlet_count":0,"master_deck":["Strike_R","Strike_R","Strike_R","Defend_R","Defend_R","Defend_R","Defend_R","Bash","Pommel Strike","Searing Blow+2","Disarm+1","Impervious","Inflame+1","Cleave","Immolate","True Grit","Headbutt","Uppercut"],"relics":["Sozu"],"potions_floor_usage":[],"damage_taken":[{"damage":0,"enemies":"Jaw Worm","floor":1,"turns":3},{"damage":1,"enemies":"Cultist","floor":3,"turns":3},{"damage":0,"enemies":"Small Slimes","floor":4,"turns":2},{"damage":0,"enemies":"Exordium Thugs","floor":14,"turns":4},{"damage":17,"enemies":"Hexaghost","floor":16,"turns":9},{"damage":0,"enemies":"Spheric Guardian","floor":18,"turns":3},{"damage":0,"enemies":"Chosen","floor":21,"turns":3},{"damage":17,"enemies":"Snake Plant","floor":22,"turns":5},{"damage":23,"enemies":"Shelled Parasite and Fungi","floor":23,"turns":6},{"damage":9,"enemies":"Centurion and Healer","floor":25,"turns":2}],"seed_played":"-3471593029096534828","potions_obtained":[],"is_trial":false,"path_per_floor":["M","?","M","M","?","R","$","R","T","R","$","?","$","M","R","B",null,"M","?","?","M","M","M","R","M"],"character_chosen":"IRONCLAD","items_purchased":["Inflame"],"campfire_rested":1,"item_purchase_floors":[7],"current_hp_per_floor":[80,80,79,79,79,79,79,79,79,79,79,79,79,79,79,62,80,80,65,65,65,48,25,50,41],"gold":131,"neow_bonus":"BOSS_RELIC","is_prod":false,"is_daily":false,"chose_seed":false,"campfire_upgraded":4,"win_rate":0,"timestamp":1551394908,"path_taken":["M","?","?","M","?","R","$","R","T","R","?","?","$","?","R","BOSS","M","?","?","?","M","M","R","M"],"build_version":"2019-01-23","purchased_purges":1,"victory":false,"max_hp_per_floor":[80,80,80,80,80,80,80,80,80,80,80,80,80,80,80,80,80,80,85,85,85,85,85,85,85],"card_choices":[{"not_picked":["Flex","Body Slam"],"picked":"Pommel Strike","floor":1},{"not_picked":["Thunderclap","Spot Weakness"],"picked":"Searing Blow","floor":3},{"not_picked":["Clothesline","Limit Break"],"picked":"Disarm","floor":4},{"not_picked":["Evolve","Burning Pact"],"picked":"Cleave","floor":14},{"not_picked":["Berserk","Fiend Fire"],"picked":"Immolate","floor":16},{"not_picked":["Body Slam+1","Thunderclap"],"picked":"True Grit","floor":18},{"not_picked":["Thunderclap","Iron Wave"],"picked":"Headbutt","floor":21},{"not_picked":["Sword Boomerang","Corruption"],"picked":"Uppercut","floor":22},{"not_picked":["Searing Blow","Pommel Strike+1","Havoc"],"picked":"SKIP","floor":23}],"player_experience":851757,"relics_obtained":[],"event_choices":[{"damage_healed":0,"gold_gain":0,"player_choice":"Got Potions","damage_taken":0,"max_hp_gain":0,"max_hp_loss":0,"event_name":"Lab","floor":2,"gold_loss":0},{"damage_healed":0,"gold_gain":0,"cards_transformed":["Strike_R"],"player_choice":"Transformed","damage_taken":0,"max_hp_gain":0,"max_hp_loss":0,"event_name":"Transmorgrifier","floor":5,"gold_loss":0,"cards_obtained":["Impervious"]},{"damage_healed":0,"gold_gain":0,"player_choice":"Ignored","damage_taken":0,"max_hp_gain":0,"max_hp_loss":0,"event_name":"WeMeetAgain","floor":12,"gold_loss":0},{"damage_healed":0,"gold_gain":0,"player_choice":"Shed Blood","damage_taken":20,"max_hp_gain":5,"max_hp_loss":0,"event_name":"Forgotten Altar","floor":19,"gold_loss":0},{"damage_healed":0,"gold_gain":0,"player_choice":"Bet on Murderer","damage_taken":0,"max_hp_gain":0,"max_hp_loss":0,"event_name":"The Joust","floor":20,"gold_loss":50}],"is_beta":false,"boss_relics":[{"not_picked":[]}],"items_purged_floors":[7],"is_endless":false,"potions_floor_spawned":[14,22],"killed_by":"Centurion and Healer","ascension_level":0}