{"gold_per_floor":[109,122,135,150,170,170,204,218,218,167,167,167,186,213,213,213],"floor_reached":16,"playtime":619,"items_purged":[],"score":200,"play_id":"e72344f7-3d5e-413d-9005-7cc98789b5d7","local_time":"20190217211852","is_ascension_mode":true,"campfire_choices":[{"floor":6,"key":"REST"},{"floor":12,"key":"REST"},{"floor":15,"key":"REST"}],"neow_cost":"NONE","seed_source_timestamp":420898306132095,"circlet_count":0,"master_deck":["AscendersBane","Strike_B","Strike_B","Strike_B","Defend_B","Defend_B","Defend_B","Defend_B","Zap+1","Dualcast","Streamline","Conserve Battery","Loop","Coolheaded","FTL","Steam","Compile Driver"],"relics":["Cracked Core","Boot","Pear","Bronze Scales"],"potions_floor_usage":[4,5,16,16],"damage_taken":[{"damage":1,"enemies":"Cultist","floor":1,"turns":3},{"damage":9,"enemies":"Jaw Worm","floor":2,"turns":3},{"damage":7,"enemies":"Small Slimes","floor":3,"turns":3},{"damage":8,"enemies":"Exordium Wildlife","floor":4,"turns":4},{"damage":35,"enemies":"Gremlin Gang","floor":5,"turns":5},{"damage":14,"enemies":"Gremlin Nob","floor":7,"turns":4},{"damage":7,"enemies":"Looter","floor":8,"turns":4},{"damage":16,"enemies":"Lots of Slimes","floor":13,"turns":4},{"damage":18,"enemies":"3 Sentries","floor":14,"turns":8},{"damage":37,"enemies":"Slime Boss","floor":16,"turns":8}],"seed_played":"-9077392885834043917","potions_obtained":[{"floor":3,"key":"Weak Potion"},{"floor":4,"key":"Fire Potion"},{"floor":8,"key":"Ancient Potion"},{"floor":13,"key":"Poison Potion"}],"is_trial":false,"path_per_floor":["M","M","M","M","M","R","E","M","T","?","?","R","M","E","R","B"],"character_chosen":"DEFECT","items_purchased":[],"campfire_rested":3,"item_purchase_floors":[],"current_hp_per_floor":[63,54,47,39,4,25,11,4,14,14,14,38,22,4,28,0],"gold":213,"neow_bonus":"UPGRADE_CARD","is_prod":false,"is_daily":false,"chose_seed":false,"campfire_upgraded":0,"win_rate":0,"timestamp":1550456332,"path_taken":["M","M","?","M","M","R","E","M","T","?","?","R","?","E","R","BOSS"],"build_version":"2019-01-23","purchased_purges":0,"victory":false,"max_hp_per_floor":[71,71,71,71,71,71,71,71,81,81,81,81,81,81,81,81],"card_choices":[{"not_picked":["Go for the Eyes","Capacitor"],"picked":"Streamline","floor":1},{"not_picked":["Beam Cell","Barrage"],"picked":"Conserve Battery","floor":2},{"not_picked":["Barrage","Auto Shields"],"picked":"Loop","floor":3},{"not_picked":["Sweeping Beam","Tempest","Streamline"],"picked":"SKIP","floor":4},{"not_picked":["Double Energy","Blizzard"],"picked":"Coolheaded","floor":5},{"not_picked":["Beam Cell","Sweeping Beam"],"picked":"FTL","floor":7},{"not_picked":["Force Field","Darkness"],"picked":"Steam","floor":8},{"not_picked":["Sweeping Beam","Barrage","Scrape"],"picked":"SKIP","floor":13},{"not_picked":["Barrage","Beam Cell"],"picked":"Compile Driver","floor":14}],"player_experience":470243,"relics_obtained":[{"floor":7,"key":"Boot"},{"floor":9,"key":"Pear"},{"floor":14,"key":"Bronze Scales"}],"event_choices":[{"damage_healed":0,"gold_gain":0,"player_choice":"Left Gold","damage_taken":0,"max_hp_gain":0,"max_hp_loss":0,"event_name":"World of Goop","floor":10,"gold_loss":51},{"cards_removed":["Strike_B"],"damage_healed":0,"gold_gain":0,"player_choice":"Purged","damage_taken":0,"max_hp_gain":0,"max_hp_loss":0,"event_name":"Purifier","floor":11,"gold_loss":0}],"is_beta":false,"boss_relics":[],"items_purged_floors":[],"is_endless":false,"potions_floor_spawned":[3,4,8,13,14],"killed_by":"Slime Boss","ascension_level":15}