{"gold_per_floor":[114,114,134,134,147,147,87,87,87,7,20,195,270,288,288,393,393,407,407,423,132,142,142,176,190,190,190,190],"floor_reached":28,"playtime":747,"items_purged":["Strike_R","Strike_R","Bash"],"score":228,"play_id":"d892116a-a925-475f-9ffb-460dad940b1b","local_time":"20190211170533","is_ascension_mode":false,"campfire_choices":[{"data":"Searing Blow","floor":6,"key":"SMITH"},{"data":"Searing Blow+1","floor":8,"key":"SMITH"},{"data":"Searing Blow+2","floor":15,"key":"SMITH"},{"data":"Searing Blow+3","floor":23,"key":"SMITH"},{"floor":27,"key":"REST"}],"neow_cost":"NONE","seed_source_timestamp":2133618242246404,"circlet_count":0,"master_deck":["Strike_R","Defend_R","Defend_R","Defend_R","Hemokinesis","Searing Blow+4"],"relics":["Burning Blood","The Courier","Shovel","Empty Cage","Singing Bowl","Girya","Question Card"],"potions_floor_usage":[16,16,24,24],"damage_taken":[{"damage":9,"enemies":"Jaw Worm","floor":1,"turns":4},{"damage":8,"enemies":"Small Slimes","floor":3,"turns":4},{"damage":3,"enemies":"Cultist","floor":5,"turns":2},{"damage":4,"enemies":"Blue Slaver","floor":11,"turns":5},{"damage":7,"enemies":"3 Louse","floor":14,"turns":5},{"damage":32,"enemies":"Slime Boss","floor":16,"turns":7},{"damage":11,"enemies":"Spheric Guardian","floor":18,"turns":3},{"damage":26,"enemies":"2 Thieves","floor":20,"turns":4},{"damage":24,"enemies":"Snake Plant","floor":22,"turns":4},{"damage":39,"enemies":"Book of Stabbing","floor":24,"turns":4},{"damage":29,"enemies":"Sentry and Sphere","floor":25,"turns":5},{"damage":46,"enemies":"3 Cultists","floor":28,"turns":5}],"seed_played":"3780678952123157804","potions_obtained":[{"floor":11,"key":"FearPotion"},{"floor":14,"key":"AttackPotion"},{"floor":20,"key":"FearPotion"},{"floor":22,"key":"PowerPotion"},{"floor":24,"key":"FairyPotion"}],"is_trial":false,"path_per_floor":["M","?","M","T","M","R","$","R","T","$","M","?","?","M","R","B",null,"M","?","M","$","M","R","E","M","T","R","M"],"character_chosen":"IRONCLAD","items_purchased":["Singing Bowl"],"campfire_rested":1,"item_purchase_floors":[21],"current_hp_per_floor":[77,82,80,80,83,83,83,83,83,83,85,85,74,73,73,47,85,80,80,60,60,44,44,13,9,9,36,0],"gold":190,"neow_bonus":"TRANSFORM_CARD","is_prod":false,"is_daily":false,"chose_seed":false,"campfire_upgraded":4,"win_rate":0,"timestamp":1549922733,"path_taken":["M","?","M","?","M","R","$","R","T","$","M","?","?","M","R","BOSS","M","?","?","$","M","R","E","M","T","R","M"],"build_version":"2019-01-23","purchased_purges":3,"victory":false,"max_hp_per_floor":[80,85,85,85,85,85,85,85,85,85,85,85,85,85,85,85,85,85,85,85,85,87,87,89,91,91,91,91],"card_choices":[{"not_picked":["Pommel Strike","Flex","Shockwave"],"picked":"SKIP","floor":1},{"not_picked":["Heavy Blade","Metallicize"],"picked":"Searing Blow","floor":3},{"not_picked":["Headbutt","Blood for Blood","Iron Wave"],"picked":"SKIP","floor":5},{"not_picked":["Havoc","Battle Trance","Warcry"],"picked":"SKIP","floor":11},{"not_picked":["Flex","Body Slam","Perfected Strike"],"picked":"SKIP","floor":14},{"not_picked":["Havoc","Headbutt","Searing Blow"],"picked":"SKIP","floor":18},{"not_picked":["Clothesline+1","Heavy Blade","Clash"],"picked":"SKIP","floor":20},{"not_picked":["Clash","Metallicize","Dual Wield+1"],"picked":"Singing Bowl","floor":22},{"not_picked":["Exhume","Shockwave","Seeing Red"],"picked":"Singing Bowl","floor":24},{"not_picked":["Flame Barrier","Carnage","Seeing Red"],"picked":"Singing Bowl","floor":25}],"player_experience":742188,"relics_obtained":[{"floor":4,"key":"The Courier"},{"floor":9,"key":"Shovel"},{"floor":24,"key":"Girya"},{"floor":26,"key":"Question Card"}],"event_choices":[{"damage_healed":0,"gold_gain":0,"player_choice":"Donut","damage_taken":0,"max_hp_gain":5,"max_hp_loss":0,"event_name":"Big Fish","floor":2,"gold_loss":0},{"damage_healed":0,"gold_gain":175,"player_choice":"AGREE","damage_taken":0,"max_hp_gain":0,"max_hp_loss":0,"event_name":"Liars Game","floor":12,"gold_loss":0,"cards_obtained":["Doubt"]},{"damage_healed":0,"gold_gain":75,"player_choice":"Gather Gold","damage_taken":11,"max_hp_gain":0,"max_hp_loss":0,"event_name":"World of Goop","floor":13,"gold_loss":0},{"cards_removed":["Defend_R"],"damage_healed":0,"gold_gain":0,"player_choice":"Offered Basic","damage_taken":0,"max_hp_gain":0,"max_hp_loss":0,"event_name":"Bonfire Elementals","floor":19,"gold_loss":0}],"is_beta":false,"boss_relics":[{"not_picked":["Ectoplasm","Coffee Dripper"],"picked":"Empty Cage"}],"items_purged_floors":[7,10,21],"is_endless":false,"potions_floor_spawned":[11,14,20,22,24],"killed_by":"3 Cultists","ascension_level":0}