{"gold_per_floor":[113,5,19,19,19,19,29,64,144,154,154,54,54,83,83,186,186,204,204,223],"floor_reached":20,"playtime":582,"items_purged":["Strike_B","Pain"],"score":228,"play_id":"ba960ea1-0d05-4179-80c4-91bb433d597d","local_time":"20190108092518","is_ascension_mode":true,"campfire_choices":[{"data":"Fusion","floor":6,"key":"SMITH"},{"data":"Loop","floor":11,"key":"SMITH"},{"data":"Self Repair","floor":15,"key":"SMITH"}],"neow_cost":"NONE","seed_source_timestamp":1580486896207292,"circlet_count":0,"master_deck":["Strike_B","Strike_B","Strike_B","Defend_B","Defend_B","Defend_B","Defend_B","Zap","Dualcast","Fusion+1","Self Repair+1","Double Energy","Loop+1","Turbo","Ball Lightning","Melter","Seek","Doom and Gloom","Sunder"],"relics":["Cracked Core","NeowsBlessing","WarpedTongs","Lantern","Gremlin Horn","Dead Branch","Velvet Choker","GremlinMask"],"potions_floor_usage":[8,16],"damage_taken":[{"damage":0,"enemies":"Cultist","floor":1,"turns":1},{"damage":0,"enemies":"2 Louse","floor":3,"turns":1},{"damage":0,"enemies":"Small Slimes","floor":7,"turns":1},{"damage":36,"enemies":"3 Sentries","floor":8,"turns":7},{"damage":17,"enemies":"Red Slaver","floor":10,"turns":4},{"damage":38,"enemies":"Gremlin Nob","floor":14,"turns":4},{"damage":4,"enemies":"Slime Boss","floor":16,"turns":7},{"damage":50,"enemies":"3 Byrds","floor":18,"turns":4},{"damage":12,"enemies":"Chosen","floor":20,"turns":4}],"seed_played":"-7633616299437453573","potions_obtained":[{"floor":7,"key":"PowerPotion"},{"floor":8,"key":"Fire Potion"},{"floor":16,"key":"Block Potion"}],"is_trial":false,"path_per_floor":["M","$","M","?","$","R","M","E","T","M","R","$","?","E","R","B",null,"M","?","M"],"character_chosen":"DEFECT","items_purchased":["Self Repair"],"campfire_rested":0,"item_purchase_floors":[2],"current_hp_per_floor":[75,75,75,75,75,75,75,46,46,36,36,36,61,30,30,36,65,25,25,23],"gold":223,"neow_bonus":"THREE_ENEMY_KILL","is_prod":false,"is_daily":false,"chose_seed":false,"campfire_upgraded":3,"win_rate":0,"timestamp":1546957518,"path_taken":["M","?","?","?","?","R","?","E","T","M","R","$","?","E","R","BOSS","M","?","?"],"build_version":"2019-01-03v4","purchased_purges":2,"victory":false,"max_hp_per_floor":[75,75,75,75,75,75,75,75,75,75,75,75,75,75,75,75,75,75,75,75],"card_choices":[{"not_picked":["Streamline","Coolheaded"],"picked":"Fusion","floor":1},{"not_picked":["Go for the Eyes","Leap"],"picked":"Double Energy","floor":3},{"not_picked":["Gash","Beam Cell"],"picked":"Loop","floor":7},{"not_picked":["Biased Cognition","Ball Lightning"],"picked":"Turbo","floor":8},{"not_picked":["Barrage","Aggregate"],"picked":"Ball Lightning","floor":10},{"not_picked":["Barrage","Steam"],"picked":"Melter","floor":14},{"not_picked":["Buffer","All For One"],"picked":"Seek","floor":16},{"not_picked":["Aggregate","Gash"],"picked":"Doom and Gloom","floor":18},{"not_picked":["Melter","Static Discharge"],"picked":"Sunder","floor":20}],"player_experience":341652,"relics_obtained":[{"floor":8,"key":"Lantern"},{"floor":9,"key":"Gremlin Horn"},{"floor":14,"key":"Dead Branch"}],"event_choices":[{"damage_healed":0,"gold_gain":0,"player_choice":"Rummage","damage_taken":0,"relics_obtained":["WarpedTongs"],"max_hp_gain":0,"max_hp_loss":0,"event_name":"Accursed Blacksmith","floor":4,"gold_loss":0,"cards_obtained":["Pain"]},{"damage_healed":25,"gold_gain":0,"player_choice":"Banana","damage_taken":0,"max_hp_gain":0,"max_hp_loss":0,"event_name":"Big Fish","floor":13,"gold_loss":0},{"damage_healed":0,"gold_gain":0,"player_choice":"Trade","damage_taken":0,"relics_obtained":["GremlinMask"],"max_hp_gain":0,"max_hp_loss":0,"event_name":"FaceTrader","floor":19,"gold_loss":0}],"is_beta":false,"boss_relics":[{"not_picked":["Fusion Hammer","Pandora\u0027s Box"],"picked":"Velvet Choker"}],"items_purged_floors":[2,12],"is_endless":false,"potions_floor_spawned":[7,8,16],"killed_by":"Chosen","ascension_level":5}