{"gold_per_floor":[114,125,145,220,238,271,271,304,331,357,373,391,36,36,36,141,141,159,59,73,88,88,88,288,323,349,349],"floor_reached":27,"playtime":1395,"items_purged":["Strike_G","Regret"],"score":392,"play_id":"f9d0b923-c009-423d-b332-0c64a31f0a57","local_time":"20190131105054","is_ascension_mode":true,"campfire_choices":[{"data":"Neutralize","floor":7,"key":"SMITH"},{"floor":15,"key":"REST"},{"data":"1","floor":23,"key":"LIFT"}],"neow_cost":"NONE","seed_source_timestamp":1159992580935703,"circlet_count":0,"master_deck":["Defend_G","Defend_G","Defend_G","Defend_G","Defend_G","Strike_G","Strike_G","Strike_G","Strike_G","Survivor","Neutralize+1","Underhanded Strike","Underhanded Strike","Underhanded Strike","Underhanded Strike","Slice","Calculated Gamble","Night Terror","Slice","Backflip","After Image","Dagger Throw","Blur","Parasite","Tools of the Trade","Regret","Regret","Underhanded Strike","Blur","Unload"],"relics":["Runic Pyramid","Bag of Marbles","Potion Belt","Ancient Tea Set","Vajra","Calling Bell","Pen Nib","Question Card","Girya","Orichalcum","Happy Flower"],"potions_floor_usage":[6,6,10,16,21,25],"damage_taken":[{"damage":0,"enemies":"Cultist","floor":1,"turns":4},{"damage":1,"enemies":"2 Louse","floor":2,"turns":5},{"damage":1,"enemies":"Jaw Worm","floor":3,"turns":4},{"damage":9,"enemies":"Looter","floor":5,"turns":3},{"damage":5,"enemies":"Lagavulin","floor":6,"turns":5},{"damage":12,"enemies":"Gremlin Nob","floor":8,"turns":4},{"damage":22,"enemies":"Lagavulin","floor":10,"turns":6},{"damage":5,"enemies":"2 Fungi Beasts","floor":11,"turns":2},{"damage":13,"enemies":"Large Slime","floor":12,"turns":4},{"damage":8,"enemies":"Slime Boss","floor":16,"turns":10},{"damage":18,"enemies":"Shell Parasite","floor":18,"turns":6},{"damage":3,"enemies":"Chosen","floor":20,"turns":3},{"damage":3,"enemies":"Snake Plant","floor":21,"turns":5},{"damage":27,"enemies":"Gremlin Leader","floor":25,"turns":8},{"damage":10,"enemies":"Slavers","floor":27,"turns":1}],"seed_played":"7001094452024215645","potions_obtained":[{"floor":2,"key":"AttackPotion"},{"floor":5,"key":"FearPotion"},{"floor":8,"key":"Regen Potion"},{"floor":10,"key":"Block Potion"},{"floor":12,"key":"SpeedPotion"},{"floor":20,"key":"Explosive Potion"}],"is_trial":false,"path_per_floor":["M","M","M","?","M","E","R","E","T","E","M","M","$","?","R","B",null,"M","$","M","M","$","R","?","E","T","E"],"character_chosen":"THE_SILENT","items_purchased":["After Image","Dagger Throw","Blur"],"campfire_rested":1,"item_purchase_floors":[13,13,13],"current_hp_per_floor":[63,62,61,54,45,40,40,28,28,21,16,3,3,20,41,33,61,43,43,40,37,37,37,37,10,10,0],"gold":349,"neow_bonus":"BOSS_RELIC","is_prod":false,"is_daily":false,"chose_seed":false,"campfire_upgraded":1,"win_rate":0,"timestamp":1548949854,"path_taken":["M","M","?","?","?","E","R","E","T","E","M","M","$","?","R","BOSS","M","$","M","M","$","R","?","E","T","E"],"build_version":"2019-01-23","purchased_purges":2,"victory":false,"max_hp_per_floor":[70,70,70,70,70,70,70,70,70,70,70,70,70,70,70,70,70,70,70,70,70,70,70,70,70,70,70],"card_choices":[{"not_picked":["Bane","Flying Knee"],"picked":"Underhanded Strike","floor":1},{"not_picked":["Poisoned Stab","Terror"],"picked":"Underhanded Strike","floor":2},{"not_picked":["Outmaneuver","Catalyst"],"picked":"Underhanded Strike","floor":3},{"not_picked":["Flying Knee","Backflip"],"picked":"Underhanded Strike","floor":5},{"not_picked":["Accuracy","Backflip"],"picked":"Slice","floor":6},{"not_picked":["Catalyst","Slice"],"picked":"Calculated Gamble","floor":8},{"not_picked":["Dodge and Roll","Skewer"],"picked":"Night Terror","floor":10},{"not_picked":["Sucker Punch","Cloak And Dagger"],"picked":"Slice","floor":11},{"not_picked":["Deadly Poison","Skewer"],"picked":"Backflip","floor":12},{"not_picked":["Adrenaline","Burst"],"picked":"Tools of the Trade","floor":16},{"not_picked":["Deflect","Endless Agony","Infinite Blades"],"picked":"Underhanded Strike","floor":18},{"not_picked":["Backflip+1","Underhanded Strike","Bouncing Flask"],"picked":"Blur","floor":20},{"not_picked":["Deflect","All Out Attack","Flying Knee"],"picked":"Unload","floor":21},{"not_picked":["Bane+1","Leg Sweep","Blade Dance","Predator"],"picked":"SKIP","floor":25}],"player_experience":595827,"relics_obtained":[{"floor":6,"key":"Bag of Marbles"},{"floor":8,"key":"Potion Belt"},{"floor":9,"key":"Ancient Tea Set"},{"floor":10,"key":"Vajra"},{"floor":17,"key":"Pen Nib"},{"floor":17,"key":"Question Card"},{"floor":17,"key":"Girya"},{"floor":25,"key":"Orichalcum"},{"floor":26,"key":"Happy Flower"}],"event_choices":[{"damage_healed":0,"gold_gain":75,"player_choice":"Touch","damage_taken":7,"max_hp_gain":0,"max_hp_loss":0,"event_name":"FaceTrader","floor":4,"gold_loss":0},{"damage_healed":17,"gold_gain":0,"player_choice":"Healed and dodged fight","damage_taken":0,"max_hp_gain":0,"max_hp_loss":0,"event_name":"Mushrooms","floor":14,"gold_loss":0,"cards_obtained":["Parasite"]},{"damage_healed":0,"gold_gain":250,"player_choice":"Bet on Owner","damage_taken":0,"max_hp_gain":0,"max_hp_loss":0,"event_name":"The Joust","floor":24,"gold_loss":50}],"is_beta":false,"boss_relics":[{"not_picked":["Ectoplasm","Busted Crown"],"picked":"Calling Bell"}],"items_purged_floors":[13,19],"is_endless":false,"potions_floor_spawned":[2,5,8,10,12,20],"killed_by":"Slavers","ascension_level":9}