{"gold_per_floor":[110,127,137,153,153,153,196,196,196,229,229,252,252,31,31,160,223,236,81,104,104,104,104,117,137,137,172,196,196,221,260,260,260],"floor_reached":33,"playtime":2745,"items_purged":["Strike_R"],"score":392,"play_id":"aff29066-8c41-4dd0-aa40-4112ae6d6390","local_time":"20181019144601","is_ascension_mode":true,"campfire_choices":[{"data":"Metallicize","floor":6,"key":"SMITH"},{"floor":8,"key":"REST"},{"data":"Body Slam","floor":11,"key":"SMITH"},{"data":"Carnage","floor":13,"key":"SMITH"},{"floor":15,"key":"REST"},{"data":"Seeing Red","floor":23,"key":"SMITH"},{"floor":29,"key":"REST"},{"data":"Bash","floor":32,"key":"SMITH"}],"neow_cost":"NONE","seed_source_timestamp":332489232659079,"circlet_count":0,"master_deck":["Strike_R","Strike_R","Strike_R","Strike_R","Defend_R","Defend_R","Defend_R","Defend_R","Bash+1","Metallicize+1","Body Slam+1","Carnage+1","Rupture","Cleave+1","Inflame","Fiend Fire+1","Inflame","Uppercut+1","Feed+1","Dropkick+1","Pummel+1","Rupture","Clash+1","Seeing Red+1","Carnage+1","Body Slam+1","Immolate+1","Hemokinesis+1","Shockwave+1","Spot Weakness","Uppercut+1"],"relics":["Burning Blood","Golden Idol","Dodecahedron","Molten Egg 2","Centennial Puzzle","Tiny House","Anchor","Regal Pillow","Smiling Mask","Bag of Marbles"],"potions_floor_usage":[7,7,16,17,27,33,33,33],"damage_taken":[{"damage":6,"enemies":"2 Louse","floor":1,"turns":4},{"damage":3,"enemies":"Cultist","floor":2,"turns":3},{"damage":20,"enemies":"Jaw Worm","floor":3,"turns":6},{"damage":27,"enemies":"Exordium Thugs","floor":4,"turns":6},{"damage":18,"enemies":"3 Sentries","floor":7,"turns":9},{"damage":28,"enemies":"Gremlin Nob","floor":10,"turns":4},{"damage":9,"enemies":"2 Fungi Beasts","floor":12,"turns":2},{"damage":27,"enemies":"The Guardian","floor":16,"turns":9},{"damage":21,"enemies":"Chosen","floor":18,"turns":5},{"damage":8,"enemies":"Shell Parasite","floor":20,"turns":3},{"damage":0,"enemies":"Centurion and Healer","floor":24,"turns":4},{"damage":15,"enemies":"Chosen and Byrds","floor":25,"turns":4},{"damage":76,"enemies":"Gremlin Leader","floor":27,"turns":6},{"damage":4,"enemies":"Cultist and Chosen","floor":28,"turns":3},{"damage":8,"enemies":"Snake Plant","floor":30,"turns":2},{"damage":23,"enemies":"Slavers","floor":31,"turns":4},{"damage":61,"enemies":"Automaton","floor":33,"turns":8}],"seed_played":"-4597313985000622965","potions_obtained":[{"floor":1,"key":"SpeedPotion"},{"floor":2,"key":"SteroidPotion"},{"floor":4,"key":"Block Potion"},{"floor":16,"key":"Energy Potion"},{"floor":17,"key":"Fruit Juice"},{"floor":18,"key":"Block Potion"},{"floor":20,"key":"GamblersBrew"},{"floor":25,"key":"Weak Potion"},{"floor":30,"key":"Fire Potion"}],"is_trial":false,"path_per_floor":["M","M","M","M","?","R","E","R","T","E","R","M","R","$","R","B",null,"M","$","M","?","?","R","M","M","T","E","M","R","M","E","R"],"character_chosen":"IRONCLAD","items_purchased":["Inflame","Uppercut+1","Anchor"],"campfire_rested":3,"item_purchase_floors":[14,14,19],"current_hp_per_floor":[88,88,74,53,31,31,19,45,45,23,23,20,20,20,46,25,98,87,87,85,85,85,85,95,90,90,20,26,75,73,60,60,0],"gold":260,"neow_bonus":"TEN_PERCENT_HP_BONUS","is_prod":false,"is_daily":false,"chose_seed":false,"campfire_upgraded":5,"win_rate":0,"timestamp":1539974761,"path_taken":["M","M","M","M","?","R","E","R","T","E","R","?","R","$","R","BOSS","M","?","M","?","?","R","M","M","T","E","M","R","?","E","R","BOSS"],"build_version":"2018-10-18","purchased_purges":1,"victory":false,"max_hp_per_floor":[88,88,88,88,88,88,88,88,88,88,88,88,88,88,88,88,98,102,102,102,102,102,102,106,110,110,110,114,114,114,118,118,118],"card_choices":[{"not_picked":["Searing Blow","Clash"],"picked":"Metallicize","floor":1},{"not_picked":["Sentinel","Clothesline"],"picked":"Body Slam","floor":2},{"not_picked":["Perfected Strike","Havoc"],"picked":"Carnage","floor":3},{"not_picked":["Sentinel","True Grit"],"picked":"Rupture","floor":4},{"not_picked":["Thunderclap","Headbutt"],"picked":"Cleave","floor":7},{"not_picked":["Dual Wield","Twin Strike+1"],"picked":"Inflame","floor":10},{"not_picked":["Whirlwind+1","True Grit"],"picked":"Fiend Fire+1","floor":12},{"not_picked":["Bludgeon+1","Offering"],"picked":"Feed+1","floor":16},{"not_picked":["Burning Pact","Feel No Pain"],"picked":"Dropkick+1","floor":17},{"not_picked":["Armaments","Warcry"],"picked":"Pummel+1","floor":18},{"not_picked":["Rage","Warcry"],"picked":"Rupture","floor":20},{"not_picked":["Armaments","Shrug It Off"],"picked":"Body Slam+1","floor":24},{"not_picked":["Flex","Warcry"],"picked":"Immolate+1","floor":25},{"not_picked":["Battle Trance","Havoc"],"picked":"Hemokinesis+1","floor":27},{"not_picked":["Twin Strike+1","Second Wind"],"picked":"Shockwave+1","floor":28},{"not_picked":["Clothesline+1","Cleave+1"],"picked":"Spot Weakness","floor":30},{"not_picked":["Clothesline+1","Shockwave"],"picked":"Uppercut+1","floor":31}],"player_experience":190790,"relics_obtained":[{"floor":7,"key":"Dodecahedron"},{"floor":9,"key":"Molten Egg 2"},{"floor":10,"key":"Centennial Puzzle"},{"floor":26,"key":"Regal Pillow"},{"floor":27,"key":"Smiling Mask"},{"floor":31,"key":"Bag of Marbles"}],"event_choices":[{"damage_healed":0,"gold_gain":0,"player_choice":"Take Damage","damage_taken":22,"relics_obtained":["Golden Idol"],"max_hp_gain":0,"max_hp_loss":0,"event_name":"Golden Idol","floor":5,"gold_loss":0},{"damage_healed":0,"gold_gain":0,"player_choice":"2 cards matched","damage_taken":0,"max_hp_gain":0,"max_hp_loss":0,"event_name":"Match and Keep!","floor":21,"gold_loss":0,"cards_obtained":["Clash","Seeing Red"]},{"damage_healed":0,"gold_gain":0,"player_choice":"Read","damage_taken":0,"max_hp_gain":0,"max_hp_loss":0,"event_name":"The Library","floor":22,"gold_loss":0,"cards_obtained":["Carnage"]}],"is_beta":false,"boss_relics":[{"not_picked":["Ectoplasm","Eternal Feather"],"picked":"Tiny House"}],"items_purged_floors":[14],"is_endless":false,"potions_floor_spawned":[1,2,4,16,18,20,25,30],"killed_by":"Automaton","ascension_level":3}